2152 3234
326 183 358 224 De
372 184 512 226 warranto
526 185 667 230 Matrimonii
856 183 897 228 tta

97 284 214 340 manalis
233 298 281 340 seu
298 285 436 355 ramalia
452 285 530 356 (qaae
549 286 645 343 dicitur
663 287 896 358 consanguinitas),
959 329 962 334 -

97 355 246 424 spiritualis
265 364 293 410 et
309 356 410 425 legalis.

135 444 274 512 accurato
293 437 421 512 ciconus,
451 461 500 500 seu
518 446 747 516 consanguinitas,
776 453 817 501 εει
834 463 896 516 pro·

96 515 235 584 pinquitas
254 530 429 584 personarum
454 517 488 570 ab
514 516 608 572 eodem
626 517 717 586 stipite
735 517 896 572 descenden-

95 587 173 644 tium.

134 658 167 710 In
185 658 414 726 consanguinitate
440 659 493 712 tria
511 657 697 727 distinguenda
714 665 784 728 sunt,
806 661 895 731 saper,

96 728 180 794 tara,
199 728 311 796 madae.

134 798 225 867 &spes
243 799 338 854 dicitnr
362 813 542 868 capersana,
571 815 605 854 ex
632 815 686 868 qua
711 801 829 869 arginem
847 800 895 856 du·

96 877 176 939 cont,
204 871 250 937 qni
273 871 344 925 inter
367 884 397 924 se
416 871 644 939 consanguinitate
668 871 800 927 coniuncti
818 879 894 942 sunt3

95 940 210 1010 perinde
230 949 279 1011 cst,
305 957 340 996 an
357 941 425 995 lnaec
442 957 559 1010 persona
576 943 611 998 sit
628 943 768 1013 masculus,
791 950 839 998 aut
855 942 895 998 le·

83 1013 177 1066 'mina

37 1151 42 1158 .
136 1083 249 1138 θτιιάιιε
266 1087 308 1137 εει
325 1082 464 1152 distantia,
492 1098 562 1151 quae
587 1091 629 1138 est
651 1084 721 1138 inter
738 1085 894 1153 consangui-

97 1169 166 1210 neos
185 1161 213 1208 ει
230 1167 395 1208 communem
413 1155 543 1223 stipitem,
572 1171 589 1208 a
613 1171 666 1222 quo
691 1154 790 1211 ducunt
814 1157 894 1226 origi·

97 1240 175 1292 nem3
192 1223 255 1279 inde
273 1224 371 1293 gradus
388 1233 562 1280 numerantur
578 1228 681 1280 ratione
699 1225 849 1282 distantiae.

134 1296 224 1350 iaaac
237 1302 279 1352 εει
293 1295 367 1364 ordo,
386 1297 443 1351 sive
456 1297 540 1351 series
558 1311 733 1364 personarum
751 1299 784 1352 ab
799 1297 894 1353 eodem

98 1367 191 1435 stipite
204 1367 355 1436 pervarias
370 1368 555 1434 generationes
570 1366 793 1422 descendentium.
808 1370 894 1424 Linea

98 1438 219 1492 diversos
236 1437 339 1508 prodas
355 1437 445 1506 habet,
465 1444 492 1492 et
510 1445 552 1492 est
569 1438 676 1508 duplex,
694 1445 767 1492 recta
785 1447 812 1494 et
829 1441 893 1494 obli·

97 1523 160 1578 pata,
180 1523 228 1563 seu
246 1509 409 1563 collateralia
424 1507 469 1562 vel
487 1509 682 1564 aaaacmsals'c.
719 1510 808 1564 Diaca
819 1516 894 1565 recta
999 1537 1008 1548 -

96 1586 141 1634 est
153 1579 237 1635 series
250 1595 431 1650 personarum,
450 1595 562 1646 quarmn
580 1581 647 1635 aliae
663 1579 696 1634 ab
711 1581 769 1636 aliis
784 1580 892 1636 descen·
919 1613 932 1634 .

12 1657 15 1662 '
97 1649 165 1704 dunt
180 1651 225 1704 vel
242 1650 408 1719 immediate,
434 1659 465 1705 ut
481 1651 529 1704 filii
548 1667 565 1706 a
581 1652 751 1721 parendbus,
776 1652 820 1706 vel
838 1654 893 1706 me·

97 1719 179 1789 diste,
197 1729 227 1777 ut
244 1729 357 1790 nepotes
375 1721 408 1776 ab
423 1723 480 1777 avis
494 1721 538 1776 vel
555 1738 571 1776 a
588 1723 696 1791 proavis
712 1728 761 1776 etc.
781 1730 808 1776 at
825 1723 893 1777 haee

97 1799 140 1847 est
157 1793 200 1847 vel
217 1793 424 1860 mandentium,
443 1808 496 1860 qua
509 1808 604 1862 nempe
618 1793 770 1848 ascenditur
783 1791 818 1847 ad
830 1809 892 1861 pra·

95 1863 239 1932 genitores,
253 1871 357 1932 patrem
371 1870 398 1918 et
410 1872 530 1932 matrem,
543 1863 605 1919 inde
620 1864 655 1918 ad
667 1881 746 1919 avum
761 1871 788 1919 ot
797 1865 892 1934 aviam,

94 1933 157 1990 inde
177 1934 211 1988 sd
228 1951 358 2004 proavum
378 1941 405 1990 ει
422 1936 574 2004 proaviam,
600 1935 662 1990 inde
681 1935 715 1989 ad
733 1935 846 1997 abavum
865 1943 893 1990 et

95 2006 232 2074 abaviam,
259 2005 304 2060 vel
329 2006 558 2073 deaceadmtimc,
586 2023 639 2074 qua
663 2006 833 2061 descenditur
857 2006 892 2062 ad

94 2078 259 2146 progenitos,
278 2077 312 2132 ad
329 2076 413 2130 filium
431 2083 459 2131 ει
475 2076 565 2145 filiam,
589 2078 651 2132 inde
670 2076 705 2132 ad
721 2085 846 2146 nepotem
865 2086 893 2133 ει

94 2147 302 2273 nsspoemleindot
314 2148 354 2272 aul¹
364 2155 539 2272 prboneptotem
555 2155 583 2203 ει
599 2156 764 2218 proneptem,
783 2149 844 2204 inda
858 2148 893 2204 ad

95 2233 201 2286 anepo
229 2234 288 2273 me
320 2235 336 2272 a
372 2233 522 2288 anepem.

131 2290 220 2344 Idaea
239 2290 357 2358 obliqua,
381 2305 430 2344 seu
448 2289 611 2344 catlamals'a
628 2297 670 2344 est
687 2288 761 2359 ordo,
785 2304 834 2344 sau
851 2305 893 2345 se-

94 2361 149 2415 rias
162 2376 346 2430 personarum,
365 2375 434 2428 qaae
452 2361 486 2415 ab
506 2359 599 2415 eodem
619 2360 725 2428 quidem
739 2361 828 2430 stipite
847 2359 892 2414 de·

95 2431 233 2556 εἶειὲῗιιιιι,
251 2432 291 2487 ita
307 2440 405 2501 tamen,
423 2439 454 2486 ut
479 2446 571 2485 aarum
597 2447 652 2486 una
677 2447 731 2485 non
749 2431 894 2487 descendat

95 2519 112 2558 a
174 2510 242 2559 tera.

47 2621 61 2630 “
132 2609 328 2679 Consanguinei
345 2609 513 2665 collaterales
532 2615 608 2664 sunt:

93 2745 99 2756 .
131 2699 156 2769 a)
186 2700 237 2754 Ex
263 2706 368 2768 parte
393 2699 519 2768 patris:
543 2703 713 2766 propatruus
737 2712 786 2752 seu
809 2673 905 2752 irater¹

96 2771 200 2843 proavi,
215 2772 356 2839 proamita
370 2785 418 2826 seu
436 2786 514 2826 soror
526 2771 629 2838 proavi,
642 2775 763 2838 patratas
779 2783 893 2836 maguae

98 2859 147 2902 sau
167 2841 251 2896 irater
269 2841 320 2912 avi,
334 2847 455 2912 patruus
472 2856 521 2898 seu
533 2839 617 2896 irater
630 2840 722 2909 patris,
741 2840 826 2894 amita
844 2852 893 2894 εειι
