2128 3228
226 199 259 238 De
272 199 421 240 brnotionibus
434 200 504 239 sarisa
517 201 543 239 V.
557 201 581 239 ln
595 200 668 241 coena
681 202 775 266 pomini:
861 197 901 240 sta

99 301 164 357 thus
183 301 365 368 inthuribnlo
383 302 440 357 sine
458 301 652 369 benedictione,
669 302 834 358 ministrante
852 317 899 358 na·

99 373 216 426 siculam
234 372 351 427 secando
378 387 412 426 ex
430 371 534 428 clericis
552 371 611 427 sine
630 373 736 431 osculis.
772 373 799 443 4)
824 373 898 429 Cele-

98 443 182 498 brans
200 443 319 498 ascendit
337 444 436 512 gradrm
454 444 555 512 altaris,
573 450 601 498 st
618 442 774 512 genuflexus
793 443 822 497 in
835 461 897 512 sup

97 513 221 584 pedaneo
247 515 367 570 incensat
393 515 443 571 SS.
466 515 666 569 Sacramentum
691 515 720 568 in
744 515 834 571 calice.
872 515 898 585 5)

99 585 205 640 Deinde
224 586 320 654 accipit
338 586 426 640 velum
444 586 594 656 humerale,
620 593 647 640 et
665 599 777 654 surgens
795 584 898 641 accedit

101 656 137 712 ad
154 672 272 711 mensam
292 658 392 727 altaris,
417 656 579 726 genuflectit,
598 657 691 726 surgit,
710 664 738 711 et
755 656 790 710 ad
808 664 898 711 caute·

98 728 153 782 lam
170 727 363 782 firmat‘velum
393 729 482 784 calicis
508 729 591 797 ligula
609 729 695 782 serica
720 727 773 782 albi
792 727 898 786 coloris.

99 797 127 869 6)
153 799 258 868 Accipit
281 800 389 854 calicem
407 800 515 855 sinistre
532 813 582 868 per
598 798 713 868 nodum,
741 798 898 854 submittens

100 883 160 934 eam
178 870 248 939 velo,
277 877 304 925 et
323 870 460 926 dexteram
478 873 555 940 ponit
572 886 654 938 supra
671 869 789 938 calicem,
816 885 899 937 supra

100 957 180 1009 quam
195 941 327 996 secundus
347 943 459 997 clericus
478 940 598 996 extendit
610 942 792 996 extremitates
806 941 901 1007 ambas

98 1012 153 1066 veli
170 1012 322 1068 humeralis.
359 1016 387 1081 7)
406 1013 551 1070 celebrans
575 1029 634 1068 cum
652 1012 734 1068 calice
757 1012 839 1066 vertit
855 1025 897 1066 re-

98 1099 148 1138 nes
167 1084 253 1153 altari,
272 1091 300 1138 et
316 1084 409 1153 incipit
425 1084 558 1153 Hymnum
576 1085 671 1154 Pasage
688 1085 782 1154 lingua
800 1090 851 1138 etc.
869 1085 897 1151 8)

100 1154 260 1209 Proceditur
282 1154 374 1208 ordine
399 1156 521 1222 sequenti
545 1155 580 1209 ad
605 1155 732 1210 sacellum
750 1154 899 1223 sepulchri:

101 1225 237 1279 Vexillum
254 1231 410 1280 consuetum
426 1226 455 1279 in
473 1225 605 1281 delatione
624 1226 671 1280 SS.
690 1226 795 1296 Viatici,
820 1224 898 1280 soda-

101 1295 150 1362 les,
168 1296 213 1350 vel
230 1295 268 1363 pii
285 1295 336 1349 viri
354 1312 413 1350 cum
431 1296 582 1366 luminibus,
606 1313 671 1351 crux
692 1295 898 1365 processionalis

101 1365 193 1420 delata
210 1381 228 1419 a
244 1366 326 1420 tertio
345 1366 455 1436 clerico,
480 1368 581 1436 primus
607 1367 719 1422 clemens
737 1384 796 1422 cum
814 1367 898 1424 thuri·

99 1436 165 1490 bulo
182 1436 343 1506 fumigante,
372 1438 510 1492 celebrans
529 1438 578 1493 sub
596 1438 768 1507 baldachino,
786 1438 829 1492 vel
848 1439 897 1494 sub

102 1506 227 1576 umbella,
248 1513 276 1561 et
290 1523 306 1561 a
319 1507 432 1563 sinistris
445 1509 503 1564 eius
517 1509 649 1564 secundus
662 1509 773 1563 clericus
790 1510 898 1564 elevans

100 1578 185 1633 vestis
204 1579 345 1633 anterioris
371 1580 428 1634 eius
455 1580 650 1649 extremitates,
679 1578 741 1633 dum
764 1579 900 1634 descendit

101 1648 215 1718 gradus,
246 1649 292 1705 rel
319 1650 452 1720 ascendit,
478 1652 622 1706 recitantes
647 1651 781 1720 Hymnum
805 1651 900 1719 Pange

102 1721 198 1789 unpca
216 1727 265 1775 etc¹
300 1721 326 1790 9)
344 1720 388 1774 Ad
405 1721 531 1777 sacellum
545 1738 635 1777 omnes
650 1737 679 1777 se
693 1721 838 1789 disponunt
850 1735 899 1790 per

6 1853 7 1858 η
104 1791 171 1846 duas
189 1799 295 1861 partes,
320 1793 359 1846 ita
383 1799 414 1847 ut
430 1793 616 1849 thuriferarius
641 1800 669 1848 et
693 1792 831 1846 celebrans
849 1791 899 1846 sub

6 1869 9 1882 '
102 1862 263 1917 baldachino
289 1864 394 1930 possint
422 1865 537 1919 transire
567 1879 617 1932 per
643 1863 758 1918 medium
784 1857 898 1917 illorum.

104 1935 148 2002 10)
166 1933 325 1989 Delerentes
337 1935 457 1989 labarum
476 1942 503 1990 et
520 1951 625 1990 crucem
642 1935 739 1990 sistunt
757 1947 772 1988 e
788 1933 899 2002 regione

102 2005 203 2063 sacelli.
242 2008 286 2066 11)
312 2005 456 2062 celebrans
481 2005 601 2062 ascendit
627 2007 711 2060 altaro
738 2006 843 2074 sacelli,
872 2011 900 2059 et

103 2075 215 2145 deponit
233 2077 341 2131 calicem
360 2093 442 2146 supra
459 2077 552 2147 altare,
576 2076 737 2146 genuflectit,
762 2075 900 2132 descendit

103 2149 219 2218 primum
236 2148 363 2217 gradum,
391 2157 418 2202 et
435 2148 592 2217 genuflexus
616 2149 644 2202 in
662 2146 835 2217 suppedaneo
854 2146 899 2200 de-

104 2220 182 2289 ponit
198 2219 285 2274 velum
302 2220 448 2274 humerale,
485 2220 528 2290 12)
546 2220 656 2274 Interim
674 2218 825 2274 deferentes
842 2217 899 2272 bal·

104 2289 245 2345 dachinum
264 2297 403 2358 asportant
419 2290 485 2345 illud
503 2290 538 2345 ad
560 2291 647 2346 locum
667 2305 820 2358 congruum.
856 2288 900 2359 13)

105 2361 250 2417 Celebrans
266 2377 378 2430 surgens
392 2362 505 2430 imponit
522 2362 618 2416 iterum
631 2361 767 2416 incensum
780 2360 808 2413 in
816 2357 900 2414 thuri·

102 2431 167 2487 bulo
183 2434 239 2488 sinc
253 2433 439 2488 benedictione
458 2439 486 2488 et
503 2433 560 2488 sine
579 2433 684 2501 osculis,
703 2438 730 2487 et
743 2429 900 2499 genuflexus

106 2518 188 2571 super
206 2505 378 2573 suppedaneo
398 2503 597 2559 Sacramentum
614 2505 742 2572 incensat,
767 2509 795 2557 et
812 2502 901 2557 clerici

106 2574 257 2630 recitabunt
279 2592 386 2632 versum
413 2575 530 2630 Tantum
550 2591 611 2645 crgo
629 2575 832 2632 Sacramentum
850 2577 902 2629 etc.

34 2673 37 2680 ·
106 2644 150 2713 14)
169 2645 300 2714 Deposito
316 2646 452 2702 thuribulo
466 2647 604 2702 celebrans
617 2647 710 2715 surgit,
733 2643 853 2700 ascendit
866 2642 901 2697 ad

106 2715 199 2784 altare,
218 2715 378 2786 genuflectit,
398 2724 426 2773 et
438 2718 570 2786 accipiens
584 2717 701 2786 calicem,
718 2717 792 2770 illum
807 2729 900 2769 recon-

105 2785 145 2841 dit
162 2786 190 2840 in
209 2788 325 2859 capsula,
344 2789 451 2844 admoto
473 2804 523 2858 per
541 2789 684 2844 secumdum
702 2788 825 2842 clericum
844 2799 901 2840 sca·

10 2871 12 2936 3
102 2857 174 2914 hello
192 2858 313 2930 gradato,
338 2861 361 2916 si
379 2877 447 2930 opus
466 2861 524 2916 erit.
562 2861 605 2932 15)
622 2861 723 2916 lterum
740 2855 903 2927 genuflectit,
