2124 3230
324 176 460 226 oonrpectue
473 175 668 216 commortuum.
857 175 899 220 m

136 277 179 348 11)
198 276 242 332 Ad
260 277 346 332 umbo
361 277 416 332 Per
434 277 556 332 eemdm
573 277 710 334 weram
727 279 765 334 D.
783 279 830 351 N„
848 281 899 336 sed

98 365 153 406 nou
171 348 207 403 ad
224 349 309 403 verba
327 348 416 403 Nolle
433 363 537 418 petoque
550 349 745 417 percuteretur.
846 377 848 384 v

136 419 187 490 12)
199 420 275 474 Inter
287 421 384 490 Aptae
395 419 458 476 Dei.
477 419 570 490 (Rubr.
583 419 659 476 mss.
673 421 714 475 tit
729 423 771 478 10.
789 437 817 475 n.
835 424 854 476 2
870 423 898 478 iu

95 491 178 632 Ῐῖιιἓξ)
198 561 322 631 Seipsum
341 563 450 630 signans
469 577 528 616 cum
546 562 636 617 hostia
659 569 686 618 et
704 562 787 617 calice
805 578 899 618 couse-

98 634 181 689 cratis
206 640 269 688 ante
296 635 474 702 sumptionem
500 633 548 690 SS.
567 633 732 690 sacramenti
756 633 791 688 ed
813 635 899 690 verbe

74 736 77 746 ·
95 705 165 761 Jcea
184 703 287 759 waiet·
304 709 391 763 (versus
404 712 450 764 ss.)
472 703 509 774 (S.
524 705 556 758 R.
573 705 602 760 O.
617 707 661 760 24.
676 704 750 774 Sept
766 705 855 776 1842.)

132 778 167 830 14
195 776 271 829 Inter
289 775 405 830 Placeat
423 783 473 830 etc.
493 775 677 844 (autemus
693 778 734 831 tit.
755 779 797 831 la.
815 793 842 832 n.
862 775 898 846 1.)
986 767 997 782 '

133 849 167 902 15
196 846 242 900 Ad
258 846 336 900 Deos
352 851 416 915 post
433 847 584 901 Bmedicot
599 863 648 902 aas
665 854 715 902 etc.

131 919 177 988 16)
196 919 229 972 In
246 916 307 988 fine,
327 925 469 985 antequam
488 917 521 972 de
541 919 619 972 altari
636 918 783 975 descendit.

132 992 179 1058 17)
197 989 270 1043 Ante
282 988 428 1044 discessum
438 989 472 1044 ab
482 989 568 1058 altori,
583 996 644 1044 aute
653 989 772 1044 infimum
785 988 898 1058 medum

94 1059 256 1131 eiusdem,1)
275 1061 362 1128 capite
377 1075 484 1131 semper
497 1068 599 1128 aperto.
616 1060 655 1127 (S.
671 1062 706 1117 R.
722 1061 752 1120 0.
764 1065 811 1116 28.
824 1062 897 1131 Aup.

94 1134 185 1201 1627„
205 1139 233 1186 et
249 1131 333 1186 Rubr.
352 1131 428 1186 Miss.
446 1132 486 1186 tit.
508 1135 549 1185 12.
567 1147 594 1185 n.
614 1132 651 1200 6.)

131 1202 176 1272 18)
195 1202 239 1256 Ad
258 1201 411 1257 crucifixum
435 1203 464 1256 in
486 1203 619 1271 statutio,
651 1201 695 1272 (ex
720 1203 845 1272 analogia
862 1202 898 1258 ad

91 1273 178 1330 Rubr.
205 1273 281 1330 Miss.
307 1274 348 1328 tit
367 1277 393 1329 2.
411 1290 438 1328 n.
458 1274 508 1344 1.);
533 1273 596 1330 dein
613 1274 721 1330 minima
745 1290 810 1344 erga
827 1275 897 1330 cele-

91 1345 218 1400 brantem
236 1351 392 1412 sequentem
409 1352 541 1414 peretum.

92 1441 126 1499 B.
144 1440 340 1494 Inclinatio
354 1441 524 1510 corporis
537 1439 713 1495 mediate.
728 1438 823 1508 capitis
836 1455 897 1494 cum

130 1527 229 1580 magna
248 1511 422 1566 humerorum
441 1511 599 1566 attractione
616 1509 661 1564 fit:

133 1597 158 1667 1)
178 1595 223 1650 Ad
241 1595 325 1649 verba
337 1595 424 1664 Deus,
442 1601 473 1650 to
487 1611 630 1650 resumens
642 1591 773 1663 usquead
787 1591 898 1650 memus
934 1646 939 1653 .

92 1667 234 1736 inclusive,
254 1666 302 1721 sed
319 1682 374 1721 non
393 1667 427 1721 ad
444 1667 533 1734 Aufer
551 1681 569 1720 a
585 1665 663 1718 nobie
680 1672 730 1719 etc.

130 1739 158 1809 2)
178 1738 222 1793 Ad
240 1739 324 1793 verba
344 1737 461 1792 Oramus
487 1746 514 1793 te
541 1751 626 1804 usque
652 1734 686 1790 ad
705 1751 819 1806 qaorum
836 1734 898 1790 reli-

94 1826 222 1936 wgae'nd
239 1880 323 1934 verba
340 1879 377 1934 Iro
394 1880 493 1948 spirita
510 1877 671 1962 hereditatis
689 1883 741 1933 etc.

131 1955 148 2008 4
179 1951 224 2006 Ad
241 1951 325 2006 verba
343 1949 455 2019 Serape
473 1949 501 2006 S.
522 1951 644 2004 (Frenetes
662 1956 712 2004 eto.

93 2023 159 2150 db)
178 2021 221 2077 Au
239 2023 323 2078 verba
347 2021 465 2077 Sanctae
488 2036 574 2089 usque
602 2019 637 2075 ad
663 2019 826 2076 Benedictus
850 2017 910 2077 ert-'⁴

118 2109 204 2150 usrve.

131 2166 158 2236 6)
177 2163 221 2218 Ad
238 2171 379 2231 utramque
399 2161 641 2222 consecrationem.

131 2238 159 2307 7)
178 2235 222 2291 Ad
239 2243 295 2291 tres
315 2235 459 2289 Orationes
477 2242 539 2289 ante
558 2234 783 2292 Communionem.

132 2309 161 2376 8)
178 2307 224 2364 Ad
241 2306 325 2362 verba
341 2306 468 2373 Domine,
485 2321 541 2360 aaa
558 2321 618 2362 eam
636 2305 743 2376 diaeta

131 2377 159 2450 9)
178 2379 220 2434 Ad
240 2377 459 2434 Commnuionem
476 2393 498 2432 s.
516 2377 631 2434 hostiae.

97 2473 126 2530 0.
145 2474 346 2529 Inclinatio
365 2472 531 2542 corporis
549 2469 732 2541 profonda
747 2471 766 2525 i.
777 2485 800 2524 e.
811 2466 909 2538 tanta,'

146 2554 177 2602 ut
193 2561 288 2601 manus
308 2543 442 2613 pendulae
462 2557 549 2612 genua
568 2544 698 2612 attingere
720 2541 832 2612 possint,
848 2539 895 2594 fit:

132 2627 158 2698 1)
175 2627 208 2683 In
227 2642 338 2684 accessu
356 2623 391 2680 ad
409 2626 502 2696 altana
528 2632 591 2696 post
609 2625 700 2681 datum
716 2623 831 2680 biretum
847 2621 896 2676 mi·

93 2739 254 2753 Μ

114 2790 137 2842 ²)
152 2791 230 2834 Altero
244 2789 385 2841 supponitur,
398 2788 422 2828 tn
436 2799 479 2838 quo
493 2788 530 2832 88.
541 2787 707 2835 incrementum
716 2785 742 2826 ln
752 2782 897 2847 mumulo

150 2853 368 2906 praesumerent.
441 2882 453 2896 ,.
