2138 3226
173 178 215 222 214
425 180 483 230 Ordo
496 182 555 222 vitae
570 183 719 226 commutatis.

174 301 261 356 capax
278 282 386 352 efficior,
408 290 489 351 atque
506 284 710 340 instrumentum
728 284 857 340 musicum
876 301 893 340 e
910 285 973 356 spi,

172 359 227 414 ritu
244 355 379 425 pulsatum
388 354 505 410 divmam
517 355 630 424 gloriam
648 363 675 410 et
692 356 841 425 potentiam
854 372 972 428 canens3

173 444 223 499 per
240 443 287 482 eas
306 426 425 495 corrigar
442 435 471 481 et
488 426 639 494 concinam,
658 434 738 495 atque
753 427 843 483 divim
853 428 971 496 quadam

172 498 356 556 immutatione
375 497 442 552 alius
467 513 502 554 ex
519 498 572 553 alic
598 497 723 554 efficior.“
760 498 801 566 (S.
824 498 973 570 Gregorius

175 573 259 639 Noe.)
278 568 409 624 Eundem
426 568 497 624 forte
515 569 639 625 effectum
656 576 686 626 tn
705 571 812 638 senties,
836 571 859 626 si
877 571 972 627 lectio·

174 659 237 698 nem
255 640 420 711 spiritualem
438 639 579 709 diligenter
600 641 725 698 instituis.
751 670 784 682 -
804 641 866 710 Sed,
885 642 970 711 „quid

176 714 294 785 prodest,
319 711 434 767 lectione
459 713 584 767 continua
607 720 713 780 tempus
737 728 878 782 occupem,
904 714 972 768 San·

175 793 279 841 morum
302 789 380 850 gesta
406 789 434 836 et
458 783 558 851 scripta
575 782 688 852 legendo
706 791 898 854 transcurrere,
917 785 972 840 nisi

176 872 209 912 ea
226 855 307 910 etiam
320 852 484 908 masticando
499 859 527 907 et
537 854 694 910 ruminando
709 871 815 910 succum
825 855 971 926 eliciamus,

176 935 204 984 et
220 923 441 993 transglutienda,
468 939 553 992 usqne
580 925 615 980 ed
642 925 729 982 cordis
760 927 853 982 intima
884 933 972 982 mans·

175 997 319 1065 mittamus,
337 1003 367 1050 ut
385 1009 419 1049 ex
437 994 480 1050 his
498 995 638 1063 diligenter
656 996 854 1054 consideremus
872 1005 973 1052 statum

175 1075 305 1135 nostrum,
323 1072 351 1121 et
369 1066 523 1122 studeamus
542 1082 634 1122 eorum
652 1082 737 1136 opera
750 1083 839 1138 agere,
858 1082 974 1135 quorum

174 1139 247 1194 fecta
265 1138 384 1206 cupimus
402 1137 550 1192 lectitare.“
575 1137 614 1205 (S.
633 1139 814 1207 Bernartius.)
835 1168 869 1178 -
886 1139 974 1194 Mate-

175 1211 244 1266 riam
268 1208 447 1264 meditationis
472 1208 525 1264 diei
549 1208 734 1277 subsequentis
757 1209 913 1278 praevidete
945 1218 975 1266 et

175 1288 345 1352 praeparate.
379 1280 452 1334 Ante
477 1281 627 1334 mutiomm
651 1297 827 1349 praeparare
852 1283 974 1336 cadmum

176 1359 266 1420 tccm3
290 1357 315 1406 ct
337 1351 397 1406 ooli
421 1366 476 1406 csse
502 1353 583 1420 quasi
598 1351 684 1419 lcomo
703 1352 754 1421 qui
770 1357 856 1408 tectu
873 1353 973 1408 Deam.

177 1424 269 1494 (Eruli.
289 1422 340 1493 18.)
359 1451 393 1462 -
413 1422 537 1490 Quotidie
556 1429 631 1478 actm
640 1430 702 1479 tuos
716 1422 819 1478 discute
832 1424 974 1495 curiosius,

177 1502 205 1552 et
222 1496 246 1552 si
263 1503 290 1550 te
303 1494 421 1563 peccatis
433 1494 577 1550 obnoxium
591 1495 715 1563 senseris,
734 1493 769 1548 ed
781 1495 974 1563 poenitentiam

176 1568 229 1624 cito
243 1565 356 1635 confuge
367 1605 373 1620 .
384 1606 392 1622 .
404 1607 428 1622 ..
441 1565 575 1622 Abscinde
590 1566 705 1635 virgulta
717 1565 852 1633 spinarum
864 1565 898 1621 de
908 1581 974 1634 agro

176 1638 264 1694 cordis
281 1638 336 1707 tui,
361 1653 394 1692 oe
412 1635 531 1705 defigant
548 1638 576 1692 in
594 1645 621 1692 te
640 1637 707 1692 altas
725 1636 838 1692 radices.
858 1636 898 1703 (S.
917 1638 975 1692 Βα1

175 1711 255 1767 salius
272 1710 313 1764 M.
331 1708 484 1764 Admonitio
503 1708 539 1763 ad
555 1708 638 1764 filiurn
656 1708 828 1776 spiritualem.
846 1723 920 1765 num,
939 1709 977 1779 8.)

211 1783 246 1836 X.
265 1781 315 1836 Pie
332 1780 486 1838 decom.
504 1780 604 1835 Lectus
622 1785 650 1834 et
663 1794 770 1835 somnus
789 1779 899 1834 cuilibet
916 1795 973 1834 nae·

175 1853 288 1907 moriam
305 1851 398 1906 momis
423 1858 451 1906 et
475 1851 610 1918 sepulchri
632 1856 767 1906 revocent.
790 1849 823 1904 ln
839 1850 910 1905 lectu
928 1850 976 1906 de·

177 1922 330 1978 cumbcntes
348 1922 425 1977 brevi
443 1922 573 1990 oratione,
600 1921 667 1976 Jesu
692 1929 719 1976 et
736 1920 840 1976 Mariae
859 1921 976 1978 nominis
1058 1911 1059 1980 ζ

175 1993 353 2062 invocatione,
368 1993 472 2048 animae
482 1992 718 2061 commendatione,
733 1993 879 2061 quasiipsa
891 2001 977 2048 nocte

176 2065 327 2120 immineret
344 2079 416 2119 mors
434 2064 564 2133 proxima,
583 2064 659 2132 signo
678 2065 764 2118 crucis
777 2063 849 2118 diem
861 2063 977 2120 feliciter
1058 2097 1059 2100 =

177 2135 300 2204 claudite,
320 2135 392 2190 etin
410 2150 476 2204 pace
494 2135 602 2190 Domini
622 2151 683 2190 cum
700 2135 855 2204 piamentis
874 2136 976 2204 cogita·

176 2208 264 2274 tione,
289 2221 349 2262 cum
366 2206 412 2274 pia
430 2206 510 2261 animi
530 2205 671 2262 affectione
689 2205 860 2274 requiescite.
901 2206 978 2274 Quae

177 2277 313 2345 cogitatio,
332 2283 379 2332 aut
396 2291 466 2345 quae
484 2276 590 2333 affectio
612 2293 662 2333 vos
683 2285 745 2334 ante
760 2292 881 2332 somnum
899 2293 978 2332 occu·

176 2349 290 2418 paverit,
309 2347 480 2404 hauddubie
498 2357 561 2417 post
579 2363 700 2404 somnum
726 2349 874 2416 occupabit.
895 2377 929 2390 ·-
949 2349 979 2404 Si

176 2435 227 2489 per
243 2427 350 2474 nomem
368 2419 508 2488 contigerit
533 2419 669 2488 evigilare,
695 2419 730 2476 ad
747 2420 835 2474 Deum
861 2427 980 2476 mentem

177 2498 207 2548 et
223 2491 339 2547 animum
365 2491 478 2560 elevate,
502 2500 534 2546 ut
557 2507 607 2546 vos
631 2491 665 2546 ab
689 2491 809 2560 insidiis,
835 2491 980 2559 malignius

176 2570 299 2631 tempore
317 2570 446 2618 nocturno
465 2562 576 2632 paratis,
594 2569 668 2618 tutos
686 2577 845 2631 acsecurcs,
864 2577 917 2631 ope
935 2561 977 2617 di·

177 2634 248 2703 'm'
266 2634 418 2703 praestetis.
427 2703 470 2746 rm
482 2701 577 2754 suctu«
590 2701 729 2746 mosmos

213 2775 235 2832 Ι.
269 2775 401 2845 Aliquam
433 2775 665 2842 morimarusam
698 2779 822 2830 correcte.
869 2773 976 2830 Memor

177 2846 271 2904 moniti
290 2846 317 2902 il.
337 2846 444 2902 Basiliis
461 2846 501 2907 M.
538 2845 661 2916 „Vigiliis
678 2845 776 2915 copula
792 2845 929 2916 ieiunium,
947 2850 979 2902 ut
