2138 3226
348 165 405 208 Ordo
418 166 477 206 vitae
490 165 639 209 sacerdotatis.
851 163 893 206 197

98 266 164 322 mine
182 274 213 322 et
232 273 328 322 eatena
344 283 399 324 non
416 270 587 336 constringat.
620 267 749 337 Apprime
766 271 892 325 memine-

98 338 154 394 ritis
171 355 223 394 voa
248 339 276 392 in
294 339 465 395 Sacramento
489 341 674 395 Poenitentiae
695 346 787 394 tenere
804 341 892 396 locum

98 408 202 479 Christi,
222 425 326 478 vosque
353 411 411 466 eius
433 412 540 466 nominc
566 419 593 466 ct
618 412 775 465 auctoritate
797 427 892 479 gerere

97 480 165 536 vices
183 481 289 550 iudicis,
307 481 410 550 medici,
428 483 512 551 patris
531 499 563 536 ac
576 483 708 551 pastoris3
726 481 840 550 ideoque
858 483 893 538 ad

98 552 243 621 edendam,
261 553 437 622 prudentiam,
452 555 597 623 carimtem,
611 553 784 622 vigilantiam,
802 553 892 621 probi·

96 627 176 678 tatem
204 639 258 692 ope
290 623 380 679 divina
409 625 609 694 comparandas,
635 632 729 693 utpote
756 625 818 678 huic
845 625 892 678 mi-

96 692 205 750 nisterio
228 694 370 749 admodum
386 697 561 766 necessarias,
579 695 700 752 sedulam
718 711 828 764 operam
845 696 893 749 im·

96 765 211 832 pendite.
223 767 254 834 1)·
264 766 390 821 Divinum
403 767 587 822 Poenitentiae
601 767 765 821 Sacramenti
783 766 894 821 admini-

98 836 197 892 strandi
214 837 331 908 modum,
355 853 404 893 seu
422 838 538 893 divinam
557 839 702 893 animarum
720 839 821 893 morbis
837 853 893 892 mc-

97 905 175 962 dendi
199 915 286 963 artem
310 925 344 963 ex
362 909 515 979 Scriptura,
539 910 653 964 maxime
673 925 689 964 e
706 925 777 965 novo
797 910 892 965 Testa-

96 985 199 1048 mento,
229 995 264 1034 ex
291 979 431 1048 Conciliis,
458 982 572 1036 mamme
603 995 637 1035 ex
663 981 834 1048 Tridentino,
866 985 895 1035 et

97 1049 215 1106 eiusdem
241 1051 352 1124 Consilii
378 1051 560 1122 Gatechismo,
586 1067 620 1106 ex
642 1053 741 1108 sanetis
757 1052 892 1122 Patribus,

98 1133 130 1174 ex
146 1123 256 1178 monitis
283 1123 368 1178 sancti
392 1122 481 1177 Caroli
500 1123 534 1177 ad
553 1123 743 1193 confessarios,
770 1140 804 1178 ex
828 1122 893 1178 defi·

98 1191 242 1248 ultionibus
261 1194 399 1262 ecclesiae,
418 1209 453 1249 ex
469 1195 584 1250 Ritualis
601 1194 715 1249 Romani
731 1195 839 1264 regulis,
859 1210 893 1250 ex

97 1263 271 1329 probatorum
289 1271 427 1320 auctorum
445 1265 567 1320 doctrina
591 1265 747 1335 depromere
773 1266 893 1322 studiose

98 1335 217 1404 peteme.
244 1335 324 1405 „Non
341 1335 419 1390 facile
438 1337 488 1392 sibi
506 1336 644 1406 suadeant,
663 1337 735 1404 quod
753 1338 818 1392 satis
835 1335 894 1392 ido·

97 1419 160 1461 neos
178 1406 215 1461 ad
228 1413 332 1461 tantum
344 1424 440 1463 munus
458 1423 488 1464 se
505 1407 619 1464 reddere
637 1409 742 1477 possint
760 1409 817 1463 sine
836 1408 893 1462 din·

98 1481 173 1531 turno
193 1477 284 1533 studio
303 1479 430 1534 scientiae
455 1480 578 1548 moralis,
603 1495 653 1547 pro
678 1495 732 1547 qua
750 1487 822 1534 certe
839 1493 894 1532 non

98 1545 199 1618 sufficit,
219 1549 335 1616 aliquem
352 1565 509 1618 percurrere
527 1551 683 1604 summulam
701 1565 801 1619 eorum,
825 1563 895 1617 quae

98 1618 330 1689 circumferuntur,
355 1634 405 1676 nec
431 1622 497 1676 satis
525 1629 580 1690 est,
605 1621 740 1689 generalia
763 1620 896 1689 principia

98 1687 174 1746 hrains
192 1690 329 1746 lacidtatis
347 1693 416 1748 scire
433 1699 464 1747 ut
478 1692 593 1761 paridam,
612 1692 665 1760 qui,
684 1692 815 1747 casuistas
832 1706 895 1745 con·

99 1765 255 1831 temnentes,
281 1763 459 1818 luctatorum
477 1771 604 1832 arrogant
621 1763 672 1818 sibi
689 1779 794 1832 nomen,
819 1769 895 1816 autu·

100 1834 198 1888 ment.“
228 1832 268 1900 (S.
286 1834 347 1903 Irip.
366 1835 411 1888 lio.
435 1838 460 1889 6.
478 1840 556 1889 tract
575 1839 601 1889 4.
624 1851 652 1888 a.
672 1837 744 1902 628.)
781 1833 895 1904 „Nullus

101 1903 279 1960 confessarius
300 1905 476 1960 intermittere
500 1905 580 1961 debet
607 1906 761 1973 theologiae
787 1905 896 1960 moralis

100 1975 229 2044 studium,
254 1976 317 2042 quia
335 1991 369 2031 ex
392 1984 433 2031 tot
456 1977 537 2032 rebus
563 1984 619 2031 tam
645 1976 758 2032 diversis
782 1984 809 2032 et
826 1978 897 2031 inter

100 2059 127 2099 se
150 2047 318 2115 disparibus,
346 2063 415 2114 quac
440 2047 474 2101 ad
497 2049 566 2102 hanc
590 2049 727 2104 scientiam
751 2047 894 2117 pertinent,

100 2117 190 2187 mmm,
210 2119 331 2186 quamvis
344 2119 421 2189 lecta,
441 2120 504 2186 quia
515 2120 603 2175 rarius
617 2119 747 2188 accidunt,
765 2119 894 2188 temporis

98 2200 242 2258 progressu
267 2204 282 2243 e
307 2198 395 2245 ments
420 2189 560 2258 decidunt,
588 2205 642 2258 qua
666 2190 700 2244 de
730 2207 760 2246 re
788 2195 896 2259 oportet

99 2272 203 2330 semper
215 2259 351 2328 frequenti
364 2261 452 2316 studio
471 2277 518 2316 eas
530 2262 559 2314 in
572 2263 726 2316 memoriam
738 2259 894 2317 revocare.“

99 2349 257 2364 *-

119 2382 138 2438 l)
152 2385 263 2491 ,zii’aroichi
278 2395 357 2490 purges
371 2385 399 2425 ed
412 2385 690 2490 primemdtllclanlessionem‚
711 2387 829 2490 praecipue}
842 2395 895 2491 vop?

147 2462 161 2491 e
195 2461 222 2500 pr
233 2461 289 2490 mam
328 2461 488 2490 ommuniouem
524 2463 529 2488 1
548 2462 589 2500 gen
609 2463 674 2491 ssime
697 2462 835 2502 praeparem.
883 2461 895 2490 e

148 2518 224 2557 antem
239 2517 294 2556 baec
307 2518 378 2566 prime
389 2517 502 2557 confessio
512 2517 571 2556 ultra
584 2528 666 2557 nonum
680 2529 761 2556 annum
775 2517 895 2561 differatur,

148 2583 227 2623 stricte
240 2583 388 2632 probibemus,
410 2583 442 2622 Ac
455 2583 563 2631 deinceps,
577 2582 681 2631 quamdiu
694 2582 781 2622 scholas
795 2581 895 2630 trequen-

146 2650 211 2696 tant,
232 2647 325 2696 singulis
338 2648 486 2686 trimestrlbns
503 2647 530 2686 ad
545 2646 707 2687 contessionem
721 2646 844 2687 taciendam
857 2643 894 2684 ad·

151 2713 245 2753 ducendi
259 2713 332 2755 sunt.“
347 2712 416 2761 (Ooac.
429 2725 487 2763 prov.
501 2712 545 2756 θοι.
558 2725 606 2763 pap.
621 2711 681 2760 132.)
696 2713 771 2758 Quoad
785 2712 820 2752 Sd.
835 2711 895 2753 eom.

150 2787 173 2820 st
186 2779 298 2819 viaticum
314 2779 388 2829 pneris
399 2779 494 2819 (laudm
510 2780 549 2818 cir.
559 2777 638 2822 Bened
648 2777 709 2818 XIV.
724 2779 750 2818 de
765 2779 815 2827 Syn.
827 2777 895 2819 dioec.

149 2845 188 2886 lib.
204 2843 224 2886 7.
238 2856 284 2895 cap.
300 2842 333 2885 12.
347 2855 369 2885 n.
384 2842 444 2885 1-3.
