2124 3230
308 165 340 206 Dc
355 167 423 208 missa
437 165 561 208 Pcntltlcsll
575 167 672 209 solemni.
853 167 894 210 859

84 285 116 326 se
135 268 274 340 genuflexi
286 270 423 325 hincinde
438 267 597 326 elateribus
612 271 776 341 subdiaconi,
797 281 890 330 tenen·

83 343 120 397 tis
140 349 283 411 patenam,
310 342 355 396 vel
379 344 402 397 si
426 343 511 411 magis
536 341 714 412 commodum,
743 343 777 397 ad
804 344 890 400 latera

84 414 191 470 altaris.
219 414 296 468 Tunc
309 429 374 468 vero
389 429 489 482 omnes,
502 421 558 468 tam
570 415 598 467 in
613 414 703 482 choro,
719 429 798 482 quam
813 423 889 472 exms

84 484 286 554 genuflectunt,
314 492 422 552 praeter
450 492 573 539 cantores
598 485 714 555 Saucius
742 492 888 556 cantantes,

83 557 275 624 presbyterum
312 557 481 610 assistentem
517 564 544 610 et
571 556 698 610 diaconos
725 557 890 627 assistentes,

84 626 230 681 diaconum
248 634 276 680 et
294 627 496 697 subdiaconum,
525 627 571 695 qui
594 644 649 681 non
675 628 726 682 nisi
745 643 804 681 cum
822 628 891 683 cele·

84 697 184 754 brente
202 697 392 766 genuflectunt.

122 770 259 838 Tempore
278 771 416 838 utriusque
435 769 599 837 elevationis,
626 768 822 838 thuriferarius,
840 770 887 824 im-

84 841 176 908 posito
190 841 271 894 thure
291 841 320 894 in
341 841 513 908 thuribulum,
534 839 669 895 thurificat
689 841 889 896 Sacramentum

85 912 216 980 Corporis
236 919 263 966 et
282 912 422 980 Sanguinis
440 912 561 980 Domini,
589 919 632 966 ter
658 929 707 980 pro
728 927 888 980 unoquoque

86 982 188 1040 ducens
213 984 387 1040 thuribulum.
423 984 537 1037 Elerato
563 983 748 1053 Sacramenta,
775 984 888 1039 ministri

86 1053 190 1108 famalia
203 1054 334 1108 babentes
349 1062 469 1123 surgunt,
488 1062 515 1108 et
528 1054 605 1109 factis
623 1055 718 1110 debitis
731 1057 890 1112 reverentiis

87 1125 236 1194 discedunt,
255 1141 286 1179 ac
299 1124 401 1180 funalia
414 1135 491 1179 extra
499 1127 695 1194 presbyterium
709 1128 889 1197 exstinguunt,

6 1213 7 1232 ³
86 1197 138 1252 nisi
151 1197 239 1250 Missa
257 1197 292 1251 sit
310 1197 343 1250 de
357 1197 495 1266 Reperiam,
513 1198 557 1250 vel
575 1197 696 1251 facienda
715 1199 749 1252 sit
764 1199 885 1252 Commu-

85 1268 138 1337 nio,
159 1269 224 1335 quia
241 1274 305 1321 tunc
322 1275 460 1322 remanent
478 1267 612 1336 genuflexi
629 1284 714 1335 usque
733 1268 768 1322 ad
785 1268 887 1324 finitam

87 1339 321 1406 Communionem,
350 1347 377 1393 st
393 1341 495 1408 pariter
512 1346 575 1394 tunc
593 1355 685 1394 omnes
703 1347 829 1409 surgunt,
860 1347 889 1396 et

87 1417 158 1465 stant
176 1426 263 1477 usque
283 1410 317 1464 ad
336 1411 553 1465 Communionem
570 1411 707 1464 inclusive.

120 1481 215 1535 Prima
233 1479 359 1536 Oratione
377 1489 440 1550 post
457 1483 553 1550 Apaas
565 1482 622 1536 Det
639 1481 717 1549 dicta,
735 1481 886 1550 Episcopus

88 1553 226 1607 osculatur
245 1553 337 1621 altare,
357 1563 384 1607 et
398 1553 444 1607 dat
460 1569 554 1621 pacem
568 1553 726 1620 presbytero
741 1553 884 1621 assistenti,

90 1624 212 1679 similiter
231 1623 348 1679 diaconis
363 1624 556 1692 assistentibus,
573 1624 622 1678 sed
639 1624 714 1691 prius
732 1622 844 1676 diacosm
863 1630 890 1677 et

88 1695 268 1763 subdiacono,
300 1696 323 1749 si
339 1712 394 1749 non
412 1697 447 1750 sit
473 1694 584 1749 daturus
607 1695 646 1748 eis
664 1693 888 1748 communionem.

86 1765 233 1834 Presbyter
261 1767 388 1822 assistens
413 1764 568 1834 genuflectit
591 1773 618 1819 et
642 1765 777 1819 osculatur
803 1765 887 1818 altare

86 1845 230 1905 antequam
248 1853 342 1904 pacem
368 1837 401 1891 ab
419 1838 555 1905 Episcopo
574 1837 694 1904 recipiat,
718 1837 801 1890 ceteri
822 1852 886 1912 vero

86 1907 269 1978 genuflectunt
291 1910 367 1976 prius
394 1916 422 1962 et
444 1915 507 1976 post
532 1915 593 1962 ante
613 1907 661 1965 SS.
680 1906 887 1978 Sacramentum,

87 1997 141 2035 non
158 1987 250 2032 tamen
268 1980 421 2034 osculantur
439 1980 532 2034 altare.

123 2052 192 2105 Post
210 2050 359 2106 ablutiones
372 2051 524 2119 Episcopus
544 2048 672 2104 accedeus
686 2050 713 2102 in
727 2065 810 2104 cornu
823 2050 888 2119 Epi·

90 2122 175 2176 stolae
201 2122 298 2189 accipit
322 2123 427 2176 mitram
452 2138 468 2175 a
493 2122 603 2176 diacono
630 2128 657 2175 et
680 2121 754 2175 lavat
777 2137 888 2190 manus3

6 2203 7 2262 ,
90 2194 167 2248 tersis
186 2207 252 2246 vero
270 2193 400 2261 manibus,
420 2193 530 2261 deponit
541 2193 654 2261 mitram,
674 2200 701 2246 et
718 2194 889 2260 prosequitur

6 2271 7 2296 l
90 2262 209 2318 Missam.
228 2264 374 2332 Presbyter
392 2264 520 2320 assistens
538 2263 666 2318 transfert
682 2263 779 2318 librum
798 2280 832 2318 ex
849 2265 887 2317 la·

90 2340 146 2390 tere
164 2335 307 2402 Evangelii
325 2335 360 2388 ml
377 2335 448 2390 latus
464 2336 613 2404 Epistulae,
631 2335 684 2390 nisi
701 2336 754 2389 iam
772 2335 885 2390 translu-

90 2412 132 2461 tus
148 2404 231 2460 fuerit
248 2422 265 2458 a
283 2405 404 2463 diacono.

124 2477 204 2531 Dicto
223 2478 337 2531 Placeat
354 2478 411 2545 tabi,
430 2481 525 2531 acacia
545 2478 674 2544 Trinitas,
694 2483 744 2530 etc.
776 2476 888 2544 Episco·
973 2530 977 2538 ,

91 2563 139 2616 pus
156 2555 269 2616 accepta
286 2549 373 2616 mitra,
391 2550 419 2602 et
437 2556 510 2604 stans
528 2548 557 2602 in
574 2548 662 2602 medio
681 2547 772 2601 altaris
790 2547 887 2615 pollice

91 2617 216 2674 dexterae
235 2635 329 2674 manus
348 2619 446 2674 format
456 2620 507 2674 sibi
516 2620 620 2688 signum
633 2619 717 2673 crucis
727 2619 755 2671 in
768 2624 887 2686 pectore,

91 2698 210 2744 cantans:
231 2689 274 2744 Sit
291 2707 388 2744 aoruca
406 2691 520 2744 Domita¹
537 2691 710 2756 benedictam,
728 2689 834 2742 interim
852 2688 887 2742 si·

91 2761 200 2816 nistram
209 2777 291 2830 super
301 2762 379 2816 altari
392 2763 518 2829 retinens,
538 2769 565 2816 et
579 2761 642 2816 dum
656 2761 763 2814 achoro
774 2773 886 2825 respon·

92 2830 167 2887 detur
190 2832 240 2886 Ea
261 2832 310 2887 boc
334 2849 407 2888 aaut
431 2839 564 2902 statque
587 2834 617 2886 ia
641 2831 784 2897 saeculam,
804 2829 887 2882 etiam
