2128 3228
276 187 309 228 De
322 188 459 228 iunctionlbu
460 187 552 228 ssorlae
564 188 603 232 iv
617 177 725 232 cinerum.
862 185 901 229 tat

107 289 255 360 ecclesiam,
274 291 297 346 si
316 297 392 346 extra
406 306 469 350 eam
482 306 651 374 processum
658 289 716 360 tirit,
735 290 803 345 ιιι
795 307 824 344 m
840 291 900 360 ipso

8 417 9 422 ,
107 332 284 416 cancellorum
302 362 488 431 presbyterii'
480 377 610 446 mgressu,
630 362 654 416 si
672 361 809 430 processio
829 363 901 418 intus

106 433 246 488 ecclesiam
263 439 374 502 peracta
391 432 448 500 fuit,
476 434 604 488 recitatur
616 432 826 500 Responsorrum
852 432 901 487 Ob-

105 504 226 558 uderaat
243 509 290 562 etc.
309 503 379 573 (pag.
394 504 465 573 683.)
493 504 520 573 8)
535 504 653 560 Clericus
666 520 726 558 cum
739 518 818 558 cruce
829 502 902 558 facta

107 581 170 629 ante
189 575 273 629 altare
292 574 486 645 genuflexione,
515 575 625 644 deponit
643 591 702 629 eam
719 576 747 628 in
764 575 824 629 loco
843 590 900 630 suo.

105 648 133 716 9)
153 646 297 702 Celebrant
316 646 431 702 absolvit
447 646 658 715 Responscrium
678 653 739 700 ante
759 645 851 700 altare.

140 721 208 772 Art.
227 721 256 772 5.
280 720 328 770 De
341 721 443 771 Missa
453 722 526 782 post
538 722 778 782 processionem.
803 716 828 785 1)
846 716 901 770 Ab·

106 788 195 844 soluto
212 789 403 857 Responsorio‚
429 789 531 857 primus
549 789 660 844 clericus
678 788 789 843 resumit
805 786 901 842 cande·

104 861 146 915 las
165 875 181 914 a
199 860 352 915 celebrante
371 867 398 915 et
415 861 525 930 clericis,
544 861 696 929 exstinguit,
716 865 744 914 ιι
766 865 857 914 servat
873 859 901 913 in

104 931 248 986 credentia.
284 934 315 1000 2)
339 931 483 986 Celebrans
506 931 577 986 facta
594 931 745 986 reverentia
763 930 841 984 altari
859 945 901 984 ac·

105 1002 177 1057 cedit
195 1002 229 1056 ad
246 1003 355 1072 planum
368 1003 535 1072 Epistolae
527 1021 555 1057 ιι
568 1004 636 1074 ιοιο,
655 1003 701 1058 ιιι
713 1003 803 1058 alias
794 1000 902 1056 sedetur

14 1125 16 1132 ,
106 1074 134 1128 ιι
152 1073 237 1128 Missa
255 1073 379 1142 solemni,
406 1081 434 1128 ιι
459 1089 510 1142 per
532 1091 627 1130 manus
650 1073 759 1130 secundi
784 1079 812 1127 et
828 1073 902 1127 tertii

107 1145 197 1200 elerici
215 1144 325 1212 deponit
341 1145 459 1212 pluviale
478 1151 506 1199 et
523 1147 617 1201 stolam
635 1146 789 1213 violaceam,
813 1149 842 1198 et
858 1159 901 1198 ao·

107 1216 172 1283 cipit
185 1215 357 1298 manipulum,
371 1216 474 1284 stolam,
494 1221 522 1269 et
534 1217 680 1284 planetam
682 1216 779 1271 coloris
793 1215 854 1284 albi,
878 1215 902 1270 si

105 1287 192 1341 Missa
210 1287 261 1340 erit
278 1285 312 1339 de
330 1286 415 1340 Beata
432 1255 534 1355 Μιιιι,
554 1287 627 1357 alias,
646 1287 769 1355 deposito
782 1286 901 1356 pluviali,

106 1356 204 1423 accipit
216 1357 379 1425 manipulum
399 1363 426 1411 et
443 1357 577 1440 planetam
594 1358 741 1413 violaceam
753 1374 803 1426 pro
816 1357 902 1413 Missa

107 1429 140 1482 de
159 1428 306 1482 Dominica.
344 1428 370 1497 3)
388 1428 505 1497 Interim,
524 1430 550 1482 ιι·
567 1429 657 1482 Misco
674 1430 724 1482 crit
741 1427 902 1482 cebbroado

106 1499 140 1552 de
155 1498 232 1567 festo,
254 1499 355 1567 primus
374 1498 485 1553 clericus
503 1506 609 1554 amovet
626 1499 736 1567 pallium
753 1499 900 1553 violaceum

106 1570 141 1625 ab
160 1569 252 1638 altari,
278 1577 433 1624 remanente
451 1569 520 1639 albo,
548 1577 575 1624 et
593 1571 705 1638 apponit
720 1585 787 1624 vasa
803 1568 901 1623 florum

105 1643 177 1696 inter
195 1640 368 1710 candelabra,
396 1647 423 1694 et
441 1641 577 1696 succesive
595 1640 681 1696 defert
697 1641 805 1695 calicem
822 1655 900 1708 para

105 1719 163 1767 tum
181 1710 216 1766 ad
233 1712 332 1780 altare,
361 1717 388 1766 et
401 1727 528 1780 expanso
554 1713 701 1780 corporali,
728 1710 850 1766 eumdem
872 1711 901 1764 in

106 1782 195 1838 medio
214 1784 341 1840 concinne
360 1782 480 1838 collocat.
517 1784 543 1853 4)
566 1783 710 1839 Celebrans
728 1780 850 1850 procedit
866 1780 902 1835 ad
937 1831 940 1843 ,
1011 1818 1016 1829 .

106 1855 233 1924 Missam,
256 1855 369 1923 inqua,
394 1855 487 1909 aierit
506 1853 539 1909 da
556 1855 641 1924 festo,
666 1853 755 1909 clerici
772 1852 902 1908 tenebunt

106 1925 231 1980 candelas
250 1940 375 1980 accensas
400 1924 435 1980 ad
452 1927 628 1994 Evangelium
653 1932 681 1979 et
699 1925 732 1979 ab
751 1924 901 1979 elevatione

8 2063 9 2066 Ἴ
104 2011 191 2066 usque
209 1996 244 2051 ad
262 1997 446 2064 sumptionem.
475 1999 502 2064 5)
520 1997 591 2052 Dum
609 1996 747 2052 celebrans
764 1995 830 2064 legit
845 1996 900 2049 An·

8 2069 10 2140 f
103 2069 243 2138 tiphonam
259 2067 422 2136 Ooaamaat'o,
439 2069 540 2136 primus
553 2069 664 2124 clericus
674 2074 780 2122 amovet
791 2067 901 2122 calicem

8 2141 10 2206 ζ
105 2141 139 2196 ab
150 2140 236 2209 altari
247 2147 274 2194 et
283 2138 589 2195 refertadcredentiam
626 2139 653 2209 6)
667 2138 806 2206 completa
815 2138 901 2192 Missa

8 2213 9 2232 ¹
105 2212 244 2267 celebrans
252 2210 474 2279 praecedentibus
493 2211 603 2280 clericis,
617 2210 694 2279 redit,
708 2209 850 2264 manibus
843 2225 901 2263 run·

105 2283 215 2352 atisin
234 2283 388 2338 sacristiam.
397 2282 455 2406 'lg
479 2283 520 2336 lbi
538 2282 647 2350 deponit
665 2265 821 2349 paramenta
838 2280 900 2335 mis·

105 2355 180 2422 solia,
200 2361 228 2409 et
245 2354 345 2423 gratias
364 2349 419 2421 agit
456 2367 471 2407 ι
489 2368 571 2408 more
609 2353 635 2436 8)
657 2352 753 2407 Clerici
771 2366 805 2405 ex
823 2351 901 2405 altari

8 2417 9 2432 ¹
106 2432 134 2479 et
152 2425 234 2480 abaco
253 2432 394 2494 reportant
412 2425 500 2479 omnia
516 2425 545 2478 in
563 2424 719 2492 sacristiam,
738 2429 765 2478 et
778 2435 902 2491 quaeque

104 2495 160 2551 snis
177 2496 243 2552 locis
261 2502 402 2566 reponunt.

143 2597 173 2650 ιι.
203 2597 243 2651 De
261 2599 302 2667 iis,
322 2611 392 2666 quae
411 2597 582 2652 observanda
601 2597 666 2651 ιιιιιι
684 2596 710 2651 ln
729 2595 801 2650 teria
821 2593 864 2648 lv.

431 2679 571 2736 cinerum.

140 2777 208 2827 Art.
227 2778 252 2828 1.
284 2777 331 2828 De
355 2767 581 2840 praeparandis
603 2788 660 2838 pro
683 2772 901 2824 benedictione

8 2887 10 2934 ,
107 2851 140 2900 et
157 2846 267 2902 Missa.
304 2862 330 2902 a.
358 2847 394 2900 Ia
412 2847 496 2902 abaco
513 2862 561 2902 aaa
578 2844 715 2901 medentia
733 2842 829 2896 altores
844 2856 901 2896 ma·
