2108 3226
299 215 375 256 Primo
388 213 530 264 praeparatio
543 213 571 254 ad
584 213 681 260 Missam.
865 211 892 255 77

130 317 198 372 Vota
206 332 267 372 mea
277 317 394 372 Domino
401 315 511 372 reddam
525 331 614 372 coram
627 316 699 372 omni
707 317 807 385 populo
817 317 889 373 eius:

103 388 213 456 pretiosa
230 389 260 442 in
273 394 420 455 conspectu
436 388 544 442 Domini
562 403 634 443 mors
648 388 805 442 Sanctorum
824 389 890 444 eius.

131 458 151 513 0
164 460 287 527 Domine,
301 460 365 526 qma
378 473 428 527 ego
442 475 536 515 servus
549 465 626 515 tuus:
647 474 699 528 ego
713 475 806 514 servus
819 466 889 530 tuus,

102 536 125 584 et
139 529 206 586 filius
225 531 339 584 ancillae
357 536 429 584 tuae.

130 601 259 671 Dirupisti
284 601 393 656 vincula
414 616 489 656 mea:
520 601 570 656 tibi
597 599 754 656 sacrificabo
776 600 891 656 hostiam

29 711 30 714 ,
100 671 185 742 laudis,
204 681 232 728 et
249 688 351 728 nomen
367 673 475 726 Domini
493 673 631 728 invocabo.

131 744 198 799 Vota
224 760 288 798 mea
311 745 427 798 Domino
454 743 565 798 reddam
591 744 619 797 in
643 750 789 812 conspecto
807 743 892 799 omnis

99 817 182 940 populi
200 817 275 871 eius:
301 815 331 868 in
349 815 424 870 atriis
442 814 536 870 domus
554 815 677 885 Domini,
699 816 729 870 in
746 813 834 869 medio
852 813 892 869 tui

114 888 247 942 erusalem.

129 958 218 1014 Gloria
235 959 315 1012 Patri
334 963 385 1014 etc.
422 957 497 1012 Sicut
515 964 574 1012 erat
591 964 642 1012 etc.

128 1031 272 1082 Psalmua
291 1031 353 1082 129.
380 1029 423 1083 De
440 1027 580 1098 profundis
598 1029 711 1084 clamavi
729 1028 764 1084 ad
780 1036 817 1099 te,
834 1028 892 1084 Do·

98 1100 174 1154 nine:
192 1101 319 1170 Domine,
339 1099 436 1154 exaudi
453 1115 547 1155 vocem
564 1115 659 1154 meam.

127 1171 205 1226 Fiant
223 1188 305 1228 aures
323 1178 388 1227 tuae
404 1171 586 1228 intendentes:
608 1171 637 1226 in
654 1187 748 1227 vocem
765 1171 892 1240 depreca-

97 1242 169 1299 tionis
185 1258 274 1301 meae.

129 1313 156 1368 Si
167 1315 326 1382 iniquitates
341 1314 535 1384 observaveris,
548 1313 676 1368 Domine:
695 1314 817 1383 Domine,
832 1313 893 1382 quis

99 1387 252 1440 sustinebit?

130 1455 195 1523 Quia
213 1456 288 1525 apud
312 1463 340 1510 te
365 1456 521 1524 propitiatio
540 1461 594 1511 eat:
618 1462 645 1510 et
669 1462 781 1525 propter
806 1455 893 1524 legem

99 1533 164 1582 tuam
182 1528 301 1584 sustinui
319 1533 355 1596 te,
373 1527 496 1582 Domine.

132 1597 263 1654 Sustinuit
282 1599 372 1652 anima
389 1614 450 1653 mea
466 1599 494 1653 iu
508 1598 592 1653 verbo
610 1598 682 1653 eius:
701 1595 821 1665 speravit
839 1595 894 1648 ani·

101 1683 139 1724 ma
154 1685 215 1725 mea
232 1672 262 1724 in
279 1670 406 1724 Domino.

130 1740 153 1795 Δ
176 1741 304 1797 custodia
325 1740 456 1795 matutina
483 1754 570 1808 usquo
594 1740 629 1795 ad
653 1745 774 1794 noctem:
803 1742 895 1806 speret

102 1809 178 1867 Israel
194 1815 224 1866 in
240 1812 370 1870 Domino.

130 1883 197 1951 Quia
224 1882 300 1953 apud
327 1882 471 1937 Dominum
499 1880 695 1938 misericordia:
728 1887 756 1936 ct
784 1880 895 1950 copiosa

100 1955 164 2022 apud
181 1971 245 2010 eum
263 1953 423 2022 redemptio.

114 2025 164 2106 ‘Et
179 2028 241 2096 ipse
260 2025 376 2080 redimet
392 2024 491 2079 Israel:
518 2038 553 2079 ex
571 2023 694 2078 omnibus
711 2021 896 2091 iniquitatibus

100 2107 158 2152 eins.

131 2167 221 2224 Gloria
238 2167 317 2222 Patri
336 2173 386 2222 etc.
422 2166 498 2222 Sicut
520 2173 578 2220 erat
596 2172 646 2219 etc.

131 2243 261 2304 Antipn
280 2243 363 2306 repet.
391 2237 433 2292 Ne
450 2237 638 2306 reminiscaris,
656 2235 779 2302 Domine,
798 2232 897 2288 delicta

101 2317 199 2381 nostra,
226 2310 275 2364 vel
293 2315 435 2378 parentum
452 2315 620 2376 nostrorum,
647 2321 734 2374 neque
752 2305 897 2359 vindictam

103 2393 183 2436 sumas
202 2381 237 2436 de
256 2381 376 2449 peccatis
393 2380 502 2438 nocuis.
533 2379 676 2448 (Alleluja.)

131 2451 211 2521 Kyrie
230 2452 349 2508 eleisoni
388 2451 494 2506 Christe
520 2451 635 2506 eleison!
674 2449 758 2518 Kyrie
777 2445 895 2521 eleison!

102 2519 176 2579 Pater
192 2532 290 2580 noster
308 2529 358 2577 etc.
376 2561 379 2567 .

135 2593 164 2648 V.
181 2595 220 2649 Et
237 2609 275 2649 ne
293 2609 343 2648 nos
360 2593 471 2647 inducas
488 2592 517 2645 in
534 2591 717 2659 tentationem,
737 2598 789 2648 etc.

104 2725 109 2738 ,
136 2664 166 2724 V.
184 2666 246 2735 Ego
267 2664 337 2718 dixi:
356 2664 479 2732 Domine,
498 2661 703 2730 misereremei,

133 2735 166 2794 D.
185 2736 261 2791 Sana
279 2737 393 2790 animam
411 2750 506 2804 meam,
525 2734 589 2802 quia
605 2732 715 2802 peccavi
732 2731 790 2786 tibi.

137 2807 168 2860 V.
187 2808 363 2876 Convertere,
381 2807 504 2875 Domine,
524 2803 724 2872 aliquantulum,

134 2876 167 2932 R.
185 2879 224 2933 Et
242 2877 389 2946 deprecare
408 2892 490 2946 super
508 2891 602 2931 servos
618 2881 689 2928 tuos.
