2108 3226
159 154 198 198 lio
239 158 318 196 Preces
331 155 354 196 ln
368 156 494 196 damtione
508 153 546 199 SS.
560 154 697 196 decrementi
709 154 873 204 persolvendae.

158 259 207 314 tim
223 273 273 327 pro
288 256 335 312 SS.
349 256 535 312 Eucharistiae
548 255 723 324 inminutione,
741 262 769 310 et
782 255 816 309 ad
829 271 960 324 reparan-

160 329 209 386 dae
227 329 337 398 iuiurias
363 343 454 384 omnes
474 344 490 381 a
507 343 550 381 me
570 336 597 381 et
615 327 648 381 ab
668 327 727 381 eliis
746 327 960 395 quibuscumque

158 401 187 455 in
200 402 252 456 hoe
265 399 361 454 infiniti
375 401 473 454 umoris
483 398 609 468 mysterio
624 397 697 452 cordi
710 404 757 452 tuo
776 399 960 455 amantieeimo

158 473 260 541 illatos,
286 471 373 525 eidem
392 470 569 526 sacratissimo
596 469 670 523 cordi
687 475 734 523 iuo
759 485 802 523 me
826 477 913 524 totum
931 480 961 525 et

158 543 248 598 omnia
263 558 325 596 mea
343 542 463 596 devoveo
482 557 542 595 cum
565 541 686 594 omnibus
704 539 781 596 bonis
806 556 838 595 ae
855 542 961 596 moritis

162 629 197 668 ex
214 615 301 682 gratia
318 613 519 681 tua‘aoquiaitia
537 612 581 666 vel
594 611 771 680 acquirendis,
789 613 960 683 promittens,

158 701 201 740 me
216 685 298 740 divini
312 685 399 739 cordia
412 685 452 738 tui
466 684 572 752 cultum,
591 690 719 750 quantum
734 699 784 751 pro
797 699 858 738 mea
871 684 959 738 lenui-

158 765 215 812 tote
232 757 345 824 licuerit,
367 762 585 824 propagaturum.
672 767 675 776 ¹

195 840 308 906 Insuper
328 838 509 892 beatissimum
533 837 671 905 Virginem
687 836 802 892 Mariam
825 837 853 891 in
878 854 960 907 pecu·

160 911 254 965 liorem
268 916 380 963 matrem
397 909 463 962 mihi
479 909 556 978 eligo,
575 909 707 976 huiusque
726 908 868 976 purissimo
884 909 961 966 cordi

159 997 201 1035 me
220 988 248 1035 et
266 981 355 1035 omnia
372 995 433 1034 mea
444 981 545 1048 paritor
562 979 640 1034 trado
655 995 686 1034 ec
701 979 830 1049 devoveo,
847 981 960 1048 promit·

157 1059 226 1122 tene,
238 1067 280 1105 me
293 1051 372 1105 huius
381 1050 516 1118 piissimae
526 1051 619 1106 mairie
629 1051 728 1105 cultum
741 1052 816 1106 imre
828 1052 960 1108 ecelesiae

158 1129 283 1191 mentem,
303 1129 431 1190 quantum
447 1122 535 1176 imme
554 1122 612 1191 erit,
630 1129 849 1191 propagaturum.

195 1205 220 1258 A
237 1211 285 1259 tua
304 1220 368 1274 ergo
386 1205 515 1259 immensa
538 1205 658 1259 bonitate
685 1212 713 1259 et
737 1204 876 1259 clementia
893 1211 959 1274 pelo

159 1276 323 1346 suppliciter,
342 1284 372 1329 ut
383 1276 435 1330 hoc
448 1276 634 1330 holocaustum
651 1277 679 1329 in
694 1275 803 1330 odorem
817 1277 958 1334 suavitatis

158 1347 300 1402 admittere
319 1346 445 1416 digneris,
464 1353 491 1401 et
509 1354 539 1401 ut
552 1347 664 1414 largitus
683 1361 713 1401 ee
732 1347 835 1401 adhoc
853 1346 958 1402 deside-

159 1417 272 1473 randum
291 1425 318 1472 et
337 1417 510 1488 offerendum,
529 1417 567 1472 sio
581 1419 662 1472 etiam
676 1418 711 1471 ad
724 1417 884 1486 explendum
898 1435 959 1488 gra·

158 1491 224 1546 tiam
241 1490 352 1546 uberem
368 1489 500 1560 largieris.
536 1490 630 1544 Amen.

378 1643 428 1687 l’iee
441 1642 579 1694 neimioncc
593 1641 620 1686 ed
636 1655 674 1685 cor
687 1643 746 1686 lecu.

196 1725 252 1782 Oh!
272 1741 352 1794 quam
369 1725 468 1780 bonum
488 1732 515 1780 et
534 1740 614 1792 quam
630 1724 774 1778 iucundum
792 1723 914 1779 habitare
933 1723 963 1778 in

159 1797 241 1853 corde
259 1798 324 1852 hoel
357 1796 422 1864 Quoia
440 1795 507 1850 illud
524 1813 571 1851 cor
588 1801 643 1849 tam
662 1795 830 1850 vulneratum
847 1811 903 1849 uon
921 1794 961 1849 di·

160 1869 247 1938 ligat?
268 1868 333 1935 Quis
345 1874 401 1922 tam
415 1883 506 1922 amans
518 1883 573 1921 non
584 1867 720 1922 redemetl
735 1867 774 1934 (S.
785 1867 864 1922 Bern.
880 1881 960 1922 serm.

161 1942 186 1994 3.
201 1939 235 1993 de
248 1939 337 2006 Pasa.)
352 1968 386 1978 -
401 1938 454 1993 Cor
465 1938 540 2007 Jesu,
560 1954 606 1993 cor
627 1954 726 1993 novum
747 1953 809 1992 crea
822 1939 849 1991 in
865 1953 916 2006 me,
933 1943 962 1992 et

160 2011 283 2078 spiritum
301 2017 403 2064 rectum
420 2010 519 2064 innova
541 2009 570 2062 in
595 2009 741 2065 visceribus
759 2009 834 2064 meis.
852 2038 887 2048 -
907 2008 962 2064 Gor

160 2082 228 2137 Jeeu
247 2081 475 2136 amabilissimum!
502 2081 561 2149 quis
589 2081 725 2150 separabit
748 2096 794 2135 cor
819 2095 907 2134 meum
926 2081 961 2136 ab

161 2167 252 2207 amore
270 2152 330 2206 tui?
349 2181 383 2192 -
404 2151 457 2206 Cor
479 2151 546 2207 Jesu
569 2152 750 2222 mitissimum,
777 2151 962 2222 humillimum,

160 2223 390 2293 patientissimum,
410 2222 495 2291 dirige
514 2239 561 2277 cor
578 2230 698 2278 nostrum
712 2221 857 2277 secundum
875 2229 911 2276 te.
927 2252 962 2262 -

75 2287 82 2300 '
162 2295 216 2349 Cor
233 2295 308 2362 Jesu,
326 2292 444 2364 flagrans
462 2309 553 2349 amore
571 2295 632 2364 mei,
656 2293 792 2348 inflamma
809 2309 963 2348 cormeum

162 2381 253 2421 amore
270 2365 319 2421 tui.

396 2504 512 2560 Rhylhmur
524 2505 552 2548 ad
566 2503 606 2548 88.
620 2517 659 2548 cer
671 2505 731 2549 lau.

199 2587 252 2644 Cor
262 2587 338 2657 Jesu,
351 2603 397 2642 cor
410 2587 590 2658 purissimum,
606 2590 618 2614 *
633 2587 694 2656 Cor,
709 2603 757 2642 ara
771 2586 936 2644 sanctitatisl
950 2590 962 2615 ⁴

162 2657 216 2714 Cor
232 2673 321 2714 meum
338 2675 425 2729 purga
441 2658 585 2728 sordidum,
606 2659 618 2684 *
636 2657 767 2714 lufectum
779 2665 820 2713 tot
832 2659 963 2728 peccatis.

198 2740 250 2808 Qui
262 2749 353 2798 movet
365 2741 415 2796 tihi
427 2742 563 2810 vomitum,
577 2744 589 2769 *
603 2739 716 2796 Auferte
729 2742 792 2796 hine
804 2748 935 2813 teporem,
950 2745 963 2770 *

161 2811 275 2870 Inlunde
292 2827 392 2870 novum
409 2813 531 2882 spiritum
549 2815 562 2840 ⁴
579 2813 618 2868 Et
636 2813 746 2882 spiritua
764 2811 907 2868 fervorem.
