2098 3222
172 179 213 225 tet
329 184 362 224 De
375 185 506 235 quibusdum
519 186 569 226 sitis
583 187 719 226 secerdotum
733 187 820 230 effluite.

215 313 235 367 Ι.
256 312 468 368 benedictiones
487 327 503 367 a
519 303 712 384 panuebiebeu
732 313 930 371 saeerdotibns

480 396 667 466 sententiaeb

265 494 373 540 1.οιιο
387 494 421 538 ati
435 493 583 540 iaciendum
596 504 691 548 nquam
704 493 875 540 benediutum.

206 575 309 630 Diebus
322 575 474 628 Dominum
474 575 509 644 ,2)
523 580 549 628 et
562 573 783 643 quandocumque
795 589 864 642 epus
875 575 970 645 faerit,

167 651 336 716 praeparato
354 643 589 714 salibusque
611 645 716 700 munda
740 646 953 700 benedicenda
939 663 969 700 m

172 718 289 785 eeclesia,
312 717 381 771 vel
370 733 401 770 aa
422 718 555 783 suueuia,
578 717 704 771 eucerdm
729 717 921 786 superpelliceo
945 724 969 773 ei

170 789 241 844 stola
258 789 377 842 violacea
393 788 508 842 indutas
521 789 614 856 pubem
632 788 716 842 dicet:
844 798 848 806 '

211 860 241 913 V.
260 859 428 914 Adiutorium
445 860 590 914 nostrum
582 875 611 912 nn
628 859 734 913 nomine
752 858 860 912 Domini
878 865 930 914 ete

206 931 314 985 Deinde
331 931 450 984 absolute
466 931 563 998 impu
580 932 756 984 euornismum
773 930 853 983 sniis:

205 1002 339 1056 Exercizo
357 1009 393 1070 te,
417 1008 541 1056 ereatura
563 1002 635 1070 salis,
658 1015 707 1069 per
725 1002 811 1055 Deum
829 1004 848 1066 †
865 1001 964 1071 vivum,

170 1087 224 1142 per,
236 1072 323 1126 Deum
341 1076 360 1138 †
377 1087 479 1140 verum,
497 1087 547 1140 per
563 1072 651 1126 Deum
664 1076 683 1138 †
696 1080 824 1140 sanctum,
842 1086 893 1140 per
911 1072 964 1126 De·

169 1160 223 1212 um,
242 1144 287 1211 qui
304 1150 331 1197 te
350 1159 399 1212 per
416 1144 537 1199 Eiiseum
555 1143 718 1213 Prophetiam
735 1144 763 1197 in
781 1157 878 1210 equam
896 1143 964 1199 mitti

169 1214 255 1283 iussit,
273 1221 304 1268 ut
321 1222 462 1269 sanaretur
480 1215 606 1269 sterilitas
625 1229 725 1284 aquae;
744 1221 775 1269 ut
787 1213 911 1269 efficiaris
925 1213 963 1270 sui

170 1286 350 1340 exorcizatum
367 1287 394 1340 in
414 1287 526 1341 salutem
545 1285 716 1354 credentium,
741 1293 769 1339 et
786 1286 823 1340 sis
842 1285 964 1340 omnibus

170 1357 334 1412 sumentibus
352 1365 379 1411 te
397 1359 498 1412 sanitas
516 1357 619 1410 enimie
645 1364 672 1410 et
690 1357 818 1426 eorporis,
846 1364 875 1411 et
899 1355 964 1412 effu·

169 1428 225 1496 gist
243 1434 323 1496 atque
342 1427 462 1483 discedat
480 1443 496 1482 a
512 1429 580 1495 loeo,
598 1429 627 1482 in
645 1443 698 1495 quo
717 1443 856 1497 aspersum
874 1427 963 1498 iberis,

170 1500 255 1555 οιιιιιι
273 1500 423 1568 phantasia,
442 1505 469 1554 et
477 1500 604 1568 nequitis,
622 1500 666 1553 vel
683 1499 803 1554 versutiis
816 1498 964 1554 diabolicae

168 1569 279 1640 bandis,
295 1571 442 1638 ‘omnisque
461 1571 570 1638 spiritus
587 1570 737 1626 immundus
760 1570 899 1626 ιιιιιιιιιιιι
917 1585 965 1640 per

170 1656 239 1711 eum,
258 1643 304 1710 qni
321 1649 449 1696 venturus
470 1649 511 1696 est
523 1641 640 1696 iudicare
655 1643 731 1698 vivus
740 1649 773 1696 et
789 1648 921 1713 mortuus,
939 1649 966 1697 et

170 1713 305 1769 saeculnm
323 1713 485 1781 perignem.
504 1743 538 1754 -
556 1713 591 1767 R.
609 1713 704 1767 Amen.

207 1783 326 1840 Οιιιιιιιι
344 1785 502 1839 immensam
516 1784 681 1839 clementiam
683 1792 781 1854 ,tuum
796 1783 965 1852 omnipotens

169 1863 279 1910 aeterne
293 1856 376 1924 Deus,
393 1856 528 1910 humiliter
540 1856 720 1923 imploramus,
734 1862 764 1908 ut
776 1855 847 1908 bunc
861 1861 966 1909 ereatu-

168 1941 226 1980 ram
245 1927 316 1993 selis,
336 1941 415 1995 qnam
432 1927 460 1980 in
478 1942 556 1981 nsum
574 1927 680 1996 generis
706 1926 815 1979 humani
840 1925 966 1994 nituisti,

167 1995 345 2063 bene†dieere
364 2005 391 2052 et
409 1997 592 2064 sanetitfieare
610 2005 658 2052 tue
669 1997 770 2080 pietate
785 1995 917 2064 digneris:
939 2003 968 2050 ut
1027 2021 1028 2031 ι

170 2068 205 2124 ιιι
223 2069 345 2122 omnibns
363 2069 527 2123 sumentibus
541 2068 613 2123 sulus
628 2069 724 2123 mentis
743 2073 771 2121 et
785 2067 921 2136 eorporis:
941 2073 968 2121 et

168 2139 298 2208 quidquid
312 2153 350 2194 ex
369 2147 526 2208 setectum,
544 2140 588 2193 vel
603 2153 757 2208 respersum
770 2137 859 2207 inerit,
874 2145 966 2193 careat
1026 2169 1027 2180 ι

196 2265 323 2274 m...

188 2328 210 2381 1)
223 2331 257 2370 Ex
271 2329 354 2370 nitunt
367 2331 474 2379 Romano,
488 2329 525 2370 ubi
539 2330 577 2370 aiii
591 2331 661 2370 fontes
674 2341 718 2370 non
732 2331 882 2379 assignantur.

183 2389 206 2444 ²)
221 2396 284 2444 Aqua
298 2397 414 2436 benedicta
432 2395 630 2445 singultientem,
651 2395 823 2436 hebdomadibus
845 2399 965 2436 movetur

223 2459 323 2511 (curem.
338 2463 437 2513 Epimeop
451 2463 487 2502 tit.
501 2463 520 2501 Ι.
536 2475 582 2513 unp.
597 2461 617 2502 6.
633 2473 688 2502 uum.
703 2461 734 2510 2.)
747 2461 829 2500 Diebus
843 2463 920 2500 numm
929 2461 970 2501 Ρι-

222 2525 306 2566 uehetis
320 2530 342 2566 et
357 2529 497 2569 Pentecostes
511 2529 534 2568 in
548 2529 659 2577 eeclesiis,
676 2529 714 2570 ubi
733 2529 786 2568 aunt
799 2528 872 2567 ιοιιιοι
885 2528 970 2578 nuptis·

221 2591 298 2641 maios,
312 2594 339 2632 ut
348 2595 447 2643 aspersio
456 2605 526 2643 aquae
535 2594 664 2636 benedictae
673 2595 749 2643 fontis,
763 2603 819 2644 quae
833 2594 905 2643 pitulo
918 2597 969 2636 tute

221 2657 362 2698 iniectionem
376 2661 419 2700 nisi
436 2663 458 2700 et
472 2661 597 2701 chrismatis
615 2664 729 2700 reservata
745 2661 791 2709 est;
804 2660 842 2698 nbi
857 2669 910 2699 ιοιο
925 2669 969 2700 nou

222 2725 274 2762 nunt
287 2723 367 2771 tontes,
382 2727 418 2766 his
432 2727 508 2767 diebus
523 2737 584 2766 mure
598 2727 663 2767 solitu
676 2728 702 2766 iit
715 2737 786 2776 aquae
799 2725 931 2766 benedictio.

177 2783 203 2838 ὃ)
216 2788 321 2829 Adhiberi
335 2793 409 2838 potest
422 2792 456 2832 ssi
475 2793 520 2832 ium
535 2794 683 2833 moreti-tum
702 2795 724 2833 et
737 2793 761 2833 in
774 2791 832 2832 hune
846 2801 911 2832 nsum
925 2801 969 2832 eet·

219 2855 301 2894 vstnnu
326 2853 355 2902 (b
370 2857 397 2897 it.
411 2857 432 2900 C.
447 2857 468 2899 8.
483 2859 537 2908 Apu.
552 2858 622 2907 1718.)

1017 3091 1020 3159 i
