2152 3234
10 2749 12 2844 l

166 171 208 214 526
340 173 373 214 Ile
387 175 577 216 sacramentorum
590 173 786 214 administratlone.

163 263 250 332 'monii
268 268 469 346 superveniens.
505 277 531 332 5.
549 276 603 330 Per
620 275 800 331 conditionem
817 277 972 346 appositam
1064 311 1065 324 ÷

168 364 223 403 non
240 349 385 417 impletam.

209 419 271 474 Uno
287 435 351 474 oero
363 434 435 488 para
446 417 631 472 tamtummodo
644 422 734 486 potest
749 417 862 486 rasaline,
881 417 907 473 si
924 433 972 474 ro·

167 489 256 560 luerit,
284 491 391 558 quando
410 489 489 544 adid
508 489 594 544 altera
610 505 674 560 pars
691 490 745 558 ipsi
763 505 873 543 causam
884 505 971 558 prae·

167 561 270 616 buerit:
283 566 314 616 vl.
329 562 383 616 Per
391 561 594 615 Mamimoninm
609 577 668 619 cum
682 561 735 614 alia
747 575 866 628 persona
878 561 971 615 oola&

1057 361 1065 420 l

168 634 220 688 etsi
236 633 329 687 illicite
345 633 452 700 initum,
480 632 544 699 qnia
567 632 722 704 supervenit
747 631 969 699 impedimentum
1064 685 1065 702 χ

167 703 313 772 ligaminis3
332 711 457 772 exparte
470 709 560 756 tamen
571 703 609 756 ita
622 703 796 758 contrahente
809 710 903 757 memet
921 703 969 758 ob·

167 775 260 844 ligatio
278 775 350 844 parti
374 773 464 830 laesae
483 773 676 842 satisfaciendi,
704 790 736 828 ao
764 774 862 827 damna
879 789 969 828 resar-

169 846 263 900 ciendi.
300 850 325 900 2.
345 846 398 900 Per
415 845 616 900 fornicationem
635 845 744 900 alterius
761 845 862 914 partis,
886 859 969 914 spon
1064 857 1065 862 ’

168 917 236 972 salia
249 923 296 972 aut
306 917 519 986 subsequentem,
540 921 590 970 ant¹
598 915 798 970 antecedentem
807 916 969 984 ignoratam.
1064 961 1065 980 t

168 990 194 1042 3.
213 988 266 1042 Per
284 988 429 1044 discessum
454 988 482 1041 in
507 987 573 1042 alias
598 996 685 1042 terras
709 988 794 1043 inscia
818 995 866 1042 ant
883 987 971 1042 inrita

167 1059 254 1113 altera
270 1066 356 1128 parte,
375 1075 407 1113 ac
425 1059 575 1113 diuturnam
593 1059 621 1112 in
638 1059 672 1114 iis
690 1059 846 1127 absentiam,
864 1059 910 1112 vel
926 1060 970 1113 ni·
1064 1065 1065 1130 j

166 1129 246 1183 miam
269 1131 422 1198 nuptiarum
446 1129 608 1185 dilationem.
648 1132 674 1184 4.
700 1129 753 1184 Per
770 1130 921 1198 ingressum
939 1131 969 1184 in
1064 1135 1065 1146 ¹

166 1201 324 1255 novitiatum
348 1201 448 1256 ordinis
471 1201 599 1270 religiosi.
636 1203 661 1257 ὅ.
679 1191 733 1256 Per
750 1201 889 1270 sponsalia
907 1217 968 1256 cum

167 1271 220 1326 alia
237 1287 354 1341 persona
371 1273 446 1328 inita
455 1272 474 1342 1)
507 1275 534 1329 6.
551 1273 628 1326 Licet
647 1272 727 1328 etiam
744 1273 791 1326 uni
809 1271 968 1340 resilire‚si
1064 1291 1065 1302 *

167 1357 201 1400 ex
218 1348 304 1411 parte'
322 1344 432 1399 alterius
458 1343 583 1399 notabilis
610 1344 724 1398 mutatio
747 1344 775 1397 in
803 1343 882 1398 bonis
907 1343 967 1398 sive

166 1414 255 1484 animi,
281 1415 337 1470 sive
357 1415 485 1498 corporis,
497 1415 561 1488 ,sive
579 1414 702 1469 lomunae
721 1414 866 1484 contingat,
885 1429 966 1485 quae,

166 1485 189 1542 ai
206 1483 302 1541 luisset
319 1495 433 1556 cogmta,
452 1493 615 1540 contractum
632 1486 824 1554 impedivisset.

202 1557 314 1624 Quando
328 1573 410 1613 causa
423 1556 586 1612 dissolvendi
606 1557 742 1625 sponsalia
759 1564 801 1612 est
814 1562 897 1624 certa,
910 1569 967 1624 per
1064 1551 1065 1556 '

165 1643 194 1682 ae
211 1629 343 1698 loquendo
365 1629 440 1684 nulla
464 1629 497 1682 de
521 1628 579 1682 iure
604 1630 736 1684 communi
753 1628 899 1695 requiritur
917 1643 965 1682 au·

166 1700 276 1756 ctoritas
308 1699 403 1756 iudicis
441 1695 476 1754 ad
508 1699 679 1755 dissolvenda
701 1699 787 1754 -dicta
818 1699 964 1768 sponsalia,
1028 1744 1031 1748 .
1064 1713 1065 1740 l

166 1771 362 1854 sive-publica,
388 1771 445 1826 sive
464 1771 582 1840 occulta;
606 1776 697 1839 potest
714 1777 804 1824 tamen
822 1769 858 1824 ad
873 1769 903 1824 id
920 1785 964 1823 re·
1043 1795 1049 1804 ·

166 1842 235 1908 quin
249 1843 394 1898 auotoritas
407 1841 503 1896 indicis
516 1857 569 1910 per
587 1841 719 1910 condens,
736 1849 767 1896 ut
784 1842 808 1896 si
825 1841 965 1910 sponsalia

165 1911 219 1966 sint
230 1913 346 1983 publica,
365 1920 393 1968 et
406 1929 488 1968 causa
505 1927 539 1966 ea
556 1911 719 1968 dissolvendi
736 1913 772 1968 sit
789 1912 902 1980 occulta,
920 1927 964 1966 ra·

164 1983 238 2059 tione
257 1985 375 2039 scandali
394 1983 512 2039 evitandi
529 1984 675 2052 requiritur
690 1990 755 2038 tune
767 1983 863 2038 iudicis
880 1983 964 2037 inter-

164 2059 276 2122 ventus3
301 2055 407 2123 quando
426 2055 562 2126 sponsalia
579 2061 642 2112 sunt
659 2060 745 2122 certo,
773 2071 855 2110 cansa
873 2061 965 2108 autem

164 2137 198 2178 ea
216 2125 378 2181 dissolvendi
397 2127 481 2181 dubio
499 2125 533 2180 do
549 2127 609 2185 iure
627 2126 672 2180 vel
689 2125 722 2180 de
736 2125 816 2196 iacto,
834 2132 899 2180 tunc
915 2139 963 2179 ne·

164 2197 281 2250 cessario
306 2198 450 2266 requiritur
475 2197 570 2252 iudicis
597 2197 741 2252 auctoritas
770 2211 820 2266 pro
846 2204 963 2264 utroque

164 2265 234 2322 foro.
270 2267 355 2322 Iudex
373 2276 463 2323 antem
486 2269 620 2324 incensis
642 2269 805 2337 sponsalium
824 2261 852 2322 ei
868 2267 965 2322 Matri·
1062 2309 1063 2312 ,

164 2338 314 2421 mentorum
328 2347 370 2396 eat
383 2340 456 2396 solus
471 2339 674 2428 ecclffiiasticus.
690 2334 831 2406 (Ferraria
839 2355 864 2394 o.
874 2337 962 2408 Spore·

163 2409 236 2462 soleo
252 2425 324 2464 num.
344 2411 512 2481 120.—123.)

216 2518 402 2566 dlspensatlonem
421 2521 495 2568 petere
508 2521 530 2559 at
544 2519 685 2570 suspenditur
697 2521 784 2559 tantum
800 2528 842 2568 pro
855 2517 894 2558 lllo
908 2517 964 2557 obll·

215 2583 276 2631 gatto
290 2583 438 2632 spontallnm3
451 2594 492 2636 pro
505 2589 569 2634 parte
583 2595 635 2625 vero
649 2585 764 2630 innocente
774 2583 863 2624 omnino
874 2583 963 2623 tollltur

215 2649 255 2698 lta,
269 2651 295 2688 ut
308 2660 352 2689 non
367 2651 470 2690 urentur
482 2652 582 2700 ecclpere
595 2653 787 2702 dlspansatlonam.

176 2711 199 2766 ι)
214 2715 276 2756 reove
290 2715 409 2765 sponsane,
436 2726 493 2765 quae
516 2719 567 2770 post
588 2717 698 2767 sponselle
711 2717 756 2756 lam
769 2715 904 2771 taddaeum
917 2715 962 2756 alla

215 2782 329 2820 contracta
342 2781 446 2821 lnauntnr
459 2791 509 2820 cam
518 2783 592 2832 tertla,
607 2783 655 2833 a'pao
665 2783 711 2824 im
725 2784 777 2823 sunt
790 2783 849 2823 atella
861 2792 902 2832 pro
911 2781 961 2822 soro
1064 2759 1065 2832 J

216 2847 262 2884 tam
275 2844 363 2884 interno
376 2855 442 2894 quam
455 2847 552 2890 menno.
