2138 3226
153 129 195 176 m
312 130 431 181 'Quaedm
443 143 483 183 pro
497 133 607 174 exereltlir
622 133 782 183 aplmtnellbus.

380 287 501 357 Hymnus
519 286 726 342 Ambrosianus.

190 375 232 432 ‘le
249 376 337 430 Deum
353 375 501 445 laudamus,
519 377 532 404 ·
549 382 577 430 te
595 376 737 430 Dominum
755 373 921 436 wndoemur.

190 447 230 502 rl'e
248 454 386 502 ueternum
404 447 512 501 Patrem
529 449 541 474 ⁸
560 447 644 501 omnir
662 453 736 500 terra
753 453 905 502 veneratur.
1031 445 1036 452 “

191 518 253 574 'libi
270 533 362 573 omues
379 517 483 588 Augei,
507 519 520 544 *
541 517 594 572 tihi
611 517 679 572 ooeli
695 525 724 572 nt
741 518 883 574 umvsrsae
901 533 953 588 po·

155 595 275 646 testatos.

191 661 253 716 'libi
280 659 423 714 cherubim
450 665 478 714 et
504 658 645 728 Seraphim
671 659 684 686 *
706 659 858 715 incessabili
884 677 956 718 voce

155 732 336 802 proclamant:

192 803 312 870 Sanctus,
331 807 446 870 metus,
465 807 573 855 sanatus
583 800 714 856 Dominus
732 799 807 856 Deus
823 801 954 858 Sabaoth.

191 873 268 928 Pleni
281 877 343 927 sunt
357 871 425 926 coeli
439 878 466 926 et
482 878 556 926 terra
569 873 581 898 *
595 872 741 927 maiestatis
760 873 862 942 gloriae
880 880 954 930 tuae.

192 944 233 1000 'de
250 942 383 1012 gloriosus
401 944 413 968 *
431 943 623 1010 Apostolorum
641 941 746 1012 chorus,

193 1014 233 1070 Te
250 1014 447 1081 Prophetarum
464 1016 476 1041 *
494 1012 636 1068 laudabilis
653 1027 788 1083 numerus,
819 1057 823 1062 .

192 1085 233 1140 Te
250 1084 398 1153 Martyrum
416 1083 573 1139 candidatus
590 1088 603 1112 ⁸
620 1085 712 1140 laudat
730 1085 871 1142 exereitus.

192 1155 232 1210 'le
250 1171 300 1223 per
313 1156 405 1210 orbem
418 1162 550 1210 terrarum
559 1159 571 1184 *
580 1162 674 1211 sanata
682 1155 823 1212 muitetur
833 1158 956 1214 ecelesia

192 1225 302 1282 Patrem
319 1229 332 1254 ⁴
350 1227 494 1282 immensae
511 1227 667 1298 maiestatis,

145 1333 151 1354 .
191 1296 380 1352 venerandum
397 1303 473 1352 tuum
490 1312 583 1352 vamum
602 1299 656 1354 *et
673 1299 780 1352 uminum
797 1297 903 1355 Filium

193 1367 320 1423 Seuerum
337 1383 444 1437 quoque
462 1373 474 1397 *
492 1369 653 1424 Puraolitum
674 1369 810 1439 Spiritum.

193 1439 237 1494 Tu
252 1453 302 1494 rex
319 1439 420 1508 gloriae
441 1440 553 1510 Christe,
577 1499 579 1504 Α

192 1511 237 1566 Tu
252 1512 341 1566 Patris
358 1514 371 1538 “
389 1513 566 1580 sempiternus
585 1527 614 1566 es
631 1511 725 1567 Filius.

193 1581 237 1636 Tu
261 1581 296 1637 ad
319 1582 485 1637 liberandum
513 1589 686 1651 suscepturus
711 1581 852 1653 hominem,
870 1585 883 1611 ³
900 1597 957 1639 nou

157 1653 286 1708 horruisti
302 1653 420 1722 Virginis
438 1661 551 1708 uterum.

194 1725 236 1779 Tu
255 1724 359 1780 devicto
377 1726 470 1780 mortis
488 1724 593 1795 ecdem
608 1728 621 1752 ⁸
639 1725 768 1793 aperuisti
782 1723 954 1782 credentibus

156 1809 241 1920 ,Ἢ
255 1795 445 1921 ἓὲθέἰέἓῃιῒὲαω
462 1867 514 1921 Dei
531 1865 618 1935 sedes,
638 1867 650 1892 ⁸
667 1866 696 1920 in
713 1865 799 1936 glorie
815 1865 913 1922 Patris.

192 1936 282 1992 Judex
300 1937 417 1992 crederis
435 1941 447 1965 *
465 1951 525 1992 esse
543 1944 679 1992 venturus.

194 2005 234 2062 'le
252 2023 316 2078 ergo
335 2023 503 2077 quaesumus,
520 2009 574 2063 tuis
592 2007 697 2064 lammis
715 2007 835 2076 subveni,
853 2008 866 2033 ⁴
885 2022 954 2076 quos

156 2079 276 2148 pretioso
296 2079 431 2148 Sanguine
448 2077 593 2134 redemisti.

191 2151 310 2205 heterna
322 2148 366 2204 luo
384 2165 444 2204 oum
458 2150 563 2205 Sanctis
575 2149 629 2205 tuis
642 2152 655 2176 *
668 2149 697 2204 iu
710 2149 796 2218 gloria
808 2149 953 2204 numerari.

191 2219 300 2276 Salvum
316 2220 360 2274 lae
377 2221 506 2290 populum
518 2229 601 2291 tuum,
619 2221 742 2290 Domine,
761 2222 773 2247 *
791 2225 819 2274 et
836 2219 950 2276 benedis

154 2290 298 2347 hereditati
315 2297 386 2346 tuna.

190 2363 228 2417 lit
244 2377 309 2430 rege
323 2377 378 2431 eos,
397 2362 410 2389 ⁴³
428 2367 456 2416 et
469 2362 568 2417 extolle
581 2363 641 2418 illos
655 2376 741 2430 usque
758 2361 788 2415 in
803 2367 952 2416 aeternum.
972 2378 975 2386 ⁴

190 2433 244 2487 Per
262 2433 380 2500 singulos
398 2431 455 2487 dies
473 2435 485 2460 ⁴
503 2433 684 2490 benedicimus
700 2440 737 2488 te.

68 2551 75 2566 ,
190 2503 228 2558 Et
244 2502 384 2559 laudamus
407 2517 505 2558 nomen
530 2511 606 2559 tuum
629 2506 659 2559 in
683 2502 827 2572 sueoulum,
846 2505 858 2530 ⁴
877 2507 907 2558 ot
923 2502 953 2557 in

87 2607 94 2620 =
154 2573 290 2628 saeculum
312 2575 419 2630 saeculi.

190 2643 317 2769 Quare,
335 2645 457 2716 Domine,
476 2645 519 2700 die
536 2646 589 2702 isto
607 2650 619 2675 ⁴
638 2647 695 2702 sino
712 2650 824 2716 pensato
836 2659 888 2700 nos
908 2659 954 2700 au·

155 2720 320 2842 utoMiserere
337 2788 430 2858 noemi,
447 2787 575 2845 Domine:
593 2789 606 2816 *
623 2787 752 2844 miserem
769 2785 863 2842 noemi
912 2862 917 2872 Ι
