2124 3230
302 130 367 171 thne
381 129 505 170 celebrandi
519 130 610 170 iliacam
623 131 739 180 privatam.
878 129 918 172 dal

113 239 145 290 et
164 232 296 288 ambabus
310 231 432 288 manibus
444 249 530 300 utque
549 233 585 287 ad
597 240 691 301 pectus
710 249 769 288 eam
787 233 920 290 elevatam

110 312 223 374 tenena,
253 305 337 358 oculis
355 303 390 358 ad
406 304 495 358 Deum
513 305 625 360 elevatis
644 311 671 358 et
689 305 779 359 statim
797 304 919 362 demissis

113 376 197 432 dicit:
218 376 339 443 Sarapa,
352 381 445 429 acceto
457 377 543 430 Pater
556 382 608 432 etc.
634 375 693 442 Quo
708 375 779 430 dicto
793 383 919 443 patenam

112 455 233 516 utraque
251 463 333 500 manu
350 453 460 511 tenena,
491 463 551 502 cnm
575 462 609 502 ea
628 445 693 501 iacit
710 446 814 514 signam
832 448 918 504 crucis

112 535 200 588 anper
228 517 368 586 corporale
394 525 421 572 at
439 517 549 587 deponit
573 518 689 574 hostiam
714 519 785 572 circa
801 517 918 574 medium

111 591 260 645 anterioris
278 589 362 657 partie
381 589 528 657 corporalis
547 596 609 644 ante
628 605 665 658 ae,
694 596 722 643 et
739 595 865 658 patenam
883 589 919 644 ad

110 677 224 716 manum
234 660 356 716 dextram
366 660 558 727 aliquantulum
567 661 662 716 subtus
674 660 822 729 corporale,
838 675 917 727 quam

113 739 227 788 exterso
246 732 337 800 calice,
355 739 386 786 ut
405 731 515 800 dicetur,
535 732 657 800 cooperit
672 730 864 800 purificatorio.

150 803 258 858 Deinde
277 804 305 857 in
323 818 406 857 comu
418 803 558 871 Epistolae
577 804 675 872 accipit
690 803 807 873 calicem,
825 801 917 870 purifi·

112 876 219 930 catorio
246 875 373 942 extergit,
402 882 429 928 et
453 874 562 929 sinistra
588 883 683 930 tenens
710 875 782 929 illius
808 873 919 944 nodum,

112 947 215 1014 accipit
232 945 376 1014 ampullam
393 945 449 998 vini
468 944 501 1000 de
514 961 595 1000 manu
608 945 721 1000 ministri
738 946 795 1013 (qni
814 945 919 1000 oscida-

112 1023 160 1074 tur
177 1019 265 1086 ipsam
280 1016 430 1084 ampullam,
452 1033 507 1070 non
525 1025 614 1072 autem
626 1033 734 1072 manum
747 1017 919 1087 celebrantia)

116 1096 145 1143 et
162 1090 241 1156 ponit
258 1089 349 1141 vinum
371 1087 399 1140 in
418 1087 563 1158 calicem.¹)
599 1088 704 1142 Deinde
723 1089 818 1144 eodem
835 1087 918 1143 modo

114 1165 213 1214 tenens
232 1160 350 1228 calicem,
369 1157 430 1228 (nisi
444 1159 562 1214 celebret
573 1176 624 1228 pro
640 1160 780 1229 defunctis)
793 1159 920 1229 producit

116 1231 224 1299 signum
237 1231 323 1285 crucia
337 1244 419 1298 super
431 1231 575 1298 ampullam
590 1245 674 1298 aquae
689 1237 717 1286 et
736 1231 813 1286 dicit:
831 1232 919 1298 Daca,

117 1304 167 1370 pai
177 1304 314 1356 amoenae
325 1302 519 1371 ademtam)
535 1309 562 1358 et
574 1301 716 1356 infundens
725 1317 820 1370 parum
830 1317 918 1370 aquae

115 1374 145 1428 in
163 1374 246 1428 calice
265 1373 450 1442 prosequitur:
470 1373 508 1426 da
519 1374 596 1428 codd
614 1379 664 1429 etc.
700 1373 830 1441 Imposita
847 1388 920 1441 aqua

117 1444 147 1498 in
165 1445 249 1499 calice
268 1444 399 1513 (eamdem
414 1445 529 1512 extergit
541 1443 723 1512 purificatorio
749 1444 788 1510 (S.
799 1445 834 1499 R.
847 1444 876 1501 0.
891 1446 918 1498 t.

119 1515 192 1584 Sept.
203 1519 293 1584 1816.)
309 1515 421 1570 etfinita
431 1515 558 1570 Oratione
567 1514 714 1584 praedicta,
728 1516 824 1584 accipit
836 1530 918 1570 manu
950 1575 952 1577 ,

118 1585 215 1642 dextra
232 1588 341 1642 calicem
358 1587 564 1656 discoopertum,
583 1594 611 1640 et
628 1593 702 1641 stans
721 1592 782 1640 ante
800 1585 918 1640 medinm

118 1657 224 1726 alaris,
251 1659 339 1726 ipsum
357 1659 485 1712 ambabus
508 1658 631 1712 manibus
658 1657 791 1712 elevatum
813 1663 917 1724 tenens,

116 1728 243 1783 videlicet
270 1745 329 1784 cum
355 1730 463 1785 sinistra
489 1729 601 1798 pedem,
628 1744 687 1783 cum
710 1727 806 1782 dextra
827 1733 917 1781 autem

118 1799 218 1854 nodum
235 1799 305 1856 inira
318 1817 440 1870 cuppam,
459 1801 567 1855 intentis
586 1799 621 1854 ad
633 1800 721 1854 Deum
740 1799 823 1854 oculis
837 1797 918 1854 offert

116 1870 223 1926 dicaam
252 1871 395 1940 offeram
412 1872 470 1939 tibi,
491 1872 609 1926 Domine
627 1879 687 1940 etc,
716 1885 770 1938 qua
787 1869 916 1925 Oratione

170 2013 226 2054 dealt
241 2015 348 2063 epatium,
371 2016 467 2062 ponatur
485 2015 508 2052 in
522 2013 591 2052 latere
604 2011 719 2061 Evangelii
738 2012 801 2052 iuxta
818 2011 915 2054 nortiam

170 2078 273 2118 sacrificii
286 2079 309 2118 ln
325 2079 442 2128 corporali.
470 2079 492 2118 Sl
512 2078 601 2118 difficile
619 2077 692 2128 aptari
705 2077 775 2126 pouit
794 2077 817 2116 ln
830 2077 915 2126 lumila,

168 2146 244 2194 potest
258 2145 280 2184 ln
295 2147 343 2194 ipsa
357 2146 435 2185 lunula
449 2148 515 2185 antea
529 2145 636 2184 collocata
649 2145 702 2193 poni
718 2145 741 2184 in
755 2145 872 2194 corporali,
892 2147 916 2186 et

169 2209 200 2250 alc
214 2209 345 2251 consecrari
366 2209 463 2250 offerens
473 2211 569 2250 hostiam
584 2209 686 2250 sacrificii
699 2209 843 2250 intentionem
850 2221 913 2250 snam

169 2277 234 2315 etiam
249 2275 277 2315 ad
290 2275 347 2315 hano
360 2277 467 2316 malorem
480 2286 521 2326 pro
536 2275 658 2315 catenacrio
674 2274 767 2324 dirigere
782 2275 853 2315 debet.

130 2338 150 2393 1)
163 2341 221 2382 Uene
235 2343 298 2391 parvi
312 2343 433 2382 cochlearla
445 2353 490 2382 non
504 2345 538 2382 eat
551 2342 683 2391 prohibitus.
699 2341 726 2392 (S.
741 2343 765 2385 R.
782 2341 802 2386 0,
817 2341 837 2382 6.
852 2343 913 2384 Febr.

168 2407 238 2460 iata.)
254 2429 276 2438 -
292 2409 433 2458 Bollnqultur
447 2409 568 2449 sacerdotis
579 2408 680 2456 arbitrio,
698 2411 773 2448 utram
787 2408 914 2458 purificato·
989 2418 997 2438 ⁸

166 2475 223 2513 rium
243 2485 325 2524 ponere
343 2475 397 2514 velit
410 2485 476 2524 anper
489 2475 567 2524 pedam
581 2475 667 2523 calicia,
687 2474 738 2513 dum
759 2477 912 2525 praeparatur,

166 2541 200 2580 vel
214 2541 288 2589 potina
303 2551 369 2590 anper
381 2543 492 2590 patenam.
519 2540 548 2590 (d.
564 2541 589 2583 R.
604 2541 627 2584 0.
641 2537 660 2585 7,
674 2539 728 2590 sepe.
743 2539 810 2590 ldld.)

128 2601 150 2656 ¹)
165 2605 226 2644 Hace
239 2605 316 2645 Oratio
336 2605 462 2656 lnclplenda
483 2608 517 2646 eat
535 2617 549 2646 a
567 2606 681 2646 sacerdote
699 2605 775 2645 eodem
794 2605 914 2654 momento,

166 2680 210 2719 quc
219 2671 329 2711 bencdlcit
338 2681 424 2722 mnam,
438 2681 483 2711 non
496 2681 549 2712 vcro
562 2673 623 2721 priua
637 2681 695 2720 aqua
707 2671 849 2710 benedlcatur
857 2671 914 2711 nihil

166 2740 264 2789 dicendo,
292 2743 358 2790 atque
371 2743 426 2782 tunc
439 2741 526 2782 demum
543 2741 582 2782 tna
596 2741 673 2783 Oratio
686 2740 812 2790 incipiatur.
839 2739 870 2788 (8.
886 2741 911 2782 Β.

165 2807 187 2850 0.
200 2806 234 2851 12.
246 2807 300 2858 Aua.
313 2807 384 2860 leda.)
