2124 3230
161 166 203 210 tia
336 169 369 210 lis
381 169 529 210 celeomncne
543 169 579 212 88.
593 168 676 210 titane
689 167 798 210 mantnt.

163 269 297 342 proscinde
314 271 431 328 inclinat
442 271 463 340 1}
498 270 528 324 Si
546 278 637 326 antem
653 271 682 326 in
701 263 736 326 eo
756 271 792 326 sit
808 269 971 324 tabernacu-

164 344 220 400 lnm
230 342 277 400 SS.
288 342 462 411 sacramenti,
473 341 654 410 genuflectens
664 342 753 412 (unico
763 357 834 410 genn
844 342 873 396 in
885 341 971 409 plano

163 414 325 484 presbyterii
347 422 409 469 ante
431 412 551 468 infimum
576 413 689 482 gradum
708 413 802 469 naris
821 413 862 480 (S.
882 413 918 468 a
940 411 971 468 0.

161 489 205 540 12.
220 486 291 540 Noc.
305 488 386 553 1831)
408 484 526 538 debitam
544 483 609 539 facit
625 484 849 554 reverentiam32)
876 484 901 539 si
920 483 970 540 SS.

163 557 365 616 Sacramentum
379 556 531 624 expositum
546 562 595 624 est,
614 563 729 622 utroquo
747 570 819 624 genn
836 553 910 610 flexo
920 571 970 623 pa·

162 629 230 683 riter
245 628 274 682 in
292 629 373 697 plano
398 633 461 682 ants
485 625 605 681 infimum
628 627 741 696 gradum
765 627 858 682 altaris
884 633 970 694 capnt

162 697 295 774 profunde
313 699 431 756 inclinat.
469 697 509 764 (S.
528 698 563 754 R.
586 697 614 754 O.
640 703 682 754 12.
707 698 779 754 ch.
796 701 875 752 1831.
882 717 893 766 ,·
918 697 969 753 cir.

166 771 284 828 anrem
297 771 392 838 Epiac.
410 770 435 824 I.
453 773 498 822 12.
516 772 553 836 9.)
574 769 649 824 Tunc
668 768 788 824 ascendit
805 769 834 822 in
846 767 971 823 medium

164 841 270 910 altaris;
296 841 334 895 ibi
351 841 380 894 in
398 857 481 895 cornu
490 839 631 908 Evangelii
649 839 720 896 sistit
737 839 847 894 calicem
866 839 900 910 (si
919 839 970 898 SS.

163 912 365 968 Sacramentum
384 918 425 967 est
444 912 602 980 expositum,
621 909 777 979 genuflectit
795 911 874 966 unico
893 925 968 979 genu

165 989 193 1038 et
211 983 268 1038 sine
287 983 382 1050 capitis
408 983 587 1052 inclinatione,
618 982 791 1052 Gardellioa'),
817 981 937 1036 extrahit
945 979 968 1052 ³)

164 1054 304 1122 corporale
323 1053 356 1108 de
374 1054 464 1122 bursa,
491 1053 563 1120 quod
582 1053 703 1108 extendit
719 1054 747 1108 in
764 1052 853 1108 medio
874 1053 968 1108 altaris

164 1132 193 1179 et
219 1139 302 1192 super
325 1124 392 1180 illud
422 1125 532 1180 calicem
564 1125 625 1179 velo
651 1131 810 1193 coopertum
842 1125 967 1193 collocat,
1060 1159 1061 1174 1

163 1195 272 1250 tonsam
290 1201 380 1250 autem
398 1196 433 1250 ad
451 1213 534 1251 cornu
551 1196 701 1264 Evangelii.
727 1195 755 1250 Si
771 1197 802 1250 in
820 1195 900 1250 altari
917 1211 966 1264 pa·

163 1273 285 1321 ramenta
303 1267 413 1336 accepit,
433 1267 505 1334 qnod
524 1275 601 1322 extra
619 1283 711 1322 casnm
727 1267 899 1322 necessitatis
918 1267 966 1320 mi·

163 1337 234 1392 nime
251 1339 315 1392 licet
325 1337 364 1405 (S.
379 1339 414 1392 R.
433 1338 725 1406 0.17.Jooit1673.),
743 1338 796 1392 hoc
814 1337 888 1393 idem
901 1335 968 1392 facit
1060 1395 1061 1418 ¹

164 1415 307 1477 antequam
325 1407 470 1464 descendet
488 1409 521 1464 ab
540 1409 627 1479 altari,
646 1416 676 1463 ut
693 1409 806 1464 Missam
822 1409 943 1467 inchoet

201 1479 337 1536 Collocato
349 1481 468 1535 calicein
481 1479 588 1550 altarii)
607 1479 736 1551 accediti)
756 1481 791 1534 ad
805 1479 968 1549 cornuEpi·
1060 1497 1061 1538 1

217 1604 355 1644 quacumque
369 1593 482 1635 contraria
496 1593 673 1638 consuetudine.“
702 1594 811 1634 Decretm
824 1595 845 1638 8.
860 1595 885 1638 R.
903 1595 927 1636 C.
945 1593 973 1634 ola

221 1659 302 1699 Urbano
320 1659 380 1699 VIII.
390 1659 527 1708 approbatum
538 1663 557 1698 et
567 1659 654 1698 illieeola'
664 1659 757 1700 nomano
765 1661 889 1710 praeficem.
909 1659 974 1707 Quod

219 1726 246 1766 de
256 1725 344 1775 pileolo,
359 1725 419 1766 valet
428 1726 497 1766 etiem
506 1725 533 1764 ‹ls
542 1737 605 1766 coma
614 1727 694 1766 tictltia
704 1723 808 1778 (iiittiitlc)
818 1739 823 1776 ;
834 1727 973 1785 dispensatio

220 1793 311 1834 eandem
325 1791 436 1832 deierandi
451 1793 512 1842 infra
524 1792 615 1833 Missam
629 1795 715 1842 spectat
728 1791 879 1836 adsumtum
895 1792 974 1834 Fonti-

217 1859 287 1908 licem,
298 1861 355 1898 extra
363 1860 453 1899 Missam
462 1859 485 1897 in
495 1860 563 1900 sacris
573 1859 724 1898 functionibus
732 1859 759 1898 ed
767 1859 908 1908 Episcopum,
916 1858 972 1908 (Ost.

217 1925 295 1964 nanee.
305 1925 340 1966 XI
343 1926 364 1964 V.
376 1925 445 1966 Imtit.
460 1924 495 1966 97.
510 1927 532 1966 et
545 1926 571 1964 oie
585 1925 662 1975 synod.
676 1926 764 1969 dioeces.
778 1926 815 1968 lit.
829 1925 860 1965 11.
874 1937 923 1976 cup.
938 1924 970 1975 9.)

180 1987 203 2040 1)
214 1991 228 2033 i.
242 2002 260 2032 e.
275 1991 407 2039 protundum
422 1991 501 2040 capitis
521 1992 542 2030 et
556 1991 655 2040 corporis
669 1991 834 2032 inclinationem
847 1993 910 2032 iacit.
940 1992 973 2040 (Β.

217 2055 243 2094 Β.
258 2055 280 2096 0.
294 2054 315 2097 8.
327 2055 411 2104 Aprilis
424 2055 497 2105 1808.)

178 2115 199 2172 2)
213 2121 302 2168 nosque
317 2120 396 2169 capitis
408 2121 551 2162 inclinatione
564 2123 616 2172 poet
630 2121 811 2171 genuflexionem.
841 2120 972 2175 (namra.)

180 2183 203 2238 ³)
215 2188 264 2228 Non
278 2187 340 2236 prins
353 2198 377 2228 ee
391 2188 525 2228 inclinando.
541 2189 680 2237 scanciam.)

179 2247 202 2302 ⁴)
217 2249 253 2294 88,
268 2251 409 2292 §aeramento
423 2253 447 2292 in
460 2254 527 2294 alteri
541 2253 642 2302 expetite
652 2254 766 2296 celebrans
779 2255 908 2304 genuflectit
921 2256 973 2298 eine

219 2318 300 2367 capitis
314 2318 457 2360 inclinatione
464 2321 645 2370 quandocumque
655 2321 741 2362 accedit
754 2322 789 2361 vel
803 2323 887 2363 recedit
901 2333 916 2362 a
925 2333 973 2364 me-

220 2385 256 2426 dlo
270 2385 358 2434 nuris,
372 2385 407 2426 rel
420 2386 502 2427 transit
515 2389 567 2426 ante
576 2385 749 2430 sacramentnm.
764 2388 896 2438 (Baba-uua.
905 2389 974 2431 llice.

168 2477 171 2482 ,
218 2450 250 2492 tit.
264 2447 295 2489 11.
308 2461 328 2491 a.
343 2449 361 2488 1.
378 2452 401 2489 et
415 2451 479 2496 naor.
494 2451 557 2492 Miee.
569 2452 641 2502 seriae
658 2452 680 2496 V.
694 2454 718 2494 io
733 2453 801 2494 (ἕνεκα
813 2453 920 2504 Domini.)

179 2513 201 2565 Ι5)
215 2515 318 2556 namon·
333 2516 423 2556 iunctis.
438 2515 565 2568 (Ameana.)
586 2519 676 2568 „Aliqui
688 2520 819 2560 rubricistee
828 2519 975 2570 voluntque·

219 2581 356 2630 tiescnrnque
371 2581 484 2622 acceditur
499 2583 526 2622 ad
540 2583 620 2623 altaris
632 2585 736 2633 menium,
755 2585 832 2626 veleb
846 2586 896 2634 ipso
909 2596 975 2626 rece-
1060 2581 1061 2586 ’

218 2645 285 2695 ditur,
299 2647 366 2694 ceput
376 2647 436 2686 arnol
446 2658 494 2688 esse
503 2648 667 2698 inclinandum
682 2650 720 2690 alli
736 2650 833 2690 sentient
842 2650 976 2692 huiuamodi

216 2711 370 2752 inclinationes
384 2713 437 2752 tnnc
451 2714 538 2754 tantum
552 2714 673 2765 faciendas,
693 2726 760 2764 quum
774 2727 789 2756 a
801 2715 892 2756 rubrica
905 2726 975 2768 pne

218 2777 352 2820 scribentum
379 2776 504 2828 Quaeritur,
518 2780 607 2828 quando
620 2780 747 2822 huiusmodi
760 2781 876 2822 inclinatio
891 2783 923 2823 sit
938 2783 974 2826 ἡ·
1056 2770 1059 2779 ’

215 2843 307 2886 timi
317 2840 698 2898 8.B·0·12.n10v.1881.sea120nda:
709 2849 973 2900 ‚flemmarntsim“
