2146 3234
336 165 369 206 Dc
383 167 524 207 sacramento
537 165 681 206 Matrimonii.
818 150 822 160 ’
867 163 907 208 dil

106 265 336 336 clandestinum,
355 266 412 324 sive
431 279 465 320 ex
483 265 535 321 alio
554 265 674 334 insimul3
693 265 765 334 quod
779 271 809 320 ut
822 265 903 334 pluri-

106 355 179 400 mum
197 336 317 393 accidere
335 344 425 406 potest
442 338 471 391 in
488 337 664 392 Matrimoniis
679 351 752 390 mere
767 337 903 407 civilibus3

107 414 133 466 2.
159 408 265 477 quando
289 424 344 463 una
366 408 548 463 tantummodo
572 423 636 476 pars
661 408 761 462 hebeat
782 409 904 463 notitiam

106 480 297 550 impedimenti,
315 480 388 547 quod
406 480 484 534 alteri
507 480 564 534 sine
589 478 708 548 periculo
726 477 841 532 revelari
858 494 904 533 ne·

108 553 180 621 quit;
198 554 225 608 3.
245 551 351 620 quando
369 558 483 618 uterque
502 551 599 604 coniux
611 551 678 604 vivit
690 550 718 602 in
731 549 902 605 Matrimonio

107 622 216 679 nulliter
228 628 373 690 contracto,
388 622 452 690 quin
464 628 555 676 tamen
568 621 625 677 siue
639 621 796 689 gravissimo
808 619 903 676 damno

108 694 225 763 desuper
243 693 381 748 certiorari
400 699 507 760 queant.

143 766 175 819 In
193 765 364 820 exsecutione
387 764 467 818 huius
493 762 698 832 dispensationis
726 759 904 817 osculandae

108 845 171 892 sunt
189 836 362 905 conditiones,
386 835 436 890 sub
459 835 555 902 quibus
582 835 637 888 vim
660 834 781 888 obtinere
806 833 903 888 valeat.

107 907 390 976 Requiriturvautem:
416 911 442 971 a)
461 913 491 960 ut
514 906 702 960 contrahentes
729 904 904 959 communiter

107 979 258 1034 habeantur
273 994 324 1047 pro
342 977 467 1046 legitimis
485 977 649 1046 coniugibus,
667 991 755 1044 neque
769 975 904 1032 cohabita·

107 1050 145 1105 tio
164 1065 257 1105 eorum
275 1049 312 1104 sit
327 1047 467 1104 manifeste
484 1047 643 1115 fornicaria3
657 1048 683 1117 b)
698 1055 728 1102 ut
741 1048 836 1103 saltem
849 1062 903 1101 una

106 1136 171 1190 pars
195 1118 336 1175 bonafide
361 1119 559 1174 Matrimonium
584 1120 747 1174 contraxerit
770 1118 905 1173 etaltera

107 1208 171 1261 pars
189 1208 238 1261 pro
257 1206 322 1246 casu
340 1205 498 1246 consensum
515 1191 699 1258 renovaverit5
717 1207 779 1244 nam
793 1190 816 1246 si
831 1196 903 1244 uter·

107 1278 160 1331 que
179 1263 276 1317 coniux
293 1261 364 1316 mala
379 1261 433 1316 fide
451 1262 635 1330 contraxisset,
659 1261 859 1316 Matrimonium
876 1261 904 1315 in

106 1332 197 1388 radice
215 1349 269 1388 non
288 1340 330 1387 est
347 1333 473 1400 sanabile,
492 1333 555 1400 quia
573 1332 681 1401 nullum,
700 1347 734 1386 ne
752 1332 901 1386 naturalem

107 1403 214 1474 quidem
232 1419 390 1474 consensum
402 1405 431 1458 in
439 1404 638 1458 Matrimonium
651 1403 817 1470 babuenmt3
838 1403 860 1471 c)
880 1403 904 1457 si

106 1490 172 1529 vero
192 1475 224 1528 ab
242 1475 318 1530 initio
336 1473 477 1530 bonafide
496 1480 693 1541 contraxerunt,
718 1474 781 1528 licet
807 1471 903 1527 deinde

107 1545 213 1602 deiecto
231 1545 418 1613 impedimento
444 1553 538 1600 contra
556 1543 745 1600 conscientiam
763 1545 791 1598 in
809 1543 903 1598 Matri·

106 1616 197 1672 monio
221 1624 471 1686 perseveraverunt,
497 1617 597 1686 poterit
622 1616 726 1670 sanatio
756 1615 784 1669 in
810 1614 902 1668 radice

106 1688 208 1744 habere
225 1688 325 1756 locum;
343 1687 370 1757 d)
384 1687 483 1742 debent
495 1686 589 1743 adesse
604 1701 700 1741 causae
715 1686 905 1754 gravissimae3

107 1760 133 1830 e)
152 1758 233 1814 debet
250 1766 380 1828 constare,
406 1760 533 1828 coniuges
560 1758 611 1814 sibi
638 1758 671 1811 ab
699 1757 774 1812 initio
800 1755 905 1812 dedisse

105 1846 201 1886 verum
225 1837 252 1884 et
270 1830 368 1886 serium
393 1846 552 1885 eonsensum
576 1829 800 1883 Matrimonialem
824 1833 852 1882 et
877 1826 906 1881 in

107 1917 141 1958 eo
167 1901 255 1956 adhuc
284 1915 471 1971 perseverare,
499 1902 523 1956 si
553 1901 598 1954 vel
624 1900 657 1954 ab
681 1915 734 1954 uno
765 1906 907 1954 revocatus

106 1973 211 2042 fuisset,
229 1973 304 2028 locus
323 1988 377 2027 non
395 1972 465 2027 foret
483 1971 684 2041 dispensationi.

142 2043 240 2112 Quoad
257 2043 365 2099 modum
389 2059 454 2098 vero
474 2043 652 2098 exsecutionis
670 2042 750 2096 buius
769 2041 905 2111 dispeusa-

105 2116 187 2172 tionis
205 2113 352 2170 notandum
368 2116 450 2184 venit,
476 2113 548 2183 quod
574 2115 674 2180 absque
702 2113 773 2168 omni
796 2112 906 2181 speciali

106 2187 287 2255 applicatione
306 2186 431 2241 obtentae
450 2185 658 2254 dispensationis
676 2191 790 2253 uterque
809 2184 907 2239 coniux

105 2259 134 2312 in
151 2258 223 2312 bona
240 2256 293 2312 fide
310 2256 500 2324 relinquendus
519 2257 562 2325 sit,
587 2254 693 2324 quando
719 2263 832 2322 uterque
858 2254 906 2308 im·

106 2329 288 2398 pedimentum
305 2329 420 2396 ignorat,
438 2328 478 2381 uti
490 2329 519 2380 in
538 2327 659 2381 nrdlitate
674 2327 785 2380 alicuius
800 2325 906 2394 dispeu-

107 2400 219 2455 sationis
237 2399 271 2454 ob
291 2399 423 2454 defectum
442 2399 557 2467 aliquem
574 2396 633 2452 fieri
652 2397 722 2452 solet
741 2397 785 2451 vel
800 2395 906 2464 quando

107 2469 286 2526 confessarius
304 2470 520 2538 impedimentum
546 2468 680 2523 detectum
704 2469 792 2523 neutri
817 2469 907 2522 coniu-

107 2555 171 2608 gum
198 2541 299 2609 absque
326 2541 445 2610 periculo
473 2540 631 2609 gravissimo
661 2539 782 2594 revelare
807 2545 905 2607 potest.

109 2609 213 2678 Quodsi
237 2627 301 2667 vero
326 2629 380 2667 una
404 2627 467 2680 pars
492 2618 535 2666 est
558 2611 609 2665 rite
627 2609 758 2678 disposita
777 2616 804 2664 et
822 2610 908 2665 altera

108 2681 282 2749 reliquerat
308 2683 457 2739 nullitatem
482 2688 510 2736 et
535 2682 638 2736 moneri
664 2681 764 2749 nequit,
792 2681 836 2734 vel
853 2695 908 2734 non

108 2752 167 2808 vult
184 2753 334 2808 consentire
351 2753 527 2820 renovationi,
546 2751 672 2807 sacerdos
691 2751 726 2806 ad
738 2751 790 2805 boc
800 2750 906 2818 delega-

107 2830 152 2882 tus
171 2821 258 2880 forma
275 2839 336 2892 pag.
361 2828 424 2881 481.
447 2824 536 2894 posita
558 2824 586 2878 in
610 2838 698 2878 sacro⁴
711 2822 839 2877 tribunali
862 2820 907 2876 vel
