2108 3226
162 174 202 218 M
392 175 575 226 Praeparationes
588 175 618 216 ed
632 175 729 220 Musam.

161 277 289 334 orificium
309 276 358 330 tibi
379 282 486 345 gratum
503 283 545 332 est
563 277 672 346 spiritus
687 276 895 346 conimbulatus3
914 293 963 334 cor

162 349 305 405 contritum
319 356 347 402 et
359 349 536 417 humiliatum,
550 349 633 418 Deus,
646 365 701 403 non
719 348 867 418 despicies;
880 348 962 405 doleo

162 422 253 489 itaque
267 435 302 474 ex
314 426 372 474 toto
386 419 475 488 corde,
495 419 567 487 quod
587 435 705 489 unquam
721 419 821 475 offendi
839 428 875 489 te,
895 436 911 477 ο
925 423 963 476 mi

162 493 238 547 Deus
257 498 285 546 et
306 507 437 556 summum
461 491 560 546 bouum
585 507 679 546 meum.
717 491 826 560 Averto,
850 497 963 562 quaeso,

162 563 259 618 faciem
275 570 350 617 tuam
368 578 385 616 a
401 563 519 631 peccatis
537 563 618 632 meis,
647 570 674 617 et
691 563 795 631 respice
820 562 964 618 infaciem

166 634 273 702 Christi,
293 632 357 687 Filii
373 633 414 687 tui
431 634 575 704 unigeniti;
599 634 643 688 hic
657 641 699 689 est
711 635 780 689 enim
795 633 916 702 dilectus,
934 635 964 689 in

164 722 217 775 qno
235 705 285 760 tibi
302 704 371 758 benc
390 705 557 774 complacuit,
576 720 655 773 quem
667 706 749 760 tantis
763 705 865 773 gratiae
885 704 964 762 donis
1041 735 1043 752 ι

163 785 220 833 tam
243 776 330 858 large·
343 775 496 845 cumulasti,
524 783 554 830 ut
579 776 613 831 de
638 775 803 845 plenitudine
829 776 887 831 eius
912 792 963 832 nos

165 863 258 903 omnes
276 861 464 914 acciperemus.

202 919 262 986 Ego
280 917 371 984 itaque
388 917 452 972 licet
468 919 592 987 indignus
610 924 749 988 peccator,
778 924 896 972 attamen
913 933 965 988 par

168 991 282 1058 gratiam
294 995 368 1042 tuam
387 990 512 1045 sacerdos
533 999 560 1045 et
573 997 749 1058 semustum,
771 989 855 1044 offero
868 989 927 1058 tibi,
946 1005 964 1045 o

167 1075 268 1116 summe
288 1059 372 1127 Deua,
391 1060 549 1116 sacrificium
566 1060 694 1129 Corporis
711 1067 739 1115 et
752 1060 895 1128 Sanguinis
908 1061 965 1116 Do·

167 1132 231 1186 mini
248 1131 300 1185 mei
319 1131 387 1186 Jesu
400 1131 507 1200 Christi,
524 1131 606 1199 idque
622 1130 713 1185 iacere
731 1146 900 1200 summopere
918 1131 966 1186 de·

167 1202 264 1270 sidero,
283 1203 432 1256 cumomni
451 1202 556 1271 affectu,
574 1202 681 1257 fervore
701 1209 728 1257 et
746 1202 889 1271 desiderio,
908 1218 964 1271 quo

165 1273 233 1328 illud
250 1288 367 1340 unquam
385 1274 539 1329 obtinerunt
553 1273 643 1328 Sancti
655 1282 744 1328 tecum
761 1289 831 1328 nunc
844 1273 963 1342 gauden-

166 1351 209 1401 tes
226 1345 254 1398 in
272 1345 356 1413 coelo,
376 1351 423 1400 aut
439 1345 555 1400 offerrmt
577 1345 616 1413 pii
634 1346 777 1399 etiamnum
794 1345 917 1400 viventes
935 1346 965 1400 in

166 1423 256 1484 terra;
274 1416 411 1470 inuniorm
421 1431 528 1484 quoqne
536 1416 681 1471 immensae
691 1416 762 1471 illius
772 1416 899 1485 caritatis,
910 1431 965 1483 qua

166 1488 206 1544 sic
224 1486 340 1542 dilexisti
357 1487 497 1556 mundum,
526 1495 557 1543 ut
581 1488 679 1541 Filium
705 1494 780 1542 tuum
797 1487 966 1555 unigenitum

168 1559 246 1616 nobis
265 1558 358 1627 dares3
385 1559 413 1613 in
437 1559 668 1628 unione-amoris,
695 1573 748 1626 qno
773 1559 832 1626 ipse
851 1557 885 1612 de
904 1559 966 1614 sinu

166 1638 214 1686 tuo
241 1631 316 1686 venit
339 1630 367 1684 in
394 1637 500 1685 uterum
517 1629 634 1699 Virginis
659 1636 686 1684 ct
703 1630 783 1685 homo
801 1629 889 1684 iactus
907 1636 965 1699 cst3

168 1702 197 1758 in
213 1703 313 1757 unione
332 1700 455 1756 sacrificii
474 1701 645 1770 admirabilis,
664 1699 736 1769 quod
753 1699 825 1754 idem
838 1701 966 1768 Unigeni-

167 1780 211 1828 tus
229 1781 300 1843 tuus,
318 1773 347 1826 in
364 1773 458 1827 ultima
476 1789 568 1843 coena,
586 1787 676 1828 coram
694 1771 832 1840 discipulis
850 1773 907 1826 suis
925 1773 965 1826 in·

167 1844 261 1914 stituit,
281 1851 308 1899 et
320 1843 428 1899 tandem
438 1845 467 1898 in
479 1860 557 1899 cruce
571 1844 687 1900 moriens
700 1844 900 1898 consummavit.
928 1843 967 1898 Et

168 1915 247 1971 mmul
265 1915 348 1970 offero
367 1916 416 1968 tibi
428 1916 545 1983 pretium
556 1915 698 1983 Sanguinis
716 1915 782 1982 eius,
801 1921 965 1981 cunctosque

167 1987 283 2055 labores,
303 1985 410 2041 dolores
429 1993 457 2040 et
475 2001 579 2040 omnem
592 1986 748 2040 thesaurum
760 1986 879 2040 caritatis
897 1986 965 2054 eius,
1002 2003 1015 2027 κ

167 2059 263 2114 merita
274 2071 382 2126 quoque
392 2057 563 2112 beatisimae
573 2058 666 2112 matris
676 2057 742 2126 eius,
761 2055 965 2124 omncmfidem,

168 2144 243 2199 spem
262 2135 290 2182 et
307 2129 446 2183 caritatem
463 2129 602 2198 iustorum,
621 2143 725 2183 omnem
741 2127 919 2182 humilitatem
938 2134 966 2182 et

166 2199 397 2256 mortificationem
409 2215 473 2254 vore
485 2199 688 2268 poenitentium,
705 2213 798 2254 omnes
817 2199 965 2266 gratianum

167 2272 287 2328 actiones
305 2278 333 2326 et
349 2269 451 2340 laudes,
470 2285 537 2338 quas
554 2270 603 2325 tibi
623 2271 751 2325 universa
768 2270 891 2339 ecclesie,
908 2275 966 2324 mm

166 2344 283 2398 militans
296 2343 325 2396 in
343 2342 430 2411 terris,
448 2348 505 2396 tum
524 2342 692 2411 triumphans
708 2343 737 2394 in
757 2340 843 2409 gloria
861 2340 965 2409 persol-

166 2416 214 2470 vit
250 2414 288 2469 Ει
304 2413 390 2482 primo
410 2412 517 2481 quidem
533 2411 600 2468 illud
623 2413 708 2468 offero
726 2411 761 2466 ad
778 2427 908 2467 summam
927 2410 966 2465 di·

166 2487 246 2540 vinae
271 2491 299 2539 ct
316 2492 443 2539 aeternae
461 2485 609 2540 maiestatis
626 2491 690 2538 tuac
708 2483 835 2552 gloriam,
864 2483 966 2538 cultum

167 2565 195 2613 et
212 2556 396 2612 adorationem
413 2555 462 2610 tibi
479 2557 554 2610 velut
572 2570 696 2624 supremo
712 2555 781 2623 Deo,
798 2554 914 2610 Domino
934 2567 966 2608 ac

166 2644 256 2684 rorum
275 2627 391 2682 omnium
409 2628 513 2682 auctori
524 2627 656 2695 debitam,
673 2627 702 2680 in
715 2626 845 2680 honorem
857 2639 965 2694 quoque

167 2707 195 2756 et
212 2699 489 2755 commemorationem
507 2698 702 2754 sacratissimae
720 2695 903 2766 humanitatis,
925 2697 965 2750 in·

167 2771 337 2840 carnationis,
352 2771 507 2840 nativitatis,
520 2770 662 2838 passionis,
675 2768 776 2836 mortis,
790 2767 966 2822 resurrectio·

166 2844 209 2900 nis
229 2851 256 2900 et
270 2842 434 2901 ascensionis
451 2841 560 2898 Domini
577 2841 663 2897 nostri
679 2841 746 2896 Jesu
765 2837 872 2894 Christi.
910 2838 965 2893 De·
