2138 3226
352 177 409 218 Ordo
422 179 481 218 vltaa
493 177 642 227 medonte,
854 176 897 222 dil

91 279 185 336 officia
202 277 313 348 publica
330 295 391 334 cum
408 277 538 347 decentia,
560 279 690 348 religione
709 286 736 333 et
754 281 897 338 sermnem

93 351 286 406 aedificatione
295 359 465 418 peragantur.
476 351 636 418 Plerumque
646 365 680 404 ex
688 350 794 406 inscitia
802 360 896 410 cantus

93 422 237 478 irrisiones
257 429 286 476 et
303 421 429 476 scandala
446 437 500 476 non
517 422 588 476 levia
606 421 785 476 suboriuntur.

132 493 224 550 XXX.
261 492 380 546 Domum
396 498 512 547 omnam
529 493 593 547 boec
610 494 700 562 regite.
717 491 762 546 Ad
779 501 897 548 vestram

17 565 18 592 ¹
95 564 210 621 domurn
241 570 315 618 recte
343 563 488 632 regendam
515 565 657 632 vigilanter
681 563 826 631 intendite3
851 565 898 632 qui

97 637 172 690 enim
191 635 283 690 domui
301 636 605 703 suaepreeessencscit,
623 633 897 702 quomodoceoleaiae

97 707 154 762 Dei
173 706 339 774 diligentiam
355 706 486 761 habebit?
504 706 648 762 Providete
662 714 693 762 ut
707 707 898 762 omniaseoun·

83 778 165 834 'dum
183 785 291 845 tempus
309 784 337 830 et
355 777 475 832 ordinem
492 777 558 832 liant
575 779 622 845 ita,
647 785 678 832 ut
694 785 785 832 vestre
803 777 898 834 donus

99 848 300 905 communitatis
318 848 454 902 cniusdam
471 848 540 903 bene
558 847 696 904 ordinatae
705 850 821 917 speciem
829 847 898 904 reic-

97 929 152 976 rat.
190 920 318 974 Vestrum
336 920 485 974 cubiculum
503 921 542 974 sic
560 919 689 988 ordinate,
707 929 738 976 ut
754 919 853 976 fastum
871 926 899 976 ct

99 991 257 1061 squalorem
274 991 384 1059 nesciat,
402 990 451 1046 sed
468 991 623 1046 munditiam
634 991 772 1048 decentem
782 1007 899 1060 quaque

100 1079 212 1118 versum
241 1069 364 1116 ostentet.
401 1061 535 1130 „Ornatus
563 1070 590 1116 et
613 1062 707 1118 sordes
731 1064 792 1131 pari
818 1061 898 1118 modo

100 1133 249 1202 fugiendae
268 1141 337 1200 sunt,
357 1133 419 1200 quia
435 1132 547 1188 alterum
565 1133 682 1202 delitias,
711 1135 824 1190 alterum
842 1134 898 1202 glo·

99 1207 170 1260 riam
179 1203 311 1259 redolet.“
328 1204 368 1269 (S.
377 1205 560 1274 Hieronymus
569 1205 647 1273 epist
657 1205 691 1259 ad
700 1204 899 1275 Nepotianum.)

101 1276 201 1344 Quoad
218 1276 301 1332 libros
326 1276 369 1329 hic
393 1275 459 1330 ordo
486 1284 616 1330 servetur.
653 1277 684 1330 In
709 1278 796 1345 capite
815 1292 899 1344 eppo·

99 1355 202 1402 nannrr
220 1363 298 1402 sacra
314 1346 410 1414 Biblia,
428 1346 546 1402 secundo
564 1347 657 1408 ordine
676 1347 822 1416 Concilium
841 1347 899 1402 Tri·

102 1418 243 1474 dentinum
261 1434 321 1472 cum
340 1417 506 1474 Getechismo
525 1417 645 1473 eiusdem
663 1418 781 1486 concilii,
799 1426 901 1474 statuta

103 1497 132 1546 et
149 1489 328 1546 catechismus
346 1497 452 1544 vacuae
467 1488 606 1557 dioecesis,
623 1489 691 1543 liber
700 1491 810 1557 regulae
819 1490 900 1558 vitae,

104 1577 159 1616 non
172 1559 247 1628 apud
256 1560 415 1628 bibliopolas
425 1567 537 1629 emptus,
556 1559 604 1616 sed
613 1575 773 1628 unoquoque
783 1567 902 1614 vestrum

103 1640 216 1688 auctore
226 1633 396 1700 compositus,
407 1631 521 1686 imitatio
530 1631 637 1699 Christi,
647 1632 741 1699 Pugna
748 1630 901 1713 spiritualis,

104 1703 257 1771 Philothea
269 1703 326 1757 sive
335 1701 627 1757 Innoductioinvitem
635 1702 766 1759 devonia
795 1699 902 1756 Hiead·

105 1776 250 1843 iungantur
267 1773 335 1828 bene
353 1773 429 1828 multi
446 1773 534 1828 bonae
551 1783 632 1828 notae
650 1773 719 1842 libri,
744 1772 903 1842 praesertim

105 1845 140 1900 ad
153 1846 246 1900 munia
260 1845 343 1900 vestri
356 1843 457 1900 ordinis
470 1853 594 1900 accurate
607 1844 731 1899 obeunda
742 1851 902 1913 spectantes.

140 1916 242 1970 XXXI.
281 1915 370 1984 opera
387 1916 587 1970 misericordiae
605 1921 727 1970 exercete.
768 1915 900 1984 Imprimis

106 1988 262 2056 ignorantes
273 1987 401 2054 doctrina,
420 1995 562 2054 peccantes
575 1988 727 2057 monitione,
743 1986 903 2044 dissidentes

108 2075 184 2127 pace,
209 2059 344 2126 litigantes
370 2058 562 2128 conciliatIonc,
586 2074 721 2126 pauperes
753 2059 904 2126 largitione,

109 2136 261 2186 moerentes
297 2129 488 2196 consolatione,
531 2137 702 2197 aegrotantes
742 2130 904 2197 visitatione,

110 2200 277 2256 offendentes
300 2201 419 2267 lenitate,
451 2201 607 2269 peregrinos
639 2201 830 2269 hospitalitate,
860 2198 905 2254 de·

110 2271 216 2327 itmctos
234 2272 472 2340 commiseratione,
501 2287 592 2327 omnes
617 2271 737 2326 fraterna
754 2271 904 2340 dilectione,

112 2345 156 2412 pia
169 2343 300 2412 oratione,
319 2341 465 2398 officiorum
482 2343 710 2398 commendatione
728 2344 866 2398 sublevate
877 2349 906 2397 et

110 2422 239 2470 recreate.

144 2485 258 2540 XXXII.
278 2484 417 2540 Scantinio
435 2485 546 2539 sollicite
560 2489 734 2553 praecanam,-
757 2484 804 2537 vix
822 2499 853 2538 ao
870 2497 905 2538 ne

109 2557 155 2612 vir
173 2555 281 2624 quidem
299 2555 351 2610 dici
368 2565 465 2624 potest,
492 2565 605 2622 quantas
630 2556 777 2609 animarum
802 2562 907 2622 strages
969 2591 974 2598 ·

111 2627 267 2683 clericorum
286 2634 313 2680 et
331 2626 748 2682 sacerdotuminordInatimorcs
767 2625 907 2693 ediderint,

112 2713 191 2766 quam
209 2696 360 2753 deflendam
372 2699 413 2752 rei
426 2698 587 2752 christianae
596 2697 749 2752 vestitatem
761 2696 906 2763 intulerint,

112 2778 177 2837 quot
185 2769 317 2838 religIoni,
326 2770 429 2838 pietati,
443 2769 536 2824 virtuti
549 2769 644 2838 plagas
657 2767 809 2822 indixerim.
819 2767 907 2820 Multo

113 2841 215 2896 maiora
233 2839 392 2896 detrimenta
409 2855 494 2912 parva
504 2838 815 2906 sacerdotumscandals,
829 2850 910 2904 quem
