<?xml version="1.0" encoding="UTF-8"?>
<!DOCTYPE html PUBLIC "-//W3C//DTD XHTML 1.0 Transitional//EN"
    "http://www.w3.org/TR/xhtml1/DTD/xhtml1-transitional.dtd">
<html xmlns="http://www.w3.org/1999/xhtml" xml:lang="en" lang="en">
 <head>
  <title>
</title>
<meta http-equiv="Content-Type" content="text/html;charset=utf-8" />
  <meta name='ocr-system' content='tesseract 3.04.00' />
  <meta name='ocr-capabilities' content='ocr_page ocr_carea ocr_par ocr_line ocrx_word'/>
</head>
<body>
  <div class='ocr_page' id='page_1' title='image "./manualesacerdot00schngoog_0554.png"; bbox 0 0 2152 3234; ppageno 0'>
   <div class='ocr_carea' id='block_1_1' title="bbox 176 151 797 200">
    <p class='ocr_par' dir='ltr' id='par_1_1' title="bbox 176 151 797 200">
     <span class='ocr_line' id='line_1_1' title="bbox 176 151 797 200; baseline 0.006 -4"><span class='ocrx_word' id='word_1_1' title='bbox 176 151 217 196; x_wconf 75' lang='grc'>524</span> <span class='ocrx_word' id='word_1_2' title='bbox 352 156 384 197; x_wconf 84' lang='lat' dir='ltr'>De</span> <span class='ocrx_word' id='word_1_3' title='bbox 399 156 589 198; x_wconf 71' lang='lat' dir='ltr'>documentorum</span> <span class='ocrx_word' id='word_1_4' title='bbox 602 157 797 200; x_wconf 74' lang='lat' dir='ltr'>administratione.</span> 
     </span>
    </p>
   </div>
   <div class='ocr_carea' id='block_1_2' title="bbox 175 258 986 542">
    <p class='ocr_par' dir='ltr' id='par_1_2' title="bbox 175 258 986 385">
     <span class='ocr_line' id='line_1_2' title="bbox 175 258 986 333; baseline 0.005 -19"><span class='ocrx_word' id='word_1_5' title='bbox 175 265 233 314; x_wconf 83' lang='lat' dir='ltr'>tum</span> <span class='ocrx_word' id='word_1_6' title='bbox 256 258 468 314; x_wconf 77' lang='lat' dir='ltr'><strong>benedictionem</strong></span> <span class='ocrx_word' id='word_1_7' title='bbox 490 260 543 316; x_wconf 89' lang='lat' dir='ltr'>illis</span> <span class='ocrx_word' id='word_1_8' title='bbox 568 259 702 331; x_wconf 84' lang='lat' dir='ltr'>conferat,</span> <span class='ocrx_word' id='word_1_9' title='bbox 727 260 863 315; x_wconf 85' lang='lat' dir='ltr'>celebrata</span> <span class='ocrx_word' id='word_1_10' title='bbox 887 260 986 333; x_wconf 85' lang='lat' dir='ltr'>Missa,</span> 
     </span>
     <span class='ocr_line' id='line_1_3' title="bbox 177 329 424 385; baseline 0 -1"><span class='ocrx_word' id='word_1_11' title='bbox 177 338 208 384; x_wconf 89' lang='lat' dir='ltr'>ut</span> <span class='ocrx_word' id='word_1_12' title='bbox 224 329 295 384; x_wconf 84' lang='lat' dir='ltr'>infra</span> <span class='ocrx_word' id='word_1_13' title='bbox 313 329 424 385; x_wconf 85' lang='lat' dir='ltr'>dicetm.</span> 
     </span>
    </p>

    <p class='ocr_par' dir='ltr' id='par_1_3' title="bbox 178 401 984 542">
     <span class='ocr_line' id='line_1_4' title="bbox 214 401 983 472; baseline 0.004 -17"><span class='ocrx_word' id='word_1_14' title='bbox 214 405 256 455; x_wconf 88' lang='lat'>17.</span> <span class='ocrx_word' id='word_1_15' title='bbox 275 401 477 456; x_wconf 77' lang='lat' dir='ltr'>Admoneantur</span> <span class='ocrx_word' id='word_1_16' title='bbox 491 409 633 470; x_wconf 89' lang='lat' dir='ltr'>praeterea</span> <span class='ocrx_word' id='word_1_17' title='bbox 646 403 781 471; x_wconf 79' lang='lat' dir='ltr'>coniuges,</span> <span class='ocrx_word' id='word_1_18' title='bbox 794 409 824 457; x_wconf 85' lang='lat' dir='ltr'>ut</span> <span class='ocrx_word' id='word_1_19' title='bbox 836 409 983 472; x_wconf 75' lang='lat' dir='ltr'><strong>antequam</strong></span> 
     </span>
     <span class='ocr_line' id='line_1_5' title="bbox 178 473 984 542; baseline 0.005 -16"><span class='ocrx_word' id='word_1_20' title='bbox 178 473 345 542; x_wconf 78' lang='lat' dir='ltr'>contrahant,</span> <span class='ocrx_word' id='word_1_21' title='bbox 364 489 414 528; x_wconf 92' lang='lat' dir='ltr'>sna</span> <span class='ocrx_word' id='word_1_22' title='bbox 430 480 543 542; x_wconf 90' lang='lat' dir='ltr'>peccata</span> <span class='ocrx_word' id='word_1_23' title='bbox 556 474 697 542; x_wconf 77' lang='lat' dir='ltr'>diligenter</span> <span class='ocrx_word' id='word_1_24' title='bbox 714 473 892 529; x_wconf 88' lang='lat' dir='ltr'>confiteantur</span> <span class='ocrx_word' id='word_1_25' title='bbox 906 483 935 530; x_wconf 92' lang='lat' dir='ltr'>et</span> <span class='ocrx_word' id='word_1_26' title='bbox 948 475 984 530; x_wconf 90' lang='lat' dir='ltr'>ad</span> 
     </span>
    </p>
   </div>
   <div class='ocr_carea' id='block_1_3' title="bbox 172 543 983 1608">
    <p class='ocr_par' dir='ltr' id='par_1_4' title="bbox 175 543 983 968">
     <span class='ocr_line' id='line_1_6' title="bbox 179 543 983 612; baseline 0.005 -14"><span class='ocrx_word' id='word_1_27' title='bbox 179 544 372 598; x_wconf 72' lang='lat' dir='ltr'>sanctissimam</span> <span class='ocrx_word' id='word_1_28' title='bbox 384 544 592 612; x_wconf 68' lang='lat' dir='ltr'>Euchariston,</span> <span class='ocrx_word' id='word_1_29' title='bbox 610 553 690 612; x_wconf 89' lang='lat' dir='ltr'>atque</span> <span class='ocrx_word' id='word_1_30' title='bbox 706 543 740 598; x_wconf 88' lang='lat' dir='ltr'>ad</span> <span class='ocrx_word' id='word_1_31' title='bbox 753 545 920 600; x_wconf 82' lang='lat' dir='ltr'>Matrimonii</span> <span class='ocrx_word' id='word_1_32' title='bbox 934 545 983 602; x_wconf 84' lang='lat' dir='ltr'>Sa·</span> 
     </span>
     <span class='ocr_line' id='line_1_7' title="bbox 178 615 983 686; baseline 0.006 -18"><span class='ocrx_word' id='word_1_33' title='bbox 178 621 342 668; x_wconf 83' lang='lat' dir='ltr'>crementum</span> <span class='ocrx_word' id='word_1_34' title='bbox 355 615 552 684; x_wconf 88' lang='lat' dir='ltr'>suscipiendum</span> <span class='ocrx_word' id='word_1_35' title='bbox 566 617 610 684; x_wconf 93' lang='lat' dir='ltr'>pie</span> <span class='ocrx_word' id='word_1_36' title='bbox 625 615 761 685; x_wconf 81' lang='lat' dir='ltr'>accedant,</span> <span class='ocrx_word' id='word_1_37' title='bbox 770 617 789 686; x_wconf 86' lang='lat'>¹)</span> <span class='ocrx_word' id='word_1_38' title='bbox 805 624 832 671; x_wconf 88' lang='lat' dir='ltr'>et</span> <span class='ocrx_word' id='word_1_39' title='bbox 845 617 983 684; x_wconf 89' lang='lat' dir='ltr'>quomodo</span> 
     </span>
     <span class='ocr_line' id='line_1_8' title="bbox 177 685 981 758; baseline 0.005 -19"><span class='ocrx_word' id='word_1_40' title='bbox 177 685 206 740; x_wconf 91' lang='lat' dir='ltr'>in</span> <span class='ocrx_word' id='word_1_41' title='bbox 223 699 256 740; x_wconf 89' lang='lat' dir='ltr'>eo</span> <span class='ocrx_word' id='word_1_42' title='bbox 274 693 347 740; x_wconf 90' lang='lat' dir='ltr'>recte</span> <span class='ocrx_word' id='word_1_43' title='bbox 362 694 389 740; x_wconf 92' lang='lat' dir='ltr'>et</span> <span class='ocrx_word' id='word_1_44' title='bbox 403 687 547 742; x_wconf 77' lang='lat' dir='ltr'>christiane</span> <span class='ocrx_word' id='word_1_45' title='bbox 563 688 716 742; x_wconf 86' lang='lat' dir='ltr'>conversari</span> <span class='ocrx_word' id='word_1_46' title='bbox 730 686 853 754; x_wconf 89' lang='lat' dir='ltr'>debeant,</span> <span class='ocrx_word' id='word_1_47' title='bbox 868 687 981 758; x_wconf 84' lang='lat' dir='ltr'>diligen-</span> 
     </span>
     <span class='ocr_line' id='line_1_9' title="bbox 176 757 982 827; baseline 0.005 -16"><span class='ocrx_word' id='word_1_48' title='bbox 176 762 220 811; x_wconf 89' lang='lat' dir='ltr'>ter</span> <span class='ocrx_word' id='word_1_49' title='bbox 237 757 403 812; x_wconf 86' lang='lat' dir='ltr'>instruantur</span> <span class='ocrx_word' id='word_1_50' title='bbox 421 773 455 812; x_wconf 87' lang='lat' dir='ltr'>ex</span> <span class='ocrx_word' id='word_1_51' title='bbox 474 757 565 812; x_wconf 89' lang='lat' dir='ltr'>divina</span> <span class='ocrx_word' id='word_1_52' title='bbox 579 758 725 827; x_wconf 80' lang='lat' dir='ltr'>Scriptura,</span> <span class='ocrx_word' id='word_1_53' title='bbox 744 758 866 827; x_wconf 85' lang='lat' dir='ltr'>exemplo</span> <span class='ocrx_word' id='word_1_54' title='bbox 877 759 982 815; x_wconf 80' lang='lat' dir='ltr'>Tobiae</span> 
     </span>
     <span class='ocr_line' id='line_1_10' title="bbox 178 827 981 902; baseline 0.006 -21"><span class='ocrx_word' id='word_1_55' title='bbox 178 834 207 882; x_wconf 90' lang='lat' dir='ltr'>et</span> <span class='ocrx_word' id='word_1_56' title='bbox 225 827 317 897; x_wconf 87' lang='lat' dir='ltr'>Sarae,</span> <span class='ocrx_word' id='word_1_57' title='bbox 335 829 479 896; x_wconf 88' lang='lat' dir='ltr'>verbisque</span> <span class='ocrx_word' id='word_1_58' title='bbox 499 829 595 898; x_wconf 83' lang='lat' dir='ltr'>Angeli</span> <span class='ocrx_word' id='word_1_59' title='bbox 608 829 756 898; x_wconf 75' lang='lat' dir='ltr'>RaphaeHs</span> <span class='ocrx_word' id='word_1_60' title='bbox 774 845 822 884; x_wconf 92' lang='lat' dir='ltr'>eos</span> <span class='ocrx_word' id='word_1_61' title='bbox 832 829 981 902; x_wconf 87' lang='lat' dir='ltr'>edocentis,</span> 
     </span>
     <span class='ocr_line' id='line_1_11' title="bbox 175 900 816 968; baseline 0.003 -16"><span class='ocrx_word' id='word_1_62' title='bbox 175 914 256 966; x_wconf 87' lang='lat' dir='ltr'>quam</span> <span class='ocrx_word' id='word_1_63' title='bbox 274 907 365 954; x_wconf 88' lang='lat' dir='ltr'>sancte</span> <span class='ocrx_word' id='word_1_64' title='bbox 387 900 514 968; x_wconf 82' lang='lat' dir='ltr'>coniuges</span> <span class='ocrx_word' id='word_1_65' title='bbox 533 901 648 956; x_wconf 85' lang='lat' dir='ltr'>debeant</span> <span class='ocrx_word' id='word_1_66' title='bbox 666 901 816 956; x_wconf 82' lang='lat' dir='ltr'>convivere.</span> 
     </span>
    </p>

    <p class='ocr_par' dir='ltr' id='par_1_5' title="bbox 172 970 981 1608">
     <span class='ocr_line' id='line_1_12' title="bbox 212 970 981 1040; baseline 0.007 -17"><span class='ocrx_word' id='word_1_67' title='bbox 212 972 253 1023; x_wconf 87' lang='grc'>18.</span> <span class='ocrx_word' id='word_1_68' title='bbox 281 970 421 1025; x_wconf 88' lang='lat' dir='ltr'>Postremo</span> <span class='ocrx_word' id='word_1_69' title='bbox 449 972 618 1027; x_wconf 87' lang='lat' dir='ltr'>meminerint</span> <span class='ocrx_word' id='word_1_70' title='bbox 644 971 763 1040; x_wconf 83' lang='lat' dir='ltr'>parochi,</span> <span class='ocrx_word' id='word_1_71' title='bbox 792 987 810 1026; x_wconf 90' lang='lat' dir='ltr'>a</span> <span class='ocrx_word' id='word_1_72' title='bbox 837 971 981 1028; x_wconf 89' lang='lat' dir='ltr'>Dominica</span> 
     </span>
     <span class='ocr_line' id='line_1_13' title="bbox 173 1040 980 1162; baseline 0.007 -69"><span class='ocrx_word' id='word_1_73' title='bbox 173 1040 260 1162; x_wconf 58' lang='lat' dir='ltr'>prima</span> <span class='ocrx_word' id='word_1_74' title='bbox 285 1040 426 1096; x_wconf 84' lang='lat' dir='ltr'>Adventus</span> <span class='ocrx_word' id='word_1_75' title='bbox 449 1057 535 1110; x_wconf 84' lang='lat' dir='ltr'>usque</span> <span class='ocrx_word' id='word_1_76' title='bbox 561 1043 596 1098; x_wconf 92' lang='lat' dir='ltr'>ad</span> <span class='ocrx_word' id='word_1_77' title='bbox 621 1042 691 1097; x_wconf 88' lang='lat' dir='ltr'>diem</span> <span class='ocrx_word' id='word_1_78' title='bbox 713 1043 884 1112; x_wconf 80' lang='lat' dir='ltr'>Epiphaniae</span> <span class='ocrx_word' id='word_1_79' title='bbox 908 1052 937 1099; x_wconf 88' lang='lat' dir='ltr'>et</span> <span class='ocrx_word' id='word_1_80' title='bbox 963 1060 980 1099; x_wconf 88' lang='lat' dir='ltr'>a</span> 
     </span>
     <span class='ocr_line' id='line_1_14' title="bbox 186 1111 979 1183; baseline 0.009 -20"><span class='ocrx_word' id='word_1_81' title='bbox 186 1111 242 1164; x_wconf 89' lang='lat' dir='ltr'>eria</span> <span class='ocrx_word' id='word_1_82' title='bbox 267 1119 363 1179; x_wconf 88' lang='lat' dir='ltr'>quarta</span> <span class='ocrx_word' id='word_1_83' title='bbox 390 1113 515 1168; x_wconf 76' lang='lat' dir='ltr'>Ginenom</span> <span class='ocrx_word' id='word_1_84' title='bbox 538 1129 623 1183; x_wconf 89' lang='lat' dir='ltr'>usque</span> <span class='ocrx_word' id='word_1_85' title='bbox 649 1114 684 1170; x_wconf 92' lang='lat' dir='ltr'>ad</span> <span class='ocrx_word' id='word_1_86' title='bbox 708 1123 830 1169; x_wconf 88' lang='lat' dir='ltr'>octavam</span> <span class='ocrx_word' id='word_1_87' title='bbox 854 1115 979 1170; x_wconf 77' lang='lat' dir='ltr'>Paschae</span> 
     </span>
     <span class='ocr_line' id='line_1_15' title="bbox 173 1180 978 1255; baseline 0.01 -21"><span class='ocrx_word' id='word_1_88' title='bbox 173 1180 302 1237; x_wconf 86' lang='lat' dir='ltr'>inclusive</span> <span class='ocrx_word' id='word_1_89' title='bbox 320 1184 502 1240; x_wconf 85' lang='lat' dir='ltr'>solemnitates</span> <span class='ocrx_word' id='word_1_90' title='bbox 519 1187 673 1254; x_wconf 88' lang='lat' dir='ltr'>nuptiarum</span> <span class='ocrx_word' id='word_1_91' title='bbox 690 1185 839 1253; x_wconf 86' lang='lat' dir='ltr'>prohibitas</span> <span class='ocrx_word' id='word_1_92' title='bbox 858 1201 930 1255; x_wconf 90' lang='lat' dir='ltr'>esse,</span> <span class='ocrx_word' id='word_1_93' title='bbox 947 1195 978 1242; x_wconf 90' lang='lat' dir='ltr'>ut</span> 
     </span>
     <span class='ocr_line' id='line_1_16' title="bbox 172 1253 979 1326; baseline 0.01 -20"><span class='ocrx_word' id='word_1_94' title='bbox 172 1253 281 1320; x_wconf 89' lang='lat' dir='ltr'>nuptias</span> <span class='ocrx_word' id='word_1_95' title='bbox 304 1254 473 1326; x_wconf 86' lang='lat' dir='ltr'>benedicere,</span> <span class='ocrx_word' id='word_1_96' title='bbox 504 1273 630 1324; x_wconf 87' lang='lat' dir='ltr'>sponsam</span> <span class='ocrx_word' id='word_1_97' title='bbox 659 1256 817 1326; x_wconf 86' lang='lat' dir='ltr'>traducere,</span> <span class='ocrx_word' id='word_1_98' title='bbox 844 1257 979 1325; x_wconf 83' lang='lat' dir='ltr'>nuptialia</span> 
     </span>
     <span class='ocr_line' id='line_1_17' title="bbox 173 1323 978 1384; baseline 0.006 -6"><span class='ocrx_word' id='word_1_99' title='bbox 173 1323 310 1380; x_wconf 86' lang='lat' dir='ltr'>celebrare</span> <span class='ocrx_word' id='word_1_100' title='bbox 329 1327 458 1381; x_wconf 82' lang='lat' dir='ltr'>convivia</span> <span class='ocrx_word' id='word_1_101' title='bbox 495 1327 693 1382; x_wconf 86' lang='lat' dir='ltr'>Matrimonium</span> <span class='ocrx_word' id='word_1_102' title='bbox 712 1336 802 1382; x_wconf 89' lang='lat' dir='ltr'>autem</span> <span class='ocrx_word' id='word_1_103' title='bbox 820 1329 893 1382; x_wconf 90' lang='lat' dir='ltr'>omni</span> <span class='ocrx_word' id='word_1_104' title='bbox 911 1336 978 1384; x_wconf 86' lang='lat' dir='ltr'>tem·</span> 
     </span>
     <span class='ocr_line' id='line_1_18' title="bbox 172 1397 977 1468; baseline 0.006 -19"><span class='ocrx_word' id='word_1_105' title='bbox 172 1409 240 1464; x_wconf 89' lang='lat' dir='ltr'>pore</span> <span class='ocrx_word' id='word_1_106' title='bbox 259 1398 381 1451; x_wconf 87' lang='lat' dir='ltr'>contrahi</span> <span class='ocrx_word' id='word_1_107' title='bbox 398 1405 496 1466; x_wconf 83' lang='lat' dir='ltr'>potest</span> <span class='ocrx_word' id='word_1_108' title='bbox 521 1399 640 1467; x_wconf 84' lang='lat' dir='ltr'>Nuptiae</span> <span class='ocrx_word' id='word_1_109' title='bbox 657 1415 731 1468; x_wconf 91' lang='lat' dir='ltr'>vero,</span> <span class='ocrx_word' id='word_1_110' title='bbox 750 1415 804 1467; x_wconf 87' lang='lat' dir='ltr'>qna</span> <span class='ocrx_word' id='word_1_111' title='bbox 822 1397 902 1454; x_wconf 88' lang='lat' dir='ltr'>decet</span> <span class='ocrx_word' id='word_1_112' title='bbox 918 1415 977 1454; x_wconf 90' lang='lat' dir='ltr'>mo·</span> 
     </span>
     <span class='ocr_line' id='line_1_19' title="bbox 173 1463 978 1538; baseline 0.009 -18"><span class='ocrx_word' id='word_1_113' title='bbox 173 1463 261 1522; x_wconf 90' lang='lat' dir='ltr'>destia</span> <span class='ocrx_word' id='word_1_114' title='bbox 278 1475 306 1524; x_wconf 89' lang='lat' dir='ltr'>et</span> <span class='ocrx_word' id='word_1_115' title='bbox 322 1469 463 1524; x_wconf 87' lang='lat' dir='ltr'>honestate</span> <span class='ocrx_word' id='word_1_116' title='bbox 481 1467 563 1538; x_wconf 87' lang='lat' dir='ltr'>fiant;</span> <span class='ocrx_word' id='word_1_117' title='bbox 589 1476 682 1525; x_wconf 89' lang='lat' dir='ltr'>sancta</span> <span class='ocrx_word' id='word_1_118' title='bbox 707 1471 776 1524; x_wconf 89' lang='lat' dir='ltr'>enim</span> <span class='ocrx_word' id='word_1_119' title='bbox 793 1485 839 1526; x_wconf 87' lang='lat' dir='ltr'>ros</span> <span class='ocrx_word' id='word_1_120' title='bbox 857 1478 900 1526; x_wconf 87' lang='lat' dir='ltr'>est</span> <span class='ocrx_word' id='word_1_121' title='bbox 917 1471 978 1526; x_wconf 88' lang='lat' dir='ltr'>Ma·</span> 
     </span>
     <span class='ocr_line' id='line_1_20' title="bbox 175 1538 693 1608; baseline 0.006 -16"><span class='ocrx_word' id='word_1_122' title='bbox 175 1538 336 1608; x_wconf 90' lang='lat' dir='ltr'>trimonium,</span> <span class='ocrx_word' id='word_1_123' title='bbox 355 1549 500 1608; x_wconf 84' lang='lat' dir='ltr'>sancteque</span> <span class='ocrx_word' id='word_1_124' title='bbox 518 1541 693 1596; x_wconf 88' lang='lat' dir='ltr'>tractandum.</span> 
     </span>
    </p>
   </div>
   <div class='ocr_carea' id='block_1_4' title="bbox 173 1610 1063 1825">
    <p class='ocr_par' dir='ltr' id='par_1_6' title="bbox 173 1610 1063 1825">
     <span class='ocr_line' id='line_1_21' title="bbox 213 1610 1063 1678; baseline 0.005 -15"><span class='ocrx_word' id='word_1_125' title='bbox 213 1613 255 1664; x_wconf 88' lang='lat'>19.</span> <span class='ocrx_word' id='word_1_126' title='bbox 275 1610 350 1678; x_wconf 80' lang='lat' dir='ltr'>Quae</span> <span class='ocrx_word' id='word_1_127' title='bbox 369 1611 530 1666; x_wconf 83' lang='lat' dir='ltr'>omniafere</span> <span class='ocrx_word' id='word_1_128' title='bbox 556 1628 591 1666; x_wconf 86' lang='lat' dir='ltr'>ex</span> <span class='ocrx_word' id='word_1_129' title='bbox 609 1614 679 1667; x_wconf 89' lang='lat' dir='ltr'>sacri</span> <span class='ocrx_word' id='word_1_130' title='bbox 697 1611 808 1666; x_wconf 76' lang='lat' dir='ltr'>Consilii</span> <span class='ocrx_word' id='word_1_131' title='bbox 826 1611 977 1667; x_wconf 86' lang='lat' dir='ltr'>Tridentini</span> <span class='ocrx_word' id='word_1_132' title='bbox 1062 1627 1063 1630; x_wconf 71' lang='grc'>’</span> 
     </span>
     <span class='ocr_line' id='line_1_22' title="bbox 175 1679 1063 1756; baseline 0.006 -22"><span class='ocrx_word' id='word_1_133' title='bbox 175 1679 291 1737; x_wconf 90' lang='lat' dir='ltr'>decretis</span> <span class='ocrx_word' id='word_1_134' title='bbox 310 1681 450 1752; x_wconf 86' lang='lat' dir='ltr'>desumpta</span> <span class='ocrx_word' id='word_1_135' title='bbox 468 1690 495 1738; x_wconf 89' lang='lat' dir='ltr'>et</span> <span class='ocrx_word' id='word_1_136' title='bbox 513 1683 577 1737; x_wconf 88' lang='lat' dir='ltr'>item</span> <span class='ocrx_word' id='word_1_137' title='bbox 596 1683 656 1751; x_wconf 87' lang='lat' dir='ltr'>alia,</span> <span class='ocrx_word' id='word_1_138' title='bbox 681 1698 749 1750; x_wconf 85' lang='lat' dir='ltr'>quae</span> <span class='ocrx_word' id='word_1_139' title='bbox 774 1683 813 1737; x_wconf 91' lang='lat' dir='ltr'>ibi</span> <span class='ocrx_word' id='word_1_140' title='bbox 831 1682 864 1736; x_wconf 93' lang='lat' dir='ltr'>de</span> <span class='ocrx_word' id='word_1_141' title='bbox 882 1683 977 1738; x_wconf 88' lang='lat' dir='ltr'>Matri-</span> <span class='ocrx_word' id='word_1_142' title='bbox 1062 1717 1063 1756; x_wconf 50' lang='lat'>4</span> 
     </span>
     <span class='ocr_line' id='line_1_23' title="bbox 173 1753 1063 1825; baseline 0.003 -19"><span class='ocrx_word' id='word_1_143' title='bbox 173 1753 263 1807; x_wconf 91' lang='lat' dir='ltr'>monio</span> <span class='ocrx_word' id='word_1_144' title='bbox 276 1754 328 1808; x_wconf 89' lang='lat' dir='ltr'>rite</span> <span class='ocrx_word' id='word_1_145' title='bbox 338 1753 519 1809; x_wconf 88' lang='lat' dir='ltr'>contrahendo</span> <span class='ocrx_word' id='word_1_146' title='bbox 531 1755 740 1825; x_wconf 86' lang='lat' dir='ltr'>praecipiuntur,</span> <span class='ocrx_word' id='word_1_147' title='bbox 754 1761 817 1809; x_wconf 82' lang='lat' dir='ltr'>sunt</span> <span class='ocrx_word' id='word_1_148' title='bbox 834 1754 978 1823; x_wconf 75' lang='lat' dir='ltr'>dihgentm</span> <span class='ocrx_word' id='word_1_149' title='bbox 1062 1789 1063 1802; x_wconf 40' lang='grc' dir='ltr'>ι</span> 
     </span>
    </p>
   </div>
   <div class='ocr_carea' id='block_1_5' title="bbox 172 1823 977 1980">
    <p class='ocr_par' dir='ltr' id='par_1_7' title="bbox 172 1823 977 1980">
     <span class='ocr_line' id='line_1_24' title="bbox 172 1823 348 1906; baseline 0 -28"><span class='ocrx_word' id='word_1_150' title='bbox 172 1823 348 1906; x_wconf 63' lang='lat' dir='ltr'>observanda.</span> 
     </span>
     <span class='ocr_line' id='line_1_25' title="bbox 173 1918 977 1980; baseline 0.002 -18"><span class='ocrx_word' id='word_1_151' title='bbox 173 1918 196 1963; x_wconf 94' lang='grc' dir='ltr'>ΙΙ.</span> <span class='ocrx_word' id='word_1_152' title='bbox 215 1919 294 1965; x_wconf 76' lang='lat' dir='ltr'>Variae</span> <span class='ocrx_word' id='word_1_153' title='bbox 308 1921 459 1966; x_wconf 68' lang='lat' dir='ltr'>instructiones</span> <span class='ocrx_word' id='word_1_154' title='bbox 472 1935 500 1966; x_wconf 80' lang='lat' dir='ltr'>ex</span> <span class='ocrx_word' id='word_1_155' title='bbox 512 1923 618 1980; x_wconf 75' lang='lat' dir='ltr'>thedcpia</span> <span class='ocrx_word' id='word_1_156' title='bbox 637 1923 711 1966; x_wconf 79' lang='lat' dir='ltr'>morali</span> <span class='ocrx_word' id='word_1_157' title='bbox 729 1925 793 1966; x_wconf 79' lang='lat' dir='ltr'>etex</span> <span class='ocrx_word' id='word_1_158' title='bbox 807 1922 854 1965; x_wconf 80' lang='lat' dir='ltr'>iore</span> <span class='ocrx_word' id='word_1_159' title='bbox 867 1921 977 1965; x_wconf 64' lang='lat' dir='ltr'>amico.</span> 
     </span>
    </p>
   </div>
   <div class='ocr_carea' id='block_1_6' title="bbox 174 1990 976 2204">
    <p class='ocr_par' dir='ltr' id='par_1_8' title="bbox 174 1990 976 2204">
     <span class='ocr_line' id='line_1_26' title="bbox 332 1990 891 2116; baseline 0.002 -73"><span class='ocrx_word' id='word_1_160' title='bbox 332 2059 338 2071; x_wconf 35' lang='grc' dir='ltr'>Ι</span> <span class='ocrx_word' id='word_1_161' title='bbox 419 1994 443 2044; x_wconf 88' lang='grc'>1.</span> <span class='ocrx_word' id='word_1_162' title='bbox 462 1990 506 2044; x_wconf 87' lang='lat' dir='ltr'>Dc</span> <span class='ocrx_word' id='word_1_163' title='bbox 523 1991 754 2116; x_wconf 35' lang='lat' dir='ltr'>apotactitae}</span> <span class='ocrx_word' id='word_1_164' title='bbox 801 2061 807 2074; x_wconf 94' lang='lat'><strong>.</strong></span> <span class='ocrx_word' id='word_1_165' title='bbox 874 2062 891 2074; x_wconf 93' lang='lat'>..</span> 
     </span>
     <span class='ocr_line' id='line_1_27' title="bbox 214 2055 976 2130; baseline 0.007 -20"><span class='ocrx_word' id='word_1_166' title='bbox 214 2055 357 2124; x_wconf 88' lang='lat' dir='ltr'>Sponsaha</span> <span class='ocrx_word' id='word_1_167' title='bbox 376 2070 439 2115; x_wconf 90' lang='lat' dir='ltr'>sunt</span> <span class='ocrx_word' id='word_1_168' title='bbox 452 2077 598 2130; x_wconf 68' lang='lat' dir='ltr'>promisero</span> <span class='ocrx_word' id='word_1_169' title='bbox 613 2062 704 2129; x_wconf 74' lang='lat' dir='ltr'>fatam</span> <span class='ocrx_word' id='word_1_170' title='bbox 750 2066 890 2115; x_wconf 74' lang='lat' dir='ltr'>ctnmomv</span> <span class='ocrx_word' id='word_1_171' title='bbox 901 2077 976 2130; x_wconf 82' lang='lat' dir='ltr'>ocra,</span> 
     </span>
     <span class='ocr_line' id='line_1_28' title="bbox 174 2127 975 2204; baseline 0.009 -25"><span class='ocrx_word' id='word_1_172' title='bbox 174 2127 341 2198; x_wconf 65' lang='lat' dir='ltr'>voluntario,</span> <span class='ocrx_word' id='word_1_173' title='bbox 361 2131 509 2186; x_wconf 79' lang='lat' dir='ltr'>delrhercla</span> <span class='ocrx_word' id='word_1_174' title='bbox 527 2138 552 2186; x_wconf 86' lang='lat' dir='ltr'>ct</span> <span class='ocrx_word' id='word_1_175' title='bbox 569 2139 674 2200; x_wconf 80' lang='lat' dir='ltr'>malua,</span> <span class='ocrx_word' id='word_1_176' title='bbox 692 2133 769 2204; x_wconf 74' lang='lat' dir='ltr'>sipoto</span> <span class='ocrx_word' id='word_1_177' title='bbox 783 2133 876 2202; x_wconf 75' lang='lat' dir='ltr'>aliquo</span> <span class='ocrx_word' id='word_1_178' title='bbox 893 2131 975 2186; x_wconf 66' lang='lat' dir='ltr'>ecam·</span> 
     </span>
    </p>
   </div>
   <div class='ocr_carea' id='block_1_7' title="bbox 186 2238 976 2492">
    <p class='ocr_par' dir='ltr' id='par_1_9' title="bbox 186 2238 976 2492">
     <span class='ocr_line' id='line_1_29' title="bbox 186 2238 972 2297; baseline 0.011 -16"><span class='ocrx_word' id='word_1_179' title='bbox 186 2238 208 2290; x_wconf 79' lang='lat'>1)</span> <span class='ocrx_word' id='word_1_180' title='bbox 222 2240 303 2284; x_wconf 75' lang='lat' dir='ltr'>Sancta</span> <span class='ocrx_word' id='word_1_181' title='bbox 310 2245 410 2294; x_wconf 73' lang='lat' dir='ltr'>synodus</span> <span class='ocrx_word' id='word_1_182' title='bbox 420 2248 524 2297; x_wconf 75' lang='lat' dir='ltr'>coniuges</span> <span class='ocrx_word' id='word_1_183' title='bbox 533 2247 645 2296; x_wconf 81' lang='lat' dir='ltr'>hortatur,</span> <span class='ocrx_word' id='word_1_184' title='bbox 661 2249 687 2288; x_wconf 87' lang='lat' dir='ltr'>nt</span> <span class='ocrx_word' id='word_1_185' title='bbox 700 2248 972 2296; x_wconf 63' lang='lat' dir='ltr'>summoconstant.</span> 
     </span>
     <span class='ocr_line' id='line_1_30' title="bbox 224 2308 975 2354; baseline 0.009 -7"><span class='ocrx_word' id='word_1_186' title='bbox 224 2309 260 2347; x_wconf 84' lang='lat' dir='ltr'>vel</span> <span class='ocrx_word' id='word_1_187' title='bbox 278 2308 357 2349; x_wconf 84' lang='lat' dir='ltr'>saltem</span> <span class='ocrx_word' id='word_1_188' title='bbox 375 2310 448 2350; x_wconf 85' lang='lat' dir='ltr'>triduo</span> <span class='ocrx_word' id='word_1_189' title='bbox 474 2314 525 2352; x_wconf 81' lang='lat' dir='ltr'>ante</span> <span class='ocrx_word' id='word_1_190' title='bbox 544 2312 679 2352; x_wconf 80' lang='lat' dir='ltr'>Matrimonii</span> <span class='ocrx_word' id='word_1_191' title='bbox 702 2313 915 2354; x_wconf 83' lang='lat' dir='ltr'>consummationem</span> <span class='ocrx_word' id='word_1_192' title='bbox 933 2325 975 2354; x_wconf 81' lang='lat' dir='ltr'>saa</span> 
     </span>
     <span class='ocr_line' id='line_1_31' title="bbox 224 2374 974 2424; baseline 0.009 -12"><span class='ocrx_word' id='word_1_193' title='bbox 224 2375 317 2422; x_wconf 82' lang='lat' dir='ltr'>peccata</span> <span class='ocrx_word' id='word_1_194' title='bbox 331 2374 449 2424; x_wconf 75' lang='lat' dir='ltr'>dlllgenter</span> <span class='ocrx_word' id='word_1_195' title='bbox 462 2377 609 2417; x_wconf 76' lang='lat' dir='ltr'>confiteantur</span> <span class='ocrx_word' id='word_1_196' title='bbox 627 2379 650 2416; x_wconf 86' lang='lat' dir='ltr'>at</span> <span class='ocrx_word' id='word_1_197' title='bbox 670 2377 698 2416; x_wconf 85' lang='lat' dir='ltr'>ad</span> <span class='ocrx_word' id='word_1_198' title='bbox 713 2377 875 2416; x_wconf 81' lang='lat' dir='ltr'>sanctissimum</span> <span class='ocrx_word' id='word_1_199' title='bbox 889 2377 974 2418; x_wconf 69' lang='lat' dir='ltr'>Eucha-</span> 
     </span>
     <span class='ocr_line' id='line_1_32' title="bbox 225 2437 976 2492; baseline 0.007 -16"><span class='ocrx_word' id='word_1_200' title='bbox 225 2437 302 2478; x_wconf 83' lang='lat' dir='ltr'>rlstlae</span> <span class='ocrx_word' id='word_1_201' title='bbox 315 2439 481 2480; x_wconf 80' lang='lat' dir='ltr'>Sacramentum</span> <span class='ocrx_word' id='word_1_202' title='bbox 495 2442 532 2491; x_wconf 89' lang='lat' dir='ltr'>ple</span> <span class='ocrx_word' id='word_1_203' title='bbox 546 2443 659 2482; x_wconf 82' lang='lat' dir='ltr'>accedant.</span> <span class='ocrx_word' id='word_1_204' title='bbox 687 2441 752 2492; x_wconf 83' lang='lat' dir='ltr'>(don.</span> <span class='ocrx_word' id='word_1_205' title='bbox 766 2441 823 2484; x_wconf 74' lang='lat' dir='ltr'>and</span> <span class='ocrx_word' id='word_1_206' title='bbox 837 2440 895 2483; x_wconf 76' lang='lat' dir='ltr'>Sera.</span> <span class='ocrx_word' id='word_1_207' title='bbox 904 2439 938 2483; x_wconf 80' lang='lat'>24.</span> <span class='ocrx_word' id='word_1_208' title='bbox 948 2443 976 2484; x_wconf 85' lang='lat' dir='ltr'>da</span> 
     </span>
    </p>
   </div>
   <div class='ocr_carea' id='block_1_8' title="bbox 223 2504 1063 2624">
    <p class='ocr_par' dir='ltr' id='par_1_10' title="bbox 223 2504 1063 2624">
     <span class='ocr_line' id='line_1_33' title="bbox 225 2504 1063 2562; baseline 0.007 -19"><span class='ocrx_word' id='word_1_209' title='bbox 225 2504 313 2544; x_wconf 75' lang='lat' dir='ltr'>reform.</span> <span class='ocrx_word' id='word_1_210' title='bbox 328 2506 424 2548; x_wconf 80' lang='lat' dir='ltr'>Matrlm.</span> <span class='ocrx_word' id='word_1_211' title='bbox 439 2507 492 2557; x_wconf 81' lang='lat' dir='ltr'>(lap.</span> <span class='ocrx_word' id='word_1_212' title='bbox 507 2504 534 2552; x_wconf 72' lang='lat'>1.)</span> <span class='ocrx_word' id='word_1_213' title='bbox 570 2510 619 2559; x_wconf 68' lang='lat' dir='ltr'>„la</span> <span class='ocrx_word' id='word_1_214' title='bbox 638 2513 664 2548; x_wconf 90' lang='lat' dir='ltr'>ut</span> <span class='ocrx_word' id='word_1_215' title='bbox 678 2509 706 2549; x_wconf 89' lang='lat' dir='ltr'>ab</span> <span class='ocrx_word' id='word_1_216' title='bbox 721 2509 821 2548; x_wconf 82' lang='lat' dir='ltr'>omnihus</span> <span class='ocrx_word' id='word_1_217' title='bbox 842 2512 974 2558; x_wconf 83' lang='lat' dir='ltr'>praestetur,</span> <span class='ocrx_word' id='word_1_218' title='bbox 1058 2519 1063 2562; x_wconf 60' lang='lat'>,¹</span> 
     </span>
     <span class='ocr_line' id='line_1_34' title="bbox 223 2569 1062 2624; baseline 0.013 -18"><span class='ocrx_word' id='word_1_219' title='bbox 223 2569 316 2616; x_wconf 87' lang='lat' dir='ltr'>parochl</span> <span class='ocrx_word' id='word_1_220' title='bbox 330 2570 405 2609; x_wconf 80' lang='lat' dir='ltr'>sedulo</span> <span class='ocrx_word' id='word_1_221' title='bbox 417 2571 594 2616; x_wconf 75' lang='lat' dir='ltr'>allaborabunt‘*</span> <span class='ocrx_word' id='word_1_222' title='bbox 609 2573 682 2620; x_wconf 69' lang='lat' dir='ltr'>(tanc.</span> <span class='ocrx_word' id='word_1_223' title='bbox 690 2585 750 2624; x_wconf 81' lang='lat' dir='ltr'>proc.</span> <span class='ocrx_word' id='word_1_224' title='bbox 761 2573 804 2614; x_wconf 82' lang='lat'>001.</span> <span class='ocrx_word' id='word_1_225' title='bbox 815 2586 866 2624; x_wconf 80' lang='lat' dir='ltr'>pop.</span> <span class='ocrx_word' id='word_1_226' title='bbox 882 2572 938 2623; x_wconf 78' lang='lat'><strong><em>116.)</em></strong></span> <span class='ocrx_word' id='word_1_227' title='bbox 948 2596 971 2604; x_wconf 98' lang='lat'><em>-</em></span> <span class='ocrx_word' id='word_1_228' title='bbox 1060 2573 1062 2589; x_wconf 87' lang='lat'><strong>¹</strong></span> 
     </span>
    </p>
   </div>
   <div class='ocr_carea' id='block_1_9' title="bbox 186 2633 974 2755">
    <p class='ocr_par' dir='ltr' id='par_1_11' title="bbox 186 2633 974 2755">
     <span class='ocr_line' id='line_1_35' title="bbox 226 2633 879 2694; baseline 0.015 -22"><span class='ocrx_word' id='word_1_229' title='bbox 226 2633 381 2674; x_wconf 71' lang='lat' dir='ltr'>Commendent</span> <span class='ocrx_word' id='word_1_230' title='bbox 395 2635 449 2684; x_wconf 82' lang='lat' dir='ltr'>ipsis</span> <span class='ocrx_word' id='word_1_231' title='bbox 464 2637 628 2694; x_wconf 78' lang='lat' dir='ltr'>confessionem</span> <span class='ocrx_word' id='word_1_232' title='bbox 643 2638 775 2688; x_wconf 69' lang='lat' dir='ltr'>generalem.</span> <span class='ocrx_word' id='word_1_233' title='bbox 875 2687 879 2694; x_wconf 38' lang='grc'>,</span> 
     </span>
     <span class='ocr_line' id='line_1_36' title="bbox 186 2694 974 2755; baseline 0.009 -17"><span class='ocrx_word' id='word_1_234' title='bbox 186 2694 266 2746; x_wconf 68' lang='lat' dir='ltr'>’lom</span> <span class='ocrx_word' id='word_1_235' title='bbox 287 2701 415 2740; x_wconf 67' lang='lat' dir='ltr'>mouentur</span> <span class='ocrx_word' id='word_1_236' title='bbox 433 2703 538 2743; x_wconf 83' lang='lat' dir='ltr'>Insltutlo</span> <span class='ocrx_word' id='word_1_237' title='bbox 557 2701 590 2748; x_wconf 80' lang='lat' dir='ltr'>ta.</span> <span class='ocrx_word' id='word_1_238' title='bbox 617 2706 716 2745; x_wconf 67' lang='lat' dir='ltr'>Ferraria</span> <span class='ocrx_word' id='word_1_239' title='bbox 739 2705 836 2755; x_wconf 82' lang='lat' dir='ltr'>Prompt.</span> <span class='ocrx_word' id='word_1_240' title='bbox 855 2705 909 2746; x_wconf 87' lang='lat' dir='ltr'>bibl.</span> <span class='ocrx_word' id='word_1_241' title='bbox 930 2707 974 2746; x_wconf 77' lang='lat' dir='ltr'>aab</span> 
     </span>
    </p>
   </div>
   <div class='ocr_carea' id='block_1_10' title="bbox 224 2763 1063 2822">
    <p class='ocr_par' dir='ltr' id='par_1_12' title="bbox 224 2763 1063 2822">
     <span class='ocr_line' id='line_1_37' title="bbox 224 2763 1063 2822; baseline 0.012 -19"><span class='ocrx_word' id='word_1_242' title='bbox 224 2775 244 2806; x_wconf 87' lang='lat' dir='ltr'>v.</span> <span class='ocrx_word' id='word_1_243' title='bbox 259 2766 378 2814; x_wconf 82' lang='lat' dir='ltr'>sponsalla,</span> <span class='ocrx_word' id='word_1_244' title='bbox 393 2766 475 2807; x_wconf 79' lang='lat' dir='ltr'>Mhnst</span> <span class='ocrx_word' id='word_1_245' title='bbox 486 2769 619 2816; x_wconf 76' lang='lat' dir='ltr'>Pastoralhl.</span> <span class='ocrx_word' id='word_1_246' title='bbox 633 2782 653 2816; x_wconf 87' lang='lat' dir='ltr'>a.</span> <span class='ocrx_word' id='word_1_247' title='bbox 666 2769 729 2814; x_wconf 77' lang='lat'>18⁶8.</span> <span class='ocrx_word' id='word_1_248' title='bbox 744 2781 804 2816; x_wconf 83' lang='lat' dir='ltr'>num.</span> <span class='ocrx_word' id='word_1_249' title='bbox 817 2768 838 2811; x_wconf 78' lang='grc'>9.</span> <span class='ocrx_word' id='word_1_250' title='bbox 852 2773 874 2811; x_wconf 84' lang='lat' dir='ltr'>et</span> <span class='ocrx_word' id='word_1_251' title='bbox 890 2773 975 2822; x_wconf 64' lang='lat' dir='ltr'>humb.</span> <span class='ocrx_word' id='word_1_252' title='bbox 1062 2763 1063 2782; x_wconf 63' lang='lat'>¹</span> 
     </span>
    </p>
   </div>
   <div class='ocr_carea' id='block_1_11' title="bbox 224 2829 972 2885">
    <p class='ocr_par' dir='ltr' id='par_1_13' title="bbox 224 2829 972 2885">
     <span class='ocr_line' id='line_1_38' title="bbox 224 2829 972 2885; baseline 0.015 -16"><span class='ocrx_word' id='word_1_253' title='bbox 224 2830 355 2874; x_wconf 78' lang='lat' dir='ltr'>Pastoralhl</span> <span class='ocrx_word' id='word_1_254' title='bbox 370 2842 389 2874; x_wconf 80' lang='lat' dir='ltr'>a.</span> <span class='ocrx_word' id='word_1_255' title='bbox 400 2829 460 2872; x_wconf 72' lang='lat'>18⁶1.</span> <span class='ocrx_word' id='word_1_256' title='bbox 475 2843 535 2878; x_wconf 83' lang='lat' dir='ltr'>uum.</span> <span class='ocrx_word' id='word_1_257' title='bbox 548 2831 593 2885; x_wconf 62' lang='grc' dir='ltr'>δᾶ,</span> <span class='ocrx_word' id='word_1_258' title='bbox 605 2833 639 2880; x_wconf 77' lang='grc'>40.</span> <span class='ocrx_word' id='word_1_259' title='bbox 654 2839 678 2878; x_wconf 83' lang='lat' dir='ltr'>st</span> <span class='ocrx_word' id='word_1_260' title='bbox 690 2848 711 2883; x_wconf 80' lang='lat' dir='ltr'>a.</span> <span class='ocrx_word' id='word_1_261' title='bbox 726 2833 785 2878; x_wconf 76' lang='lat' dir='ltr'>leot.</span> <span class='ocrx_word' id='word_1_262' title='bbox 799 2847 861 2880; x_wconf 81' lang='lat' dir='ltr'>nam.</span> <span class='ocrx_word' id='word_1_263' title='bbox 877 2835 972 2880; x_wconf 53' lang='grc' dir='ltr'>ΠΛ).</span> 
     </span>
    </p>
   </div>
   <div class='ocr_carea' id='block_1_12' title="bbox 0 0 1080 3234">
    <p class='ocr_par' dir='ltr' id='par_1_14' title="bbox 0 0 1080 3234">
     <span class='ocr_line' id='line_1_39' title="bbox 0 0 1080 3234; baseline 0 4"><span class='ocrx_word' id='word_1_264' title='bbox 0 0 1080 3234; x_wconf 95' lang='lat' dir='ltr'> </span> 
     </span>
    </p>
   </div>
  </div>
 </body>
</html>
