2130 3242
169 167 210 212 stt
344 172 377 214 ns
390 155 581 214 mammarum
596 173 793 218 muno-acm.

173 274 221 342 qui
231 273 974 346 vixagrediturcstatupoccati,uachabstprobitatsnn

174 345 318 413 positivum
331 347 511 402 accessorium
523 355 649 415 respectu
664 347 699 401 ad
712 348 899 410 sublimitatem
918 357 974 405 sta·

173 426 226 486 tus,
244 417 273 470 in
291 431 371 484 quom
387 417 494 472 immitti
510 418 604 487 inhiat,
621 419 681 487 ipsc
694 420 813 487 molter
827 427 931 490 peccat,
950 422 975 476 si

174 488 277 554 absquo
293 487 341 542 illa
358 488 417 542 vult
434 504 538 543 mmum
556 489 683 544 Ordinem
700 491 845 559 suscipere,
868 492 976 548 ctiam

175 566 292 628 ponatur
315 559 345 613 iu
363 565 435 616 statu
452 561 566 630 gratias,
602 561 772 630 Quapropter
788 568 852 616 tunc
869 562 976 620 conlas-

173 630 674 700 m
686 633 976 759 abactam

171 773 244 842 terit,
262 773 314 827 nisi
332 779 395 840 post
411 773 485 841 longi
502 743 639 843 tcmporia
657 774 752 828 saltem
765 775 881 843 plurium
898 722 975 832 ωεξ-

174 845 258 911 mum,
281 844 475 911 probationem.
520 845 561 911 (S.
578 845 640 915 Ls'q.
658 846 762 900 Pramo
779 847 850 913 coaf.
867 863 928 916 cap·
947 853 973 904 5.

169 931 198 969 a.
226 917 262 968 78
286 921 314 969 et
340 915 431 970 Thcal.
453 917 549 973 moral.
567 916 612 970 hb.
632 919 657 971 6.
672 933 747 974 auat.
765 920 880 973 63-77.
917 919 973 974 (to.

170 985 291 1054 Bonam,
314 985 573 1055 Pastoraltbaologia
593 988 615 1041 Ι.
643 1004 671 1056 p.
698 990 822 1044 74-76.
847 996 876 1045 ct
894 1005 973 1046 mate

173 1056 314 1112 motam
331 1057 508 1124 quotidianae
524 1073 586 1127 pag.
605 1058 795 1128 ‹tm-toa),

224 1179 248 1222 4.
270 1179 304 1222 Ds
317 1178 382 1224 mado
396 1180 473 1236 nandi
487 1194 535 1224 curn
549 1181 581 1234 iis,
598 1179 635 1233 ani
648 1183 760 1226 aemulor
773 1180 794 1224 in
807 1183 920 1227 occasion

471 1252 567 1304 proxim
580 1251 670 1305 maadi.

212 1339 322 1396 Occasio
340 1342 444 1411 peccati
469 1349 511 1398 cst
534 1357 612 1398 omna
630 1342 696 1397 illud
714 1343 867 1398 adiunctum
885 1350 973 1398 exter·

172 1427 244 1481 num,
263 1413 320 1468 aive
334 1413 433 1468 malum
446 1421 474 1468 ot
485 1414 588 1483 inutile,
607 1414 665 1468 sive
685 1415 764 1469 etiarn
784 1415 927 1470 honestum
946 1421 973 1470 at

173 1483 248 1552 utils,
266 1483 338 1552 qnod
357 1499 392 1539 ex
408 1492 506 1539 natura
523 1501 582 1554 sua,
599 1484 643 1538 vel
661 1486 766 1540 rationo
779 1485 905 1554 specialis
919 1485 972 1540 fra·

171 1553 281 1680 gilditutis
294 1555 330 1610 ad
342 1555 507 1625 peccandum
521 1557 611 1627 allicit,
623 1557 668 1610 vel
676 1557 829 1626 possiam
842 1555 973 1625 peccandi

167 1627 198 1680 in
216 1627 278 1682 ncit.

207 1698 239 1751 in
257 1698 397 1752 occasions
422 1699 547 1766 proxima
563 1698 733 1753 constituitur
749 1714 804 1754 non
822 1699 909 1754 solum
927 1699 973 1768 qni

172 1769 222 1824 sub
241 1768 401 1836 quibusdam
419 1768 623 1824 circumstantiis
638 1770 697 1837 fere
713 1785 817 1838 sarapta·
834 1769 972 1840 delinquit,

172 1839 221 1895 scd
236 1841 317 1894 ctiam
331 1840 377 1907 qui
389 1840 542 1908 fsequerrtar
554 1848 649 1908 peccat
673 1840 713 1907 (8.
726 1841 789 1912 Liq.
802 1841 871 1896 bum.
886 1847 972 1910 apost.

171 1915 249 1964 tract
271 1911 357 1968 abisa.
381 1927 409 1968 a.
435 1913 473 1980 1),
504 1919 533 1966 et
550 1911 657 1980 quidam
674 1913 837 1982 mortabtar,
864 1927 928 1970 nam
944 1913 972 1966 in

171 1981 223 2036 hoc
237 1982 325 2050 capita
338 1981 505 2038 solummodo
524 1990 664 2051 peccatum
676 1983 789 2038 mortale
803 1984 973 2052 supponitur.

170 2051 375 2122 Ancillulam,
403 2069 473 2122 quse
490 2052 646 2122 frequenter
669 2053 703 2108 ab
722 2055 788 2110 baro
807 2069 856 2110 suo
875 2054 973 2109 sollici·

172 2129 239 2190 tata,
258 2125 341 2178 semel
358 2131 462 2179 tantum
479 2141 540 2180 curn
556 2126 616 2194 ipso
633 2126 764 2195 peccavit,
781 2125 900 2181 nondum
912 2139 973 2180 var·

176 2201 251 2249 saum
267 2194 296 2248 in
313 2197 452 2250 occumbas
465 2197 603 2264 maimo,
626 2197 691 2264 quia
705 2211 741 2252 nc
758 2196 898 2266 probabile
915 2196 974 2265 qni-

176 2263 238 2319 dcm
255 2264 334 2322 adest
350 2267 507 2337 periculum,
525 2283 607 2336 quum
623 2283 728 2338 caspar
738 2268 876 2338 restiterit,
894 2275 924 2323 st
935 2283 974 2322 se-

170 2336 346 2392 matonam
362 2338 440 2406 lapsa
458 2339 501 2393 sit.
587 2377 591 2386 -

210 2406 321 2470 Occasio
339 2409 495 2464 samaria
513 2409 609 2464 dicitur
626 2424 669 2478 ss,
694 2424 774 2478 qnam
791 2408 887 2477 aliquis
904 2409 972 2478 phy-

172 2476 227 2534 sico
246 2486 274 2534 ct
291 2480 429 2534 moraliter
445 2495 494 2536 san
512 2481 614 2548 absque
626 2481 702 2550 gravi
716 2479 812 2536 manno
833 2487 861 2536 et
872 2479 972 2534 incom-

173 2549 254 2604 modo
272 2549 397 2605 deserato
414 2557 513 2620 potest
532 2551 643 2608 Occasio
660 2552 848 2606 abaobsatars'a
865 2551 911 2605 vel
927 2567 972 2606 nc·

173 2622 292 2674 oemasta
306 2620 403 2676 dicitur
414 2637 455 2691 ea,
474 2637 544 2689 quas
562 2631 610 2678 aut
627 2624 733 2678 omnino
750 2637 805 2678 non
822 2629 914 2692 potest
926 2621 972 2678 ds·

174 2692 236 2761 seri,
255 2698 303 2746 snt
320 2707 389 2760 quas
408 2692 497 2748 deseri
514 2695 609 2763 nequit
625 2695 682 2750 sino
700 2701 812 2763 peccato
830 2694 864 2763 (c.
879 2709 906 2761 g.
924 2694 972 2748 mi·

132 2815 135 2823 ,
171 2761 230 2831 las,
256 2762 371 2832 coniux),
399 2765 444 2818 vsi
468 2764 526 2819 sine
543 2765 650 2832 aequali
667 2772 715 2821 sut
731 2764 828 2820 maiori
842 2765 973 2834 periculo,

170 2833 216 2888 vol
235 2833 293 2888 sinc
311 2833 438 2890 scandalo
466 2835 500 2904 (e.
518 2851 545 2903 g.
563 2835 763 2908 filiusfamilias,
785 2836 833 2905 qni
848 2850 907 2892 ram
922 2835 972 2892 bs-
