2138 3226
159 150 201 194 elo
415 151 473 236 Orgia
486 152 545 201 vitae
559 151 709 194 sacerdotalis.

160 269 214 322 quo
232 253 299 306 nihil
315 251 468 322 terribilius,
482 267 600 322 poenam
617 251 724 322 infun,
744 252 875 321 omninil
888 252 964 309 into⁴

159 324 304 380 derabilius.

460 393 502 436 Pro
515 392 610 444 quotibet
623 392 665 437 dio.

196 468 219 522 Ι.
254 466 372 520 Diverso
397 465 452 520 diei
475 467 569 520 mania
583 466 743 522 wadum.
771 465 887 524 Diversa
904 464 960 522 diei

159 538 259 606 munia,
276 546 333 592 tum
351 536 440 605 quoad
457 537 593 605 pietatem,
612 545 669 594 tum
687 536 777 604 quoad
795 544 886 592 cetera
903 535 960 592 offi-

160 609 210 677 cia,
229 608 374 664 secundnm
392 606 512 662 ordinem
530 607 679 664 distribuite
697 616 725 662 et
743 607 832 664 omnia
850 607 885 662 ad
906 607 962 664 Dei

159 680 273 750 gloriam
290 678 405 746 dirigite.
443 678 475 732 st
492 680 585 734 oculas
607 685 670 734 teas
685 681 769 746 fuerit
784 679 909 746 simplem,
928 677 959 734 id

160 759 211 820 est,
230 751 253 806 si
274 750 385 804 intentio
400 749 435 804 sit
448 765 524 819 pura,
543 755 628 804 totum
643 749 959 818 mmmcoamtactdam

162 824 222 888 crit,
241 821 346 892 (Matth.
365 821 400 890 6.)
418 820 447 873 id
465 829 514 888 est,
533 829 590 876 tota
608 822 677 876 ectio
696 822 747 876 erit
763 822 845 876 bona.

199 893 233 946 II.
269 892 377 946 Horam
394 891 523 961 carpendi
540 898 565 946 et
584 892 758 946 decumbendo·
776 891 960 946 determinate.

125 991 128 996 ·
162 963 208 1018 Ex
225 977 258 1016 ea
274 963 352 1031 praxi
376 978 431 1016 non
453 963 576 1018 minimus
598 963 699 1032 pendet
723 963 805 1018 totius
824 961 878 1016 diei
896 977 961 1031 pro·

162 1033 257 1088 fectus.
294 1034 347 1087 Pro
370 1031 524 1088 diversitate
551 1036 679 1103 temporis
703 1041 817 1103 possunt
836 1033 961 1088 diversas

162 1105 296 1172 assignari
312 1105 412 1172 horae;
436 1122 461 1159 v.
481 1122 507 1173 g.
532 1113 653 1174 tempore
676 1106 778 1160 aestivo
808 1105 876 1158 hora
902 1121 960 1160 sur·

162 1175 244 1244 gendi
268 1176 356 1244 aptior
381 1183 477 1243 quarta
499 1177 543 1230 vei
568 1177 675 1244 quinta3
701 1185 821 1244 tempore
839 1175 959 1245 hiemali,

162 1247 257 1314 quinta
282 1246 327 1302 rel
353 1255 438 1304 sexta.
476 1246 600 1314 Quolibet
622 1256 742 1316 ternpore
768 1247 836 1302 hora
859 1247 961 1302 lectum

162 1317 272 1387 petendi
296 1319 495 1374 convenientior
519 1334 590 1373 none
617 1319 662 1373 vel
684 1319 793 1374 decima.
831 1317 887 1372 Sex
912 1324 960 1374 ant

163 1397 275 1458 septem,
293 1389 329 1442 ad
346 1406 476 1444 summum
492 1399 552 1444 octo
571 1391 655 1444 horae
680 1389 812 1445 sufficiunt
830 1388 865 1442 ad
885 1389 960 1456 quie-

162 1467 233 1530 tem,
258 1459 331 1528 quod
356 1460 468 1529 excedit,
492 1461 554 1531 plus
579 1460 667 1530 officit,
694 1477 774 1529 quam
790 1459 899 1529 proficit
918 1477 961 1516 sa-

165 1532 251 1586 nitati.

199 1604 246 1658 111.
265 1603 293 1658 A
305 1618 397 1656 semaa
411 1603 591 1672 caperycfactt'
601 1603 693 1658 statim
703 1603 740 1656 od
751 1603 841 1658 Deam
849 1607 963 1658 emaum

163 1680 190 1730 et
207 1675 327 1729 mimam
340 1676 497 1742 consancta
515 1691 561 1728 cor
569 1674 629 1728 Deo
643 1675 780 1742 praebete,
795 1673 963 1730 sancdssima

164 1747 232 1802 Jesu
250 1753 278 1802 et
294 1745 398 1800 Mariae
422 1747 530 1800 nomina
555 1743 683 1815 proferte,
709 1745 784 1814 signo
809 1745 895 1800 crucis
913 1761 963 1802 vos
1060 1733 1061 1788 ἕ

165 1818 273 1884 munite,
302 1823 329 1870 et
353 1817 391 1872 sic
408 1818 538 1884 primitias
564 1816 617 1872 diei
642 1818 728 1884 prima
746 1816 842 1870 mentis
860 1816 963 1884 cogita-
1060 1845 1061 1864 t

164 1888 246 1956 tione,
264 1887 351 1955 prima
369 1886 456 1942 cordis
470 1887 620 1955 affectione,
638 1889 725 1956 prims
743 1887 797 1942 oris
815 1886 959 1956 locutione,
1060 1889 1061 1894 ’

164 1959 252 2027 prima
269 1973 394 2012 manuum
412 1959 568 2026 operatione
586 1959 645 2014 Deo
674 1957 871 2014 consecrabitis.
890 1958 963 2014 Feli·

165 2030 233 2084 citer
250 2029 299 2084 ibit
317 2028 383 2097 dies,
409 2045 488 2096 quam
511 2030 572 2085 Deo
596 2030 704 2098 auspice
730 2029 880 2098 coeperitis.
919 2030 963 2084 Da

164 2100 280 2154 Domino
299 2100 429 2168 primitias
456 2100 509 2155 diei
526 2109 603 2168 tuae,
629 2102 680 2156 erit
705 2101 775 2156 euim
798 2107 856 2156 tota
879 2100 961 2171 iilius,

165 2171 212 2238 qui
224 2172 299 2239 prior
309 2172 486 2239 occupaverit.
502 2171 542 2238 (S.
556 2172 694 2240 Odemerca)
709 2173 806 2227 Vestes
817 2170 960 2228 induentes
1060 2209 1061 2212 =

166 2249 213 2296 aut
231 2249 368 2311 exuentes,
393 2243 439 2310 pia
466 2243 636 2312 cogitatione,
663 2251 709 2299 aut
732 2244 779 2311 pia
802 2244 960 2311 precatione

166 2314 282 2368 animum
299 2323 429 2370 recreate.

201 2384 248 2438 lv.
284 2384 380 2438 Preces
397 2386 546 2440 matutinas
564 2385 656 2440 deuote
668 2385 785 2453 recitate,
804 2389 830 2438 et
847 2383 961 2440 audita·

165 2456 236 2509 tioui
252 2461 352 2510 vacate.
370 2455 504 2510 Decenter
521 2457 640 2512 vestibus
658 2455 752 2525 induti,
771 2464 833 2510 ante
848 2456 961 2512 sanctis·

166 2527 260 2582 simam
278 2526 436 2582 Trinitatem
453 2543 502 2582 vos
520 2535 617 2596 mente,
645 2528 740 2595 animo,
768 2527 881 2595 genibus
899 2543 963 2595 pro·

166 2598 275 2652 volvite.
317 2597 405 2652 Deum
423 2598 530 2652 Patrem
554 2598 688 2662 humiliter
706 2597 834 2666 adorate;
854 2598 963 2656 Christo

166 2667 301 2737 crucifixo,
319 2669 377 2724 eius
389 2669 502 2724 vulnera
518 2677 688 2738 peramanter
697 2667 885 2736 deosculando,
899 2685 961 2738 gra·

165 2739 218 2794 tias
236 2740 322 2808 agite,
347 2755 449 2808 vosque
466 2747 539 2796 totos
563 2741 636 2796 etin
653 2749 791 2796 aeternum
808 2740 861 2809 ipsi
880 2739 962 2795 dero·

166 2817 244 2880 vete3
269 2810 385 2881 Spiritus
403 2811 489 2867 sancti
505 2812 618 2880 gratiam
642 2810 798 2882 suppliciter
816 2812 963 2880 exposcite.
