2128 3228
12 2785 15 2842 i

297 201 493 243 Dc‘sunctiorubus
507 203 599 243 sabbati
613 205 691 244 sancti.
859 201 900 244 759

97 301 259 373 celebrante,
277 309 309 357 ut
322 319 412 372 supra,
428 303 530 371 primus
544 303 656 358 clericus
671 310 777 358 amovet
792 320 899 360 cereum

31 383 41 400 ·
97 388 238 428 accensum
265 389 279 427 e
307 374 481 443 candelabro,
518 381 545 428 et
576 374 678 429 accedit
708 383 769 428 aute
806 376 898 435 altare.

98 444 125 513 2)
145 443 252 499 Tertius
271 445 382 500 clericus
397 446 493 512 accipit
511 461 623 515 crucem,
644 452 671 499 et
689 447 811 500 similiter
824 449 899 503 veuit

97 522 159 570 ante
179 516 271 574 altare.
300 517 334 586 ,3)
353 516 415 570 Duo
441 517 486 570 alii
511 517 599 570 clerici
624 516 754 570 accedunt
777 516 812 570 ad
830 518 898 573 cele·

97 587 227 640 brantem.
271 587 297 656 4)
324 587 469 642 celebrans
496 602 608 656 surgens
633 588 726 656 incipit
751 589 805 642 alta
831 604 898 644 voce

98 657 239 712 Tractum:
268 658 345 713 Sicut
369 675 461 712 cauus
486 665 551 728 etc,
579 665 609 713 ut
626 659 708 728 iufra,
737 658 809 726 quod
825 660 898 715 lenta

97 736 277 796 prosequetur
295 747 354 784 cum
373 731 428 785 suis
446 731 558 784 clericis,
595 730 768 799 atlnchoato
789 731 897 802 Tractu,

98 799 221 869 dirigitur
234 803 371 868 processio
386 801 421 854 ad
434 801 543 870 fontem,
562 800 633 856 sacta
646 803 798 855 reverentia
811 802 897 872 altari,

97 871 149 925 hcc
167 871 274 926 ordine:
294 873 405 927 clericus
420 889 480 926 cum
494 888 582 942 cereo,
601 873 713 927 clericus
732 889 792 926 cum
810 888 897 943 cruca,

98 941 236 997 celebrans
254 943 357 999 medius
375 945 446 998 inter
464 945 583 1014 clericos,
611 945 735 1013 recitans,
762 949 835 1000 tecto
854 960 897 998 ca·

97 1014 153 1081 pite
173 1014 313 1068 Tractum:

132 1083 210 1138 Sicut
223 1101 316 1138 ceram
329 1085 464 1138 deciderat
477 1085 515 1138 ad
530 1085 619 1151 scutra
628 1101 780 1154 aquarum:
799 1087 840 1140 ita
850 1086 896 1140 de·

97 1155 201 1208 aderat
219 1157 313 1208 anima
330 1173 390 1209 mea
408 1156 446 1208 ud
463 1161 496 1223 te,
515 1157 600 1210 Deua

133 1224 225 1279 Sitioo't
248 1228 342 1279 anima
364 1243 424 1280 meu
442 1226 480 1279 aci
497 1226 587 1280 Deum
603 1228 709 1280 uicum:
730 1229 839 1296 quaudo
853 1245 896 1282 ue·

96 1297 180 1363 uiuos,
199 1302 224 1349 et
242 1297 378 1365 apparebo
397 1302 459 1350 uate
475 1298 574 1363 faciem
592 1298 666 1351 Dei?

132 1367 259 1420 Fuerunt
270 1369 338 1420 moisi
350 1367 503 1437 lachrymae
522 1384 596 1422 meac
604 1384 694 1436 panes
707 1369 751 1423 die
764 1386 798 1424 cc
810 1377 895 1438 noae,

97 1435 281 1548 demediciiur
305 1439 372 1492 maisi
389 1455 442 1507 per
460 1439 580 1508 stapulas
598 1439 672 1492 dieo:
696 1439 745 1493 ubi
763 1447 800 1494 eat
818 1441 895 1496 Deus

95 1513 171 1562 tuus.

133 1581 161 1647 6)
185 1578 255 1634 Ante
274 1580 406 1634 cancellos
431 1579 513 1635 fontis
532 1581 627 1636 sistunt
645 1595 752 1647 omnes,
779 1588 807 1636 et
825 1582 893 1636 cele·

95 1650 186 1718 brans,
204 1650 272 1704 facie
294 1667 374 1705 versa
387 1651 422 1704 ad
436 1667 548 1722 crucem,
568 1652 675 1720 expleto
689 1653 796 1720 Troum,
818 1652 895 1708 dicit:

95 1721 232 1775 Dominus
248 1723 390 1790 uobmoum,
410 1729 437 1778 et
455 1723 623 1778 Orationem:
645 1723 818 1790 Omuapotens
830 1740 895 1776 aun·

89 1793 199 1861 paterae
211 1792 313 1862 Deam)
329 1801 387 1862 etc,
406 1795 553 1849 sustinente
571 1794 668 1848 librum
681 1801 777 1870 quarto
788 1795 893 1848 clerico.

95 1863 259 1931 siclericus
284 1881 344 1918 cum
366 1879 457 1934 cereo,
485 1872 512 1920 et
530 1865 653 1920 deferens
685 1879 789 1919 crucem
807 1866 894 1933 ingre·

95 1934 205 1988 diuutur
228 1936 359 1990 cancellos
384 1936 549 2006 baptisterii,
577 1938 601 1991 si
624 1937 676 1991 loci
700 1936 834 2004 capacitas
860 1937 894 1991 si·

95 2013 158 2074 nat3
184 2007 292 2060 stabunt
316 2023 382 2061 vero
401 2022 507 2076 semper
533 2014 595 2062 ante
612 2007 707 2062 faciem
726 2007 893 2062 celebrantis.

95 2076 122 2147 8)
142 2076 287 2132 celebrans
307 2077 409 2132 accedit
425 2094 511 2147 prope
529 2079 645 2148 fontem,
673 2086 700 2132 et
718 2078 782 2132 dicit
800 2095 893 2133 secun-
948 2109 953 2118 .

10 2201 11 2206 ,
54 2178 57 2190 =
94 2148 156 2203 dam
175 2147 329 2204 Orationem
348 2155 375 2204 et
392 2149 598 2219 Praefationem‚
623 2156 654 2204 ut
670 2150 698 2203 in
715 2149 828 2218 Missali,
855 2155 894 2204 te·

93 2235 161 2275 neus
176 2235 282 2289 semper
295 2235 389 2275 manus
402 2221 513 2276 iunctas.
521 2221 542 2290 2)
562 2222 588 2290 9)
602 2222 676 2275 Intra
687 2220 893 2290 Praefationcm‚

93 2291 172 2346 iuxta
194 2292 319 2361 proprios
342 2291 464 2346 rubricae
482 2292 570 2362 locos,
595 2292 662 2346 haec
680 2292 799 2359 peragit:
827 2292 894 2346 Post

93 2363 192 2418 verba:
223 2365 342 2434 qratiam
366 2362 400 2417 da
417 2362 440 2418 S
457 2365 524 2417 ira'tu
541 2369 649 2430 sunno,
677 2362 771 2417 dividit
796 2362 894 2430 aquam

94 2449 176 2488 manu
195 2435 306 2489 dextera
329 2433 358 2488 in
376 2450 420 2487 mo
440 2451 485 2488 um
504 2435 603 2503 crucis,
626 2442 653 2488 et
669 2433 820 2488 immediate
838 2449 894 2487 ma·

92 2519 157 2557 num
175 2505 264 2574 tergit.
291 2505 359 2560 Post
375 2505 474 2560 verba:
492 2521 548 2560 uon
565 2505 710 2572 inficiendo
728 2511 892 2574 corrumpat,

91 2589 248 2604 Μ

147 2615 222 2660 pctest
235 2614 282 2653 fleri
294 2614 318 2653 iu
332 2614 438 2663 ecciesiis,
453 2625 508 2664 quaa
522 2624 567 2653 non
580 2613 663 2654 habeut
676 2613 759 2652 fontem
772 2612 892 2660 baptisma·

146 2675 196 2720 lun.
224 2675 252 2728 (S.
266 2679 291 2719 R.
307 2679 374 2723 (1.13,
389 2681 444 2719 Julti
457 2677 527 2731 reat.)

106 2740 130 2794 ι)
144 2741 172 2782 In
185 2743 324 2783 conclusione
341 2743 406 2784 huius
421 2744 532 2785 Orationis
553 2747 644 2785 verbum
663 2745 756 2784 ciusdem
775 2743 891 2783 delendum

147 2809 187 2848 est.
214 2809 243 2856 (Β,
258 2810 282 2854 11.
297 2811 321 2852 0.
336 2811 369 2852 12.
384 2811 449 2851 Mart.
462 2811 531 2863 1861.)

103 2873 127 2929 ¹)
142 2875 163 2918 8.
178 2875 204 2917 Β.
219 2874 241 2919 0.
255 2874 293 2917 28.
306 2875 361 2928 sapt.
375 2876 434 2919 1106.
450 2878 518 2921 sa12.
533 2879 598 2918 Mart.
613 2875 671 2921 1an.
