<?xml version="1.0" encoding="UTF-8"?>
<!DOCTYPE html PUBLIC "-//W3C//DTD XHTML 1.0 Transitional//EN"
    "http://www.w3.org/TR/xhtml1/DTD/xhtml1-transitional.dtd">
<html xmlns="http://www.w3.org/1999/xhtml" xml:lang="en" lang="en">
 <head>
  <title>
</title>
<meta http-equiv="Content-Type" content="text/html;charset=utf-8" />
  <meta name='ocr-system' content='tesseract 3.04.00' />
  <meta name='ocr-capabilities' content='ocr_page ocr_carea ocr_par ocr_line ocrx_word'/>
</head>
<body>
  <div class='ocr_page' id='page_1' title='image "./manualesacerdot00schngoog_0097.png"; bbox 0 0 2108 3226; ppageno 0'>
   <div class='ocr_carea' id='block_1_1' title="bbox 245 173 880 221">
    <p class='ocr_par' dir='ltr' id='par_1_1' title="bbox 245 173 880 221">
     <span class='ocr_line' id='line_1_1' title="bbox 245 173 880 221; baseline 0.003 -5"><span class='ocrx_word' id='word_1_1' title='bbox 245 177 351 218; x_wconf 77' lang='lat' dir='ltr'><strong>Materiae</strong></span> <span class='ocrx_word' id='word_1_2' title='bbox 366 175 522 216; x_wconf 76' lang='lat' dir='ltr'><strong>nonnullorum</strong></span> <span class='ocrx_word' id='word_1_3' title='bbox 535 176 711 221; x_wconf 78' lang='lat' dir='ltr'><strong>meditationum.</strong></span> <span class='ocrx_word' id='word_1_4' title='bbox 853 173 880 218; x_wconf 68' lang='grc'><strong>67</strong></span> 
     </span>
    </p>
   </div>
   <div class='ocr_carea' id='block_1_2' title="bbox 90 277 888 2266">
    <p class='ocr_par' dir='ltr' id='par_1_2' title="bbox 93 277 881 491">
     <span class='ocr_line' id='line_1_2' title="bbox 95 277 878 348; baseline 0.011 -20"><span class='ocrx_word' id='word_1_5' title='bbox 95 281 129 329; x_wconf 88' lang='lat' dir='ltr'><strong>est</strong></span> <span class='ocrx_word' id='word_1_6' title='bbox 142 277 304 347; x_wconf 66' lang='lat' dir='ltr'><strong>clorificctto,</strong></span> <span class='ocrx_word' id='word_1_7' title='bbox 331 278 381 332; x_wconf 93' lang='lat' dir='ltr'><strong>ubi</strong></span> <span class='ocrx_word' id='word_1_8' title='bbox 405 278 489 332; x_wconf 84' lang='lat' dir='ltr'>recoli</span> <span class='ocrx_word' id='word_1_9' title='bbox 511 280 612 347; x_wconf 87' lang='lat' dir='ltr'><strong>poterit</strong></span> <span class='ocrx_word' id='word_1_10' title='bbox 636 280 755 348; x_wconf 84' lang='lat' dir='ltr'><strong>pretiosa</strong></span> <span class='ocrx_word' id='word_1_11' title='bbox 783 295 878 336; x_wconf 89' lang='lat' dir='ltr'><strong>eornm</strong></span> 
     </span>
     <span class='ocr_line' id='line_1_3' title="bbox 95 347 881 408; baseline 0.009 -8"><span class='ocrx_word' id='word_1_12' title='bbox 95 361 156 401; x_wconf 88' lang='lat' dir='ltr'><strong>nors</strong></span> <span class='ocrx_word' id='word_1_13' title='bbox 173 355 199 402; x_wconf 95' lang='lat' dir='ltr'><strong>et</strong></span> <span class='ocrx_word' id='word_1_14' title='bbox 216 351 344 404; x_wconf 75' lang='lat' dir='ltr'>transitus</span> <span class='ocrx_word' id='word_1_15' title='bbox 364 347 400 402; x_wconf 88' lang='lat' dir='ltr'><strong>ad</strong></span> <span class='ocrx_word' id='word_1_16' title='bbox 418 349 524 404; x_wconf 87' lang='lat' dir='ltr'><strong>beatam</strong></span> <span class='ocrx_word' id='word_1_17' title='bbox 537 351 736 405; x_wconf 88' lang='lat' dir='ltr'><strong>aeternitatem:</strong></span> <span class='ocrx_word' id='word_1_18' title='bbox 758 350 881 408; x_wconf 78' lang='lat' dir='ltr'><strong>Simclene</strong></span> 
     </span>
     <span class='ocr_line' id='line_1_4' title="bbox 93 420 679 491; baseline 0.009 -21"><span class='ocrx_word' id='word_1_19' title='bbox 93 433 128 470; x_wconf 84' lang='lat' dir='ltr'><strong>mc</strong></span> <span class='ocrx_word' id='word_1_20' title='bbox 142 420 193 487; x_wconf 77' lang='lat' dir='ltr'><strong>sac,</strong></span> <span class='ocrx_word' id='word_1_21' title='bbox 211 421 336 488; x_wconf 74' lang='lat' dir='ltr'><strong>Domine,</strong></span> <span class='ocrx_word' id='word_1_22' title='bbox 355 422 387 474; x_wconf 83' lang='lat' dir='ltr'><strong>in</strong></span> <span class='ocrx_word' id='word_1_23' title='bbox 403 421 492 491; x_wconf 71' lang='lat' dir='ltr'><strong>pluria</strong></span> <span class='ocrx_word' id='word_1_24' title='bbox 509 421 679 476; x_wconf 79' lang='lat' dir='ltr'><strong>Sanctorum.</strong></span> 
     </span>
    </p>

    <p class='ocr_par' dir='ltr' id='par_1_3' title="bbox 90 489 886 1842">
     <span class='ocr_line' id='line_1_5' title="bbox 122 489 881 562; baseline 0.011 -20"><span class='ocrx_word' id='word_1_25' title='bbox 122 489 153 542; x_wconf 93' lang='lat' dir='ltr'><strong>II.</strong></span> <span class='ocrx_word' id='word_1_26' title='bbox 172 491 307 558; x_wconf 77' lang='lat' dir='ltr'><strong>Quomodo</strong></span> <span class='ocrx_word' id='word_1_27' title='bbox 322 492 512 560; x_wconf 83' lang='lat' dir='ltr'><strong>responderint</strong></span> <span class='ocrx_word' id='word_1_28' title='bbox 529 494 622 561; x_wconf 80' lang='lat' dir='ltr'><strong>gratiis</strong></span> <span class='ocrx_word' id='word_1_29' title='bbox 642 493 693 548; x_wconf 88' lang='lat' dir='ltr'><strong>sibi</strong></span> <span class='ocrx_word' id='word_1_30' title='bbox 707 492 785 562; x_wconf 83' lang='lat' dir='ltr'><strong>datis,</strong></span> <span class='ocrx_word' id='word_1_31' title='bbox 804 508 881 550; x_wconf 84' lang='lat' dir='ltr'><strong>exsc-</strong></span> 
     </span>
     <span class='ocr_line' id='line_1_6' title="bbox 93 563 881 634; baseline 0.009 -21"><span class='ocrx_word' id='word_1_32' title='bbox 93 568 193 626; x_wconf 88' lang='lat' dir='ltr'><strong>quentes</strong></span> <span class='ocrx_word' id='word_1_33' title='bbox 210 564 291 618; x_wconf 92' lang='lat' dir='ltr'><strong>illud:</strong></span> <span class='ocrx_word' id='word_1_34' title='bbox 311 563 345 617; x_wconf 81' lang='lat' dir='ltr'><strong>Si</strong></span> <span class='ocrx_word' id='word_1_35' title='bbox 362 565 424 632; x_wconf 76' lang='lat' dir='ltr'><strong>quis</strong></span> <span class='ocrx_word' id='word_1_36' title='bbox 440 563 496 617; x_wconf 80' lang='lat' dir='ltr'><strong>cult</strong></span> <span class='ocrx_word' id='word_1_37' title='bbox 513 567 603 618; x_wconf 78' lang='lat' dir='ltr'><strong>uenire</strong></span> <span class='ocrx_word' id='word_1_38' title='bbox 615 570 681 633; x_wconf 79' lang='lat' dir='ltr'><strong>post</strong></span> <span class='ocrx_word' id='word_1_39' title='bbox 698 580 747 632; x_wconf 86' lang='lat' dir='ltr'><strong>mc,</strong></span> <span class='ocrx_word' id='word_1_40' title='bbox 771 563 881 634; x_wconf 66' lang='lat' dir='ltr'><strong>abnam</strong></span> 
     </span>
     <span class='ocr_line' id='line_1_7' title="bbox 90 635 881 704; baseline 0.01 -22"><span class='ocrx_word' id='word_1_41' title='bbox 90 635 255 702; x_wconf 69' lang='lat' dir='ltr'><strong>smectc&#39;ptsum,</strong></span> <span class='ocrx_word' id='word_1_42' title='bbox 270 635 349 689; x_wconf 82' lang='lat' dir='ltr'><strong>tollat</strong></span> <span class='ocrx_word' id='word_1_43' title='bbox 363 651 466 698; x_wconf 59' lang='lat' dir='ltr'><strong>pacem</strong></span> <span class='ocrx_word' id='word_1_44' title='bbox 479 652 565 704; x_wconf 68' lang='lat' dir='ltr'><strong>mam,</strong></span> <span class='ocrx_word' id='word_1_45' title='bbox 579 641 605 690; x_wconf 87' lang='lat' dir='ltr'><strong>et</strong></span> <span class='ocrx_word' id='word_1_46' title='bbox 617 641 748 703; x_wconf 79' lang='lat' dir='ltr'><strong>sequatur</strong></span> <span class='ocrx_word' id='word_1_47' title='bbox 760 651 809 688; x_wconf 84' lang='lat' dir='ltr'><strong>mc.</strong></span> <span class='ocrx_word' id='word_1_48' title='bbox 828 635 881 690; x_wconf 92' lang='lat' dir='ltr'><strong>Ubi</strong></span> 
     </span>
     <span class='ocr_line' id='line_1_8' title="bbox 92 702 881 776; baseline 0.008 -22"><span class='ocrx_word' id='word_1_49' title='bbox 92 702 139 755; x_wconf 87' lang='lat' dir='ltr'><strong>tria</strong></span> <span class='ocrx_word' id='word_1_50' title='bbox 150 706 323 773; x_wconf 86' lang='lat' dir='ltr'><strong>continentur,</strong></span> <span class='ocrx_word' id='word_1_51' title='bbox 350 705 492 774; x_wconf 74' lang='lat' dir='ltr'><strong>abnepotis</strong></span> <span class='ocrx_word' id='word_1_52' title='bbox 509 709 561 776; x_wconf 81' lang='lat' dir='ltr'><strong>sui,</strong></span> <span class='ocrx_word' id='word_1_53' title='bbox 587 708 701 776; x_wconf 73' lang='lat' dir='ltr'><strong>pestutio</strong></span> <span class='ocrx_word' id='word_1_54' title='bbox 719 707 807 760; x_wconf 54' lang='lat' dir='ltr'><strong>crucris</strong></span> <span class='ocrx_word' id='word_1_55' title='bbox 824 707 881 760; x_wconf 75' lang='lat' dir='ltr'><strong>Dc</strong></span> 
     </span>
     <span class='ocr_line' id='line_1_9' title="bbox 91 773 881 846; baseline 0.013 -22"><span class='ocrx_word' id='word_1_56' title='bbox 91 773 203 842; x_wconf 80' lang='lat' dir='ltr'><strong><em>minicae,</em></strong></span> <span class='ocrx_word' id='word_1_57' title='bbox 221 777 331 846; x_wconf 75' lang='lat' dir='ltr'><em>sequela</em></span> <span class='ocrx_word' id='word_1_58' title='bbox 351 777 457 843; x_wconf 64' lang='lat' dir='ltr'><strong>Clusi,</strong></span> <span class='ocrx_word' id='word_1_59' title='bbox 482 777 620 845; x_wconf 87' lang='lat' dir='ltr'><strong>inquibus</strong></span> <span class='ocrx_word' id='word_1_60' title='bbox 636 777 727 832; x_wconf 74' lang='lat' dir='ltr'><strong>Sancti</strong></span> <span class='ocrx_word' id='word_1_61' title='bbox 747 777 881 834; x_wconf 83' lang='lat' dir='ltr'><strong>excellue-</strong></span> 
     </span>
     <span class='ocr_line' id='line_1_10' title="bbox 91 847 880 918; baseline 0.008 -20"><span class='ocrx_word' id='word_1_62' title='bbox 91 852 153 899; x_wconf 85' lang='lat' dir='ltr'><strong>runt.</strong></span> <span class='ocrx_word' id='word_1_63' title='bbox 181 849 336 918; x_wconf 71' lang='lat' dir='ltr'><strong>Abncyatio</strong></span> <span class='ocrx_word' id='word_1_64' title='bbox 354 855 397 902; x_wconf 87' lang='lat' dir='ltr'><strong>est</strong></span> <span class='ocrx_word' id='word_1_65' title='bbox 408 847 575 903; x_wconf 84' lang='lat' dir='ltr'><strong>mortificatio</strong></span> <span class='ocrx_word' id='word_1_66' title='bbox 589 850 677 904; x_wconf 89' lang='lat' dir='ltr'><strong>carnis</strong></span> <span class='ocrx_word' id='word_1_67' title='bbox 696 855 724 903; x_wconf 92' lang='lat' dir='ltr'><strong>et</strong></span> <span class='ocrx_word' id='word_1_68' title='bbox 741 849 880 918; x_wconf 90' lang='lat' dir='ltr'><strong>concupis·</strong></span> 
     </span>
     <span class='ocr_line' id='line_1_11' title="bbox 92 917 881 988; baseline 0.009 -20"><span class='ocrx_word' id='word_1_69' title='bbox 92 917 241 987; x_wconf 74' lang='lat' dir='ltr'><strong>conticium,</strong></span> <span class='ocrx_word' id='word_1_70' title='bbox 259 921 290 974; x_wconf 90' lang='lat' dir='ltr'><strong>in</strong></span> <span class='ocrx_word' id='word_1_71' title='bbox 303 920 356 974; x_wconf 84' lang='lat' dir='ltr'><strong>hac</strong></span> <span class='ocrx_word' id='word_1_72' title='bbox 369 919 451 974; x_wconf 88' lang='lat' dir='ltr'><strong>mirus</strong></span> <span class='ocrx_word' id='word_1_73' title='bbox 464 919 515 974; x_wconf 85' lang='lat' dir='ltr'><strong>fuit</strong></span> <span class='ocrx_word' id='word_1_74' title='bbox 527 920 619 975; x_wconf 78' lang='lat' dir='ltr'><strong>servor</strong></span> <span class='ocrx_word' id='word_1_75' title='bbox 629 920 803 988; x_wconf 79' lang='lat' dir='ltr'><strong>Sanctorum,</strong></span> <span class='ocrx_word' id='word_1_76' title='bbox 817 936 881 975; x_wconf 87' lang='lat' dir='ltr'><strong>nam</strong></span> 
     </span>
     <span class='ocr_line' id='line_1_12' title="bbox 91 987 881 1060; baseline 0.008 -20"><span class='ocrx_word' id='word_1_77' title='bbox 91 987 261 1056; x_wconf 82' lang='lat' dir='ltr'><strong>sinliquando</strong></span> <span class='ocrx_word' id='word_1_78' title='bbox 280 992 309 1044; x_wconf 90' lang='lat' dir='ltr'><strong>in</strong></span> <span class='ocrx_word' id='word_1_79' title='bbox 325 997 439 1058; x_wconf 83' lang='lat' dir='ltr'><strong>peccato</strong></span> <span class='ocrx_word' id='word_1_80' title='bbox 451 992 582 1060; x_wconf 83' lang='lat' dir='ltr'><strong>vixenmt,</strong></span> <span class='ocrx_word' id='word_1_81' title='bbox 600 1000 665 1060; x_wconf 89' lang='lat' dir='ltr'><strong>post</strong></span> <span class='ocrx_word' id='word_1_82' title='bbox 678 992 881 1048; x_wconf 80' lang='lat' dir='ltr'><strong>conversionem</strong></span> 
     </span>
     <span class='ocr_line' id='line_1_13' title="bbox 90 1060 880 1130; baseline 0.008 -18"><span class='ocrx_word' id='word_1_83' title='bbox 90 1060 140 1112; x_wconf 85' lang='lat' dir='ltr'><strong>acri</strong></span> <span class='ocrx_word' id='word_1_84' title='bbox 151 1063 318 1128; x_wconf 90' lang='lat' dir='ltr'><strong>poenitentia</strong></span> <span class='ocrx_word' id='word_1_85' title='bbox 331 1061 513 1130; x_wconf 80' lang='lat' dir='ltr'><strong>vindicarunt3</strong></span> <span class='ocrx_word' id='word_1_86' title='bbox 532 1063 596 1117; x_wconf 90' lang='lat' dir='ltr'><strong>etsi</strong></span> <span class='ocrx_word' id='word_1_87' title='bbox 610 1063 643 1116; x_wconf 90' lang='lat' dir='ltr'><strong>ab</strong></span> <span class='ocrx_word' id='word_1_88' title='bbox 657 1063 733 1117; x_wconf 84' lang='lat' dir='ltr'><strong>initio</strong></span> <span class='ocrx_word' id='word_1_89' title='bbox 747 1079 777 1118; x_wconf 91' lang='lat' dir='ltr'><strong>se</strong></span> <span class='ocrx_word' id='word_1_90' title='bbox 792 1071 880 1120; x_wconf 86' lang='lat' dir='ltr'><strong>custo·</strong></span> 
     </span>
     <span class='ocr_line' id='line_1_14' title="bbox 92 1127 882 1202; baseline 0.009 -20"><span class='ocrx_word' id='word_1_91' title='bbox 92 1127 196 1202; x_wconf 86' lang='lat' dir='ltr'><strong>dierunt,</strong></span> <span class='ocrx_word' id='word_1_92' title='bbox 209 1133 384 1193; x_wconf 82' lang='lat' dir='ltr'><strong>nihilominus</strong></span> <span class='ocrx_word' id='word_1_93' title='bbox 399 1134 471 1186; x_wconf 89' lang='lat' dir='ltr'><strong>carni</strong></span> <span class='ocrx_word' id='word_1_94' title='bbox 484 1150 538 1187; x_wconf 92' lang='lat' dir='ltr'><strong>nou</strong></span> <span class='ocrx_word' id='word_1_95' title='bbox 551 1141 738 1202; x_wconf 88' lang='lat' dir='ltr'><strong>pepercerunt,</strong></span> <span class='ocrx_word' id='word_1_96' title='bbox 757 1134 806 1189; x_wconf 91' lang='lat' dir='ltr'><strong>sed</strong></span> <span class='ocrx_word' id='word_1_97' title='bbox 822 1150 882 1189; x_wconf 88' lang='lat' dir='ltr'><strong>eam</strong></span> 
     </span>
     <span class='ocr_line' id='line_1_15' title="bbox 91 1203 883 1273; baseline 0.009 -20"><span class='ocrx_word' id='word_1_98' title='bbox 91 1203 205 1258; x_wconf 89' lang='lat' dir='ltr'><strong>continno</strong></span> <span class='ocrx_word' id='word_1_99' title='bbox 224 1203 430 1273; x_wconf 84' lang='lat' dir='ltr'><strong>crucifixerunt,</strong></span> <span class='ocrx_word' id='word_1_100' title='bbox 457 1220 507 1258; x_wconf 92' lang='lat' dir='ltr'><strong>nec</strong></span> <span class='ocrx_word' id='word_1_101' title='bbox 525 1205 611 1260; x_wconf 88' lang='lat' dir='ltr'><strong>solnm</strong></span> <span class='ocrx_word' id='word_1_102' title='bbox 629 1205 700 1258; x_wconf 85' lang='lat' dir='ltr'><strong>circa</strong></span> <span class='ocrx_word' id='word_1_103' title='bbox 716 1205 810 1260; x_wconf 88' lang='lat' dir='ltr'><strong>illicita</strong></span> <span class='ocrx_word' id='word_1_104' title='bbox 828 1205 883 1260; x_wconf 86' lang='lat' dir='ltr'><strong>fre·</strong></span> 
     </span>
     <span class='ocr_line' id='line_1_16' title="bbox 91 1276 883 1346; baseline 0.01 -23"><span class='ocrx_word' id='word_1_105' title='bbox 91 1281 193 1344; x_wconf 83' lang='lat' dir='ltr'><strong>narum,</strong></span> <span class='ocrx_word' id='word_1_106' title='bbox 217 1292 313 1330; x_wconf 86' lang='lat' dir='ltr'><strong>verum</strong></span> <span class='ocrx_word' id='word_1_107' title='bbox 340 1276 421 1328; x_wconf 84' lang='lat' dir='ltr'><strong>etism</strong></span> <span class='ocrx_word' id='word_1_108' title='bbox 445 1276 517 1329; x_wconf 85' lang='lat' dir='ltr'><strong>circa</strong></span> <span class='ocrx_word' id='word_1_109' title='bbox 544 1291 671 1330; x_wconf 88' lang='lat' dir='ltr'><strong>concessa</strong></span> <span class='ocrx_word' id='word_1_110' title='bbox 689 1283 717 1331; x_wconf 91' lang='lat' dir='ltr'><strong>et</strong></span> <span class='ocrx_word' id='word_1_111' title='bbox 733 1277 822 1346; x_wconf 85' lang='lat' dir='ltr'><strong>licita,</strong></span> <span class='ocrx_word' id='word_1_112' title='bbox 852 1283 883 1332; x_wconf 87' lang='lat' dir='ltr'><strong>ut</strong></span> 
     </span>
     <span class='ocr_line' id='line_1_17' title="bbox 90 1347 883 1414; baseline 0.008 -18"><span class='ocrx_word' id='word_1_113' title='bbox 90 1358 178 1413; x_wconf 89' lang='lat' dir='ltr'><strong>nempe</strong></span> <span class='ocrx_word' id='word_1_114' title='bbox 195 1347 302 1401; x_wconf 92' lang='lat' dir='ltr'><strong>coelum</strong></span> <span class='ocrx_word' id='word_1_115' title='bbox 314 1347 448 1402; x_wconf 86' lang='lat' dir='ltr'><strong>violenter</strong></span> <span class='ocrx_word' id='word_1_116' title='bbox 465 1354 600 1414; x_wconf 78' lang='lat' dir='ltr'><strong>raperent.</strong></span> <span class='ocrx_word' id='word_1_117' title='bbox 630 1347 773 1402; x_wconf 81' lang='lat' dir='ltr'><strong>Baialutio</strong></span> <span class='ocrx_word' id='word_1_118' title='bbox 792 1352 883 1402; x_wconf 82' lang='lat' dir='ltr'><strong>autem</strong></span> 
     </span>
     <span class='ocr_line' id='line_1_18' title="bbox 92 1417 882 1487; baseline 0.001 -17"><span class='ocrx_word' id='word_1_119' title='bbox 92 1418 178 1483; x_wconf 70' lang='lat' dir='ltr'><strong>enos,</strong></span> <span class='ocrx_word' id='word_1_120' title='bbox 195 1418 224 1470; x_wconf 91' lang='lat' dir='ltr'><strong>in</strong></span> <span class='ocrx_word' id='word_1_121' title='bbox 240 1418 382 1473; x_wconf 81' lang='lat' dir='ltr'><strong>laboribus</strong></span> <span class='ocrx_word' id='word_1_122' title='bbox 402 1434 451 1487; x_wconf 83' lang='lat' dir='ltr'><strong>pm</strong></span> <span class='ocrx_word' id='word_1_123' title='bbox 470 1417 522 1471; x_wconf 90' lang='lat' dir='ltr'><strong>Dei</strong></span> <span class='ocrx_word' id='word_1_124' title='bbox 540 1419 625 1486; x_wconf 86' lang='lat' dir='ltr'><strong>gloria</strong></span> <span class='ocrx_word' id='word_1_125' title='bbox 643 1417 749 1472; x_wconf 85' lang='lat' dir='ltr'><strong>fortiter</strong></span> <span class='ocrx_word' id='word_1_126' title='bbox 767 1418 882 1473; x_wconf 87' lang='lat' dir='ltr'><strong>subeun-</strong></span> 
     </span>
     <span class='ocr_line' id='line_1_19' title="bbox 94 1483 883 1558; baseline 0.005 -20"><span class='ocrx_word' id='word_1_127' title='bbox 94 1483 144 1554; x_wconf 85' lang='lat' dir='ltr'><strong>dis,</strong></span> <span class='ocrx_word' id='word_1_128' title='bbox 167 1487 367 1544; x_wconf 85' lang='lat' dir='ltr'><strong>difficultatibus</strong></span> <span class='ocrx_word' id='word_1_129' title='bbox 385 1489 558 1557; x_wconf 78' lang='lat' dir='ltr'><strong>superandis,</strong></span> <span class='ocrx_word' id='word_1_130' title='bbox 577 1497 657 1558; x_wconf 85' lang='lat' dir='ltr'><strong>atque</strong></span> <span class='ocrx_word' id='word_1_131' title='bbox 677 1489 799 1543; x_wconf 84' lang='lat' dir='ltr'><strong>adversis</strong></span> <span class='ocrx_word' id='word_1_132' title='bbox 817 1489 883 1542; x_wconf 88' lang='lat' dir='ltr'><strong>tole·</strong></span> 
     </span>
     <span class='ocr_line' id='line_1_20' title="bbox 93 1557 886 1628; baseline 0.008 -20"><span class='ocrx_word' id='word_1_133' title='bbox 93 1557 174 1613; x_wconf 82' lang='lat' dir='ltr'><strong>randis</strong></span> <span class='ocrx_word' id='word_1_134' title='bbox 186 1561 335 1628; x_wconf 84' lang='lat' dir='ltr'><strong>praecipue</strong></span> <span class='ocrx_word' id='word_1_135' title='bbox 349 1567 493 1627; x_wconf 87' lang='lat' dir='ltr'><strong>spectatur.</strong></span> <span class='ocrx_word' id='word_1_136' title='bbox 523 1561 647 1627; x_wconf 87' lang='lat' dir='ltr'><strong>Denique</strong></span> <span class='ocrx_word' id='word_1_137' title='bbox 661 1561 770 1628; x_wconf 75' lang='lat' dir='ltr'><strong>sequela</strong></span> <span class='ocrx_word' id='word_1_138' title='bbox 785 1559 886 1614; x_wconf 68' lang='lat' dir='ltr'><strong>eusci</strong></span> 
     </span>
     <span class='ocr_line' id='line_1_21' title="bbox 93 1626 884 1704; baseline 0.006 -25"><span class='ocrx_word' id='word_1_139' title='bbox 93 1626 118 1679; x_wconf 91' lang='lat' dir='ltr'><strong>in</strong></span> <span class='ocrx_word' id='word_1_140' title='bbox 133 1629 217 1686; x_wconf 88' lang='lat' dir='ltr'><strong>studio</strong></span> <span class='ocrx_word' id='word_1_141' title='bbox 236 1632 313 1685; x_wconf 91' lang='lat' dir='ltr'><strong>illum</strong></span> <span class='ocrx_word' id='word_1_142' title='bbox 330 1629 452 1684; x_wconf 89' lang='lat' dir='ltr'><strong>imitandi</strong></span> <span class='ocrx_word' id='word_1_143' title='bbox 476 1638 504 1685; x_wconf 90' lang='lat' dir='ltr'><strong>et</strong></span> <span class='ocrx_word' id='word_1_144' title='bbox 526 1631 702 1704; x_wconf 36' lang='lat' dir='ltr'><strong>voluntatem,</strong></span> <span class='ocrx_word' id='word_1_145' title='bbox 718 1630 790 1684; x_wconf 88' lang='lat' dir='ltr'><strong>illius</strong></span> <span class='ocrx_word' id='word_1_146' title='bbox 809 1645 884 1684; x_wconf 88' lang='lat' dir='ltr'><strong>accu-</strong></span> 
     </span>
     <span class='ocr_line' id='line_1_22' title="bbox 93 1699 884 1770; baseline 0.009 -21"><span class='ocrx_word' id='word_1_147' title='bbox 93 1705 144 1754; x_wconf 82' lang='lat' dir='ltr'><strong>rate</strong></span> <span class='ocrx_word' id='word_1_148' title='bbox 160 1702 290 1770; x_wconf 91' lang='lat' dir='ltr'><strong>implendi</strong></span> <span class='ocrx_word' id='word_1_149' title='bbox 303 1703 432 1756; x_wconf 80' lang='lat' dir='ltr'><strong>consistit.</strong></span> <span class='ocrx_word' id='word_1_150' title='bbox 459 1703 503 1756; x_wconf 85' lang='lat' dir='ltr'><strong>Ex</strong></span> <span class='ocrx_word' id='word_1_151' title='bbox 517 1703 613 1770; x_wconf 89' lang='lat' dir='ltr'><strong>quibus</strong></span> <span class='ocrx_word' id='word_1_152' title='bbox 627 1701 737 1769; x_wconf 86' lang='lat' dir='ltr'><strong>colliges</strong></span> <span class='ocrx_word' id='word_1_153' title='bbox 751 1699 884 1756; x_wconf 84' lang='lat' dir='ltr'><strong>confusio·</strong></span> 
     </span>
     <span class='ocr_line' id='line_1_23' title="bbox 93 1772 714 1842; baseline 0.005 -20"><span class='ocrx_word' id='word_1_154' title='bbox 93 1784 147 1824; x_wconf 91' lang='lat' dir='ltr'><strong>nem</strong></span> <span class='ocrx_word' id='word_1_155' title='bbox 163 1775 203 1827; x_wconf 90' lang='lat' dir='ltr'><strong>tui</strong></span> <span class='ocrx_word' id='word_1_156' title='bbox 219 1774 307 1842; x_wconf 89' lang='lat' dir='ltr'><strong>ipsius</strong></span> <span class='ocrx_word' id='word_1_157' title='bbox 326 1781 354 1826; x_wconf 87' lang='lat' dir='ltr'><strong>ct</strong></span> <span class='ocrx_word' id='word_1_158' title='bbox 371 1772 526 1842; x_wconf 90' lang='lat' dir='ltr'><strong>proficiendi</strong></span> <span class='ocrx_word' id='word_1_159' title='bbox 544 1772 714 1828; x_wconf 89' lang='lat' dir='ltr'><strong>desiderium.</strong></span> 
     </span>
    </p>

    <p class='ocr_par' dir='ltr' id='par_1_4' title="bbox 93 1841 888 2266">
     <span class='ocr_line' id='line_1_24' title="bbox 123 1841 886 1911; baseline -0.003 -11"><span class='ocrx_word' id='word_1_160' title='bbox 123 1841 168 1900; x_wconf 69' lang='lat' dir='ltr'><strong>Ill</strong></span> <span class='ocrx_word' id='word_1_161' title='bbox 200 1844 305 1911; x_wconf 79' lang='lat' dir='ltr'><strong>Quibus</strong></span> <span class='ocrx_word' id='word_1_162' title='bbox 323 1843 462 1898; x_wconf 83' lang='lat' dir='ltr'><strong>favoribus</strong></span> <span class='ocrx_word' id='word_1_163' title='bbox 479 1844 554 1898; x_wconf 91' lang='lat' dir='ltr'><strong>Deus</strong></span> <span class='ocrx_word' id='word_1_164' title='bbox 571 1845 632 1900; x_wconf 91' lang='lat' dir='ltr'><strong>illos</strong></span> <span class='ocrx_word' id='word_1_165' title='bbox 651 1842 793 1897; x_wconf 82' lang='lat' dir='ltr'><strong>affecerit?</strong></span> <span class='ocrx_word' id='word_1_166' title='bbox 825 1841 886 1898; x_wconf 91' lang='lat' dir='ltr'><strong>Huc</strong></span> 
     </span>
     <span class='ocr_line' id='line_1_25' title="bbox 94 1913 887 1986; baseline 0.004 -21"><span class='ocrx_word' id='word_1_167' title='bbox 94 1914 220 1978; x_wconf 86' lang='lat' dir='ltr'><strong>pertinent</strong></span> <span class='ocrx_word' id='word_1_168' title='bbox 242 1917 369 1984; x_wconf 75' lang='lat' dir='ltr'><strong>msioucs,</strong></span> <span class='ocrx_word' id='word_1_169' title='bbox 391 1916 572 1982; x_wconf 82' lang='lat' dir='ltr'><strong>revelationes,</strong></span> <span class='ocrx_word' id='word_1_170' title='bbox 599 1916 706 1986; x_wconf 70' lang='lat' dir='ltr'><strong>prutina</strong></span> <span class='ocrx_word' id='word_1_171' title='bbox 730 1913 887 1984; x_wconf 82' lang='lat' dir='ltr'><strong>sanitatum,</strong></span> 
     </span>
     <span class='ocr_line' id='line_1_26' title="bbox 93 1983 887 2055; baseline 0.004 -18"><span class='ocrx_word' id='word_1_172' title='bbox 93 1989 254 2050; x_wconf 79' lang='lat' dir='ltr'><strong>operationes</strong></span> <span class='ocrx_word' id='word_1_173' title='bbox 272 1987 411 2055; x_wconf 67' lang='lat' dir='ltr'><strong>cinctum,</strong></span> <span class='ocrx_word' id='word_1_174' title='bbox 438 1987 543 2054; x_wconf 84' lang='lat' dir='ltr'><strong>aliaque</strong></span> <span class='ocrx_word' id='word_1_175' title='bbox 572 1985 643 2040; x_wconf 89' lang='lat' dir='ltr'><strong>dona</strong></span> <span class='ocrx_word' id='word_1_176' title='bbox 667 1993 745 2039; x_wconf 81' lang='lat' dir='ltr'><strong>extre</strong></span> <span class='ocrx_word' id='word_1_177' title='bbox 767 1983 887 2040; x_wconf 88' lang='lat' dir='ltr'><strong>ordinem</strong></span> 
     </span>
     <span class='ocr_line' id='line_1_27' title="bbox 95 2056 887 2126; baseline 0.006 -21"><span class='ocrx_word' id='word_1_178' title='bbox 95 2067 259 2114; x_wconf 78' lang='lat' dir='ltr'><strong>commem.</strong></span> <span class='ocrx_word' id='word_1_179' title='bbox 292 2057 399 2111; x_wconf 89' lang='lat' dir='ltr'><strong>Deinde</strong></span> <span class='ocrx_word' id='word_1_180' title='bbox 412 2058 440 2110; x_wconf 91' lang='lat' dir='ltr'><strong>in</strong></span> <span class='ocrx_word' id='word_1_181' title='bbox 452 2058 513 2126; x_wconf 93' lang='lat' dir='ltr'><strong>ipsa</strong></span> <span class='ocrx_word' id='word_1_182' title='bbox 525 2065 619 2126; x_wconf 90' lang='lat' dir='ltr'><strong>morte,</strong></span> <span class='ocrx_word' id='word_1_183' title='bbox 639 2056 782 2125; x_wconf 84' lang='lat' dir='ltr'><strong>peculiaris</strong></span> <span class='ocrx_word' id='word_1_184' title='bbox 795 2056 887 2110; x_wconf 85' lang='lat' dir='ltr'><strong>visita·</strong></span> 
     </span>
     <span class='ocr_line' id='line_1_28' title="bbox 93 2125 888 2198; baseline 0.006 -20"><span class='ocrx_word' id='word_1_185' title='bbox 93 2125 126 2179; x_wconf 87' lang='lat' dir='ltr'><strong>tio</strong></span> <span class='ocrx_word' id='word_1_186' title='bbox 143 2127 232 2184; x_wconf 83' lang='lat' dir='ltr'><strong>divina</strong></span> <span class='ocrx_word' id='word_1_187' title='bbox 250 2136 299 2184; x_wconf 87' lang='lat' dir='ltr'><strong>aut</strong></span> <span class='ocrx_word' id='word_1_188' title='bbox 316 2129 490 2198; x_wconf 85' lang='lat' dir='ltr'><strong>Angelorum,</strong></span> <span class='ocrx_word' id='word_1_189' title='bbox 515 2137 542 2184; x_wconf 90' lang='lat' dir='ltr'><strong>et</strong></span> <span class='ocrx_word' id='word_1_190' title='bbox 559 2129 744 2196; x_wconf 82' lang='lat' dir='ltr'><strong>praegustatio</strong></span> <span class='ocrx_word' id='word_1_191' title='bbox 763 2127 888 2182; x_wconf 78' lang='lat' dir='ltr'><strong>coelestis</strong></span> 
     </span>
     <span class='ocr_line' id='line_1_29' title="bbox 96 2199 887 2266; baseline 0.005 -18"><span class='ocrx_word' id='word_1_192' title='bbox 96 2200 234 2256; x_wconf 79' lang='lat' dir='ltr'><strong>suavitatis.</strong></span> <span class='ocrx_word' id='word_1_193' title='bbox 281 2199 349 2254; x_wconf 89' lang='lat' dir='ltr'><strong>Post</strong></span> <span class='ocrx_word' id='word_1_194' title='bbox 376 2207 488 2254; x_wconf 88' lang='lat' dir='ltr'><strong>mortem</strong></span> <span class='ocrx_word' id='word_1_195' title='bbox 517 2209 606 2254; x_wconf 85' lang='lat' dir='ltr'><strong>autem</strong></span> <span class='ocrx_word' id='word_1_196' title='bbox 635 2199 753 2253; x_wconf 89' lang='lat' dir='ltr'><strong>honores</strong></span> <span class='ocrx_word' id='word_1_197' title='bbox 781 2199 887 2266; x_wconf 92' lang='lat' dir='ltr'><strong>publice</strong></span> 
     </span>
    </p>
   </div>
   <div class='ocr_carea' id='block_1_3' title="bbox 96 2264 890 2694">
    <p class='ocr_par' dir='ltr' id='par_1_5' title="bbox 96 2264 890 2694">
     <span class='ocr_line' id='line_1_30' title="bbox 96 2264 889 2340; baseline 0.004 -21"><span class='ocrx_word' id='word_1_198' title='bbox 96 2264 195 2340; x_wconf 89' lang='lat' dir='ltr'><strong>decreti,</strong></span> <span class='ocrx_word' id='word_1_199' title='bbox 215 2279 244 2326; x_wconf 89' lang='lat' dir='ltr'><strong>et</strong></span> <span class='ocrx_word' id='word_1_200' title='bbox 257 2271 397 2325; x_wconf 80' lang='lat' dir='ltr'><strong>veneratio</strong></span> <span class='ocrx_word' id='word_1_201' title='bbox 412 2271 451 2324; x_wconf 89' lang='lat' dir='ltr'><strong>eis</strong></span> <span class='ocrx_word' id='word_1_202' title='bbox 466 2271 585 2325; x_wconf 85' lang='lat' dir='ltr'><strong>exhibita</strong></span> <span class='ocrx_word' id='word_1_203' title='bbox 602 2269 824 2338; x_wconf 88' lang='lat' dir='ltr'><strong>apotentatibus,</strong></span> <span class='ocrx_word' id='word_1_204' title='bbox 842 2267 889 2336; x_wconf 86' lang='lat' dir='ltr'><strong>qui</strong></span> 
     </span>
     <span class='ocr_line' id='line_1_31' title="bbox 96 2336 890 2410; baseline 0.001 -19"><span class='ocrx_word' id='word_1_205' title='bbox 96 2351 137 2394; x_wconf 86' lang='lat' dir='ltr'><strong>cos</strong></span> <span class='ocrx_word' id='word_1_206' title='bbox 150 2342 211 2395; x_wconf 91' lang='lat' dir='ltr'><strong>olim</strong></span> <span class='ocrx_word' id='word_1_207' title='bbox 225 2343 297 2397; x_wconf 83' lang='lat' dir='ltr'><strong>forte</strong></span> <span class='ocrx_word' id='word_1_208' title='bbox 310 2336 501 2410; x_wconf 77' lang='lat' dir='ltr'><strong>&#39;despexerumt</strong></span> <span class='ocrx_word' id='word_1_209' title='bbox 533 2343 681 2395; x_wconf 86' lang='lat' dir='ltr'><strong>Praeterea</strong></span> <span class='ocrx_word' id='word_1_210' title='bbox 693 2341 721 2394; x_wconf 90' lang='lat' dir='ltr'><strong>in</strong></span> <span class='ocrx_word' id='word_1_211' title='bbox 740 2340 784 2393; x_wconf 93' lang='lat' dir='ltr'><strong>die</strong></span> <span class='ocrx_word' id='word_1_212' title='bbox 798 2339 890 2393; x_wconf 90' lang='lat' dir='ltr'><strong>iudicii</strong></span> 
     </span>
     <span class='ocr_line' id='line_1_32' title="bbox 96 2406 890 2482; baseline 0 -18"><span class='ocrx_word' id='word_1_213' title='bbox 96 2406 234 2468; x_wconf 87' lang='lat' dir='ltr'><strong>honorifica</strong></span> <span class='ocrx_word' id='word_1_214' title='bbox 248 2414 335 2469; x_wconf 88' lang='lat' dir='ltr'><strong>sessio</strong></span> <span class='ocrx_word' id='word_1_215' title='bbox 350 2419 378 2468; x_wconf 89' lang='lat' dir='ltr'><strong>et</strong></span> <span class='ocrx_word' id='word_1_216' title='bbox 391 2414 527 2482; x_wconf 85' lang='lat' dir='ltr'><strong>exaltatio,</strong></span> <span class='ocrx_word' id='word_1_217' title='bbox 541 2419 650 2480; x_wconf 82' lang='lat' dir='ltr'><strong>praeter</strong></span> <span class='ocrx_word' id='word_1_218' title='bbox 659 2411 696 2481; x_wconf 86' lang='lat' dir='ltr'><strong>id,</strong></span> <span class='ocrx_word' id='word_1_219' title='bbox 709 2411 782 2479; x_wconf 93' lang='lat' dir='ltr'><strong>qnod</strong></span> <span class='ocrx_word' id='word_1_220' title='bbox 794 2411 890 2464; x_wconf 87' lang='lat' dir='ltr'><strong>intrin-</strong></span> 
     </span>
     <span class='ocr_line' id='line_1_33' title="bbox 97 2481 890 2558; baseline -0.001 -23"><span class='ocrx_word' id='word_1_221' title='bbox 97 2494 166 2538; x_wconf 85' lang='lat' dir='ltr'><strong>secus</strong></span> <span class='ocrx_word' id='word_1_222' title='bbox 184 2484 260 2539; x_wconf 83' lang='lat' dir='ltr'><strong>latet.</strong></span> <span class='ocrx_word' id='word_1_223' title='bbox 299 2484 374 2551; x_wconf 79' lang='lat' dir='ltr'><strong>Quae</strong></span> <span class='ocrx_word' id='word_1_224' title='bbox 399 2484 488 2538; x_wconf 87' lang='lat' dir='ltr'><strong>omnia</strong></span> <span class='ocrx_word' id='word_1_225' title='bbox 510 2501 565 2538; x_wconf 91' lang='lat' dir='ltr'><strong>non</strong></span> <span class='ocrx_word' id='word_1_226' title='bbox 590 2484 686 2558; x_wconf 78' lang='lat' dir='ltr'><strong>leviter</strong></span> <span class='ocrx_word' id='word_1_227' title='bbox 713 2498 745 2536; x_wconf 87' lang='lat' dir='ltr'><strong>ac</strong></span> <span class='ocrx_word' id='word_1_228' title='bbox 770 2481 890 2550; x_wconf 85' lang='lat' dir='ltr'><strong>strictim,</strong></span> 
     </span>
     <span class='ocr_line' id='line_1_34' title="bbox 96 2551 890 2623; baseline 0.004 -21"><span class='ocrx_word' id='word_1_229' title='bbox 96 2551 139 2606; x_wconf 89' lang='lat' dir='ltr'><strong>sed</strong></span> <span class='ocrx_word' id='word_1_230' title='bbox 155 2557 225 2610; x_wconf 89' lang='lat' dir='ltr'><strong>serio</strong></span> <span class='ocrx_word' id='word_1_231' title='bbox 245 2563 273 2610; x_wconf 93' lang='lat' dir='ltr'><strong>et</strong></span> <span class='ocrx_word' id='word_1_232' title='bbox 285 2563 391 2610; x_wconf 88' lang='lat' dir='ltr'><strong>mature</strong></span> <span class='ocrx_word' id='word_1_233' title='bbox 409 2553 610 2623; x_wconf 85' lang='lat' dir='ltr'><strong>consideranda,</strong></span> <span class='ocrx_word' id='word_1_234' title='bbox 628 2562 659 2608; x_wconf 90' lang='lat' dir='ltr'><strong>ut</strong></span> <span class='ocrx_word' id='word_1_235' title='bbox 677 2552 784 2608; x_wconf 87' lang='lat' dir='ltr'><strong>debitus</strong></span> <span class='ocrx_word' id='word_1_236' title='bbox 803 2567 838 2606; x_wconf 79' lang='lat' dir='ltr'><strong>en</strong></span> <span class='ocrx_word' id='word_1_237' title='bbox 855 2552 890 2606; x_wconf 91' lang='lat' dir='ltr'><strong>iis</strong></span> 
     </span>
     <span class='ocr_line' id='line_1_35' title="bbox 96 2625 383 2694; baseline 0.01 -17"><span class='ocrx_word' id='word_1_238' title='bbox 96 2626 253 2694; x_wconf 84' lang='lat' dir='ltr'><strong>percipiatur</strong></span> <span class='ocrx_word' id='word_1_239' title='bbox 271 2625 383 2682; x_wconf 85' lang='lat' dir='ltr'><strong>fructus.</strong></span> 
     </span>
    </p>
   </div>
   <div class='ocr_carea' id='block_1_4' title="bbox 128 2745 894 2908">
    <p class='ocr_par' dir='ltr' id='par_1_6' title="bbox 128 2745 894 2908">
     <span class='ocr_line' id='line_1_36' title="bbox 134 2745 850 2806; baseline 0.001 -5"><span class='ocrx_word' id='word_1_240' title='bbox 134 2750 179 2806; x_wconf 75' lang='lat' dir='ltr'><strong>et.</strong></span> <span class='ocrx_word' id='word_1_241' title='bbox 198 2753 380 2805; x_wconf 81' lang='lat' dir='ltr'><strong>Meditatio:</strong></span> <span class='ocrx_word' id='word_1_242' title='bbox 399 2751 443 2805; x_wconf 86' lang='lat' dir='ltr'><strong>Dc</strong></span> <span class='ocrx_word' id='word_1_243' title='bbox 461 2750 683 2804; x_wconf 81' lang='lat' dir='ltr'><strong>Praesentatioue</strong></span> <span class='ocrx_word' id='word_1_244' title='bbox 700 2748 735 2801; x_wconf 93' lang='lat' dir='ltr'><strong>B.</strong></span> <span class='ocrx_word' id='word_1_245' title='bbox 754 2745 797 2800; x_wconf 85' lang='lat' dir='ltr'><strong>M.</strong></span> <span class='ocrx_word' id='word_1_246' title='bbox 818 2745 850 2802; x_wconf 86' lang='lat' dir='ltr'><strong>V.</strong></span> 
     </span>
     <span class='ocr_line' id='line_1_37' title="bbox 128 2829 894 2908; baseline -0.004 -18"><span class='ocrx_word' id='word_1_247' title='bbox 128 2835 149 2890; x_wconf 85' lang='lat' dir='ltr'>L</span> <span class='ocrx_word' id='word_1_248' title='bbox 172 2838 330 2908; x_wconf 85' lang='lat' dir='ltr'><strong>Considera,</strong></span> <span class='ocrx_word' id='word_1_249' title='bbox 349 2847 450 2908; x_wconf 84' lang='lat' dir='ltr'><strong>quanta</strong></span> <span class='ocrx_word' id='word_1_250' title='bbox 467 2838 645 2895; x_wconf 86' lang='lat' dir='ltr'><strong>sollicitudine</strong></span> <span class='ocrx_word' id='word_1_251' title='bbox 663 2835 753 2890; x_wconf 86' lang='lat' dir='ltr'><strong>Maria</strong></span> <span class='ocrx_word' id='word_1_252' title='bbox 769 2829 857 2886; x_wconf 79' lang='lat' dir='ltr'><strong>infans</strong></span> <span class='ocrx_word' id='word_1_253' title='bbox 875 2843 894 2887; x_wconf 66' lang='lat' dir='ltr'><strong>a</strong></span> 
     </span>
    </p>
   </div>
   <div class='ocr_carea' id='block_1_5' title="bbox 0 0 1068 3226">
    <p class='ocr_par' dir='ltr' id='par_1_7' title="bbox 0 0 1068 3226">
     <span class='ocr_line' id='line_1_38' title="bbox 0 0 1068 3226; baseline 0 0"><span class='ocrx_word' id='word_1_254' title='bbox 0 0 1068 3226; x_wconf 95' lang='lat' dir='ltr'><strong> </strong></span> 
     </span>
    </p>
   </div>
  </div>
 </body>
</html>
