2130 3242
157 187 199 231 tle
332 191 365 231 Do
379 191 572 231 sacrmentornm
585 189 782 234 administratione.

158 293 214 348 cesi
233 307 282 348 aua
299 307 350 361 per
367 307 397 347 ee
414 291 489 359 ipsos
508 296 555 346 aut
567 290 703 346 vicarium
714 289 791 345 adid
805 292 961 360 specialiter

157 363 392 433 deputandumin
415 362 475 417 ioro
501 362 678 418 conscientiae
704 362 788 430 gratia
807 362 959 436 absolvere,

156 435 282 504 imposita
305 434 471 504 poenitentia
496 433 615 489 salutari.
651 433 726 488 Idem
744 439 772 489 et
788 433 816 487 in
834 434 960 492 haeresia

157 507 266 561 crimine
284 507 312 560 in
330 505 425 561 eodem
442 504 502 560 foro
517 505 694 560 conscientiae
712 505 753 559 eie
770 511 883 575 tantum,
902 523 959 564 non

156 593 249 633 eorum
267 577 380 632 Vicariie
399 577 436 631 eit
453 576 638 644 permissum.“
664 576 742 630 Circa
754 576 806 630 hoc
819 575 959 633 decretum

155 649 283 704 nonnulla
300 655 363 704 eunt
381 647 564 704 observanda:
585 648 613 701 1⁰
631 647 731 701 crimen
748 647 881 702 occuitum
893 665 958 717 pro·

155 721 214 789 prie
229 720 325 774 (licitum
337 719 411 788 illud,
426 717 498 787 quod
510 719 620 787 probari
633 735 687 773 non
699 725 799 786 potent.
822 719 957 776 Auctoree

156 792 331 846 communiter
354 790 445 845 dicunt
467 789 534 844 illud
557 805 617 845 esse
635 791 780 857 occultam,
811 790 884 857 qnod
901 807 959 846 non

157 868 198 918 eet
210 863 353 930 notorium,
372 869 400 915 et
417 861 508 929 aliqua
519 861 741 929 tergiversatione
760 861 842 915 celari
854 868 956 934 potent,

156 934 261 988 etiamsi
283 947 332 1001 per
353 931 457 1000 aliquos
476 938 560 987 testea
579 931 689 1000 probari
706 933 793 1000 possit
815 932 956 1002 („qnodin

154 1003 209 1059 fine
234 1019 331 1058 causac
349 1019 403 1057 non
422 1009 464 1058 eat
480 1003 630 1073 probatum,
655 1003 707 1058 erit
725 1003 891 1073 occidtnm“;
917 1005 957 1060 ait

154 1075 276 1130 Barbosa
294 1074 328 1128 de
340 1079 437 1142 potent.
455 1075 549 1142 Epioe.
568 1075 645 1144 ullep.
659 1077 702 1130 39.
713 1089 787 1128 aum.
806 1077 864 1142 32.)
873 1094 883 1144 ,-
899 1076 955 1132 imo

154 1144 242 1200 adhuc
260 1145 393 1200 occultum
419 1145 470 1200 dici
492 1159 574 1214 pocae
602 1145 701 1200 crimen
724 1145 902 1215 contendunt,
930 1147 955 1203 ei

154 1217 285 1286 quinque,
313 1224 360 1271 aut
383 1231 432 1271 sex
457 1231 589 1285 personae
606 1215 673 1270 illud
691 1217 792 1286 sciant3
811 1217 955 1285 publicam

153 1303 218 1343 vero
237 1287 281 1342 vel
298 1303 355 1341 noce
372 1287 504 1342 occultum
521 1294 585 1342 trrnc
603 1287 700 1343 dicitnr
717 1288 825 1357 crimen,
845 1287 954 1356 qnando

152 1359 197 1414 vel
210 1366 253 1414 est
266 1359 408 1413 deductum
425 1358 460 1412 ad
472 1358 558 1414 iorum
569 1360 771 1428 contentiosum,
780 1360 800 1429 ¹)
811 1359 856 1414 vel
870 1361 955 1416 scitur

152 1446 170 1485 a
186 1431 281 1485 mucci
299 1437 376 1499 parte
395 1430 495 1499 oppidi,
513 1431 636 1500 viciniae,
654 1430 807 1500 parochiae,
834 1430 887 1484 vel¹
898 1432 954 1486 col-

151 1501 228 1571 legii3
242 1502 322 1557 modo
337 1502 432 1557 saltem
447 1501 538 1555 decem
551 1516 683 1570 personae
696 1501 734 1556 ibi
747 1501 814 1570 aint3
835 1500 876 1568 (S.
889 1501 953 1572 Εἰς.

152 1573 197 1628 iel).
216 1577 240 1628 6.
254 1591 281 1628 a.
297 1576 356 1628 593.
369 1578 425 1631 aot.
439 1575 464 1626 3.
478 1574 509 1626 ia
520 1573 582 1642 fiae,
601 1578 626 1627 et
641 1573 685 1626 loll.
702 1575 728 1628 7.
741 1589 769 1626 a.
783 1575 826 1629 76.
839 1578 896 1626 aot.
909 1575 951 1643 2.)

150 1645 182 1699 2⁰
200 1645 393 1713 quaestionem,
411 1650 500 1698 utrum
513 1644 650 1698 decretum
667 1643 734 1698 illud
751 1644 878 1712 loquatur
892 1649 953 1698 tan·

150 1717 288 1772 tummodo
313 1716 347 1770 de
372 1715 614 1784 reservationibns,
641 1729 710 1783 quae
735 1722 798 1769 tunc
821 1716 953 1782 temporie

150 1789 292 1857 rigebant,
322 1803 357 1840 an
379 1801 445 1841 vero
464 1787 545 1841 etiam
563 1785 596 1840 de
614 1786 662 1855 iis,
692 1801 761 1854 quae
779 1785 953 1854 postmodnm

150 1857 255 1928 fierent,
275 1859 302 1912 S.
321 1859 386 1926 Lip·
401 1857 460 1925 (lad
480 1860 504 1911 6.
522 1873 551 1911 n.
570 1861 629 1912 594.
649 1857 711 1912 dab.
726 1860 751 1911 7.
769 1858 799 1911 ic
815 1857 880 1930 fiae)
899 1857 954 1914 hoc

149 1929 230 1986 modo
249 1929 342 1985 solvit:
362 1927 527 1999 „Concilium
544 1927 680 1983 indefinite
699 1927 820 1983 concedit
837 1927 952 1997 Episco-

150 2001 193 2069 pis
211 1999 364 2055 facultatem
383 1999 539 2055 absolvendi
563 2001 594 2054 ia
618 1999 827 2068 quibuscumque
844 2001 953 2056 caedua

152 2071 270 2139 occultae,
289 2073 369 2128 etiam
387 2071 455 2128 Sede
471 2072 644 2140 Apostolicae
660 2073 818 2138 immoti&
838 2071 884 2126 ubi
903 2087 951 2126 au·

150 2149 205 2196 tem
219 2143 264 2196 lex
277 2159 331 2197 non
344 2142 490 2212 distinguit,
508 2157 558 2196 nac
571 2159 621 2198 noe
636 2141 798 2210 distinguere
811 2141 950 2198 debemus.

149 2253 201 2268 ...
219 2213 289 2267 Hinc
304 2213 423 2282 dicimus,
442 2213 514 2281 quod
533 2213 669 2282 quaelibet
687 2213 773 2282 Bulla,
791 2212 837 2267 ubi
850 2211 952 2270 meunt

149 2283 305 2352 praedictae
320 2285 454 2340 clausulae
465 2284 687 2355 derogatoriae,²)
698 2283 785 2340 aufert
794 2283 950 2340 facultatem

160 2470 181 2523 1)
197 2472 283 2514 Crimen
298 2473 401 2512 cantetur
414 2472 531 2513 deductum
545 2473 574 2513 ad
588 2472 660 2512 lorum
675 2471 842 2520 contentionum,
857 2474 949 2522 qundo

199 2537 231 2576 lbl
245 2537 362 2585 probatum
383 2539 419 2576 cet
432 2537 510 2578 saltam
523 2547 563 2587 per
575 2547 643 2577 unam
657 2539 749 2586 tactam
772 2537 791 2584 al
805 2539 881 2576 tomen
894 2548 948 2580 rene

199 2612 222 2642 ee
236 2602 341 2651 purgavit
355 2612 369 2641 a
383 2603 473 2642 crimina
486 2603 509 2642 ln
523 2603 603 2642 indicio
618 2603 685 2642 etlam
698 2601 762 2642 malle
776 2601 868 2652 trtlbua
883 2605 948 2654 pota·

199 2667 230 2706 rit
244 2665 272 2705 ab
286 2657 396 2716 Episcopo
408 2668 493 2708 ancolrl
512 2670 619 2718 tanquam
632 2668 659 2707 de
673 2667 752 2708 delicto
765 2668 859 2711 occulto.
888 2669 949 2716 (Soo-

196 2731 241 2770 ot'nl
255 2735 299 2773 tom.
314 2731 333 2769 1.
345 2743 396 2782 pop.
411 2730 459 2776 tel.
473 2733 505 2775 cd.
520 2731 557 2780 X.)

160 2792 183 2847 ἱ)
199 2796 260 2846 „Nou
274 2796 401 2836 reclamitat
415 2797 503 2838 decretio
517 2799 608 2838 calescit
622 2797 725 2840 domati‘
745 2800 766 2838 et
785 2799 842 2848 „aid
854 2799 879 2839 ic
890 2811 948 2842 Μ-

197 2861 225 2902 tic
237 2861 347 2902 arciacas*
