2124 3230
152 161 193 205 3⁴⁴
321 165 353 205 De
364 166 513 234 plebatibus
526 166 562 207 88.
577 166 659 206 niusa
672 167 780 208 murteta

189 266 430 336 DeEpistola‚
450 266 622 322 Graduali
640 273 674 321 et
688 267 897 333 aliisusque
912 267 954 322 ad

152 338 396 406 Evangeliunn
433 337 617 398 Subdiaconus
644 338 716 394 circa
737 336 819 392 finem
842 338 956 394 ultimae

155 408 291 464 Orationis
310 410 406 492 accipit
424 410 552 464 ambabus
571 410 692 464 manibus
706 409 802 464 librum
815 409 955 492 Epistola·

152 480 460 620 anchittilli,
473 497 555 606 tut
567 479 955 620 attributati.

152 631 196 678 tra
214 623 299 677 altare
324 630 352 677 et
377 629 467 678 canmt
484 623 650 692 Epistolam,
679 637 758 690 quam
784 623 865 678 etiam
883 623 954 678 cele·

152 694 234 750 branc
252 694 357 748 interim
382 694 513 749 submissa
537 689 701 761 vccedegit,
732 694 874 748 assistente
901 695 955 750 sibi

153 764 266 820 ditcom
284 781 301 818 a
319 765 429 832 dextris,
457 767 565 820 etitem
583 765 725 830 Graduale,
755 765 882 820 Tractum
901 773 954 820 etc

152 851 238 904 usque
257 836 292 889 ad
309 835 419 889 Munda
435 851 482 890 cor·
498 853 593 890 meum.
621 836 746 904 Epistola
762 842 871 892 cantata
888 837 951 890 sub·

152 907 280 968 diaconus
297 906 362 960 facit
378 907 475 960 iterum
488 906 701 975 genuflexionem
719 907 797 962 altari
814 907 844 960 in
861 908 951 963 medio

152 993 183 1032 ac
201 978 272 1032 redit
290 978 324 1031 ad
342 978 534 1046 celebrantem,
563 987 590 1032 et
607 977 788 1046 genuflectens
815 979 954 1034 osculatur

152 1049 210 1103 eius
228 1063 342 1116 manum,
367 1055 394 1102 et
412 1049 446 1102 ab
465 1065 498 1104 eo
516 1049 690 1118 benedicitur,
717 1056 906 1117 praeterquam
923 1051 953 1104 in
1049 1071 1050 1086 ¹

151 1119 243 1174 Missis
261 1118 455 1177 defunctorum.
478 1121 578 1176 Postea
595 1121 667 1174 idem
685 1120 865 1174 subdiaconus
884 1122 953 1176 acci·

151 1191 193 1258 pit
210 1191 321 1246 Missale
338 1191 511 1260 celebrantis,
540 1191 627 1246 deiert
650 1191 686 1246 ad
709 1207 793 1246 cornu
809 1191 952 1260 Evangelii

150 1261 179 1314 in
197 1261 281 1316 altare
299 1269 328 1316 et
344 1261 382 1316 ibi
399 1263 531 1318 minisbat
555 1262 715 1330 celebranti,
744 1263 789 1330 qui
815 1263 844 1318 in
861 1263 953 1318 medio

152 1333 245 1388 altaris
264 1333 396 1388 submissa
418 1349 485 1388 voce
506 1333 576 1390 dicto
594 1334 705 1388 Mandu
722 1349 769 1388 cor
785 1350 873 1388 mcum
891 1342 952 1403 etc,

152 1411 180 1458 et
198 1403 293 1458 deiude
311 1405 380 1459 lecto
398 1404 563 1473 Evangelio,
589 1404 661 1473 quod
685 1405 712 1458 in
729 1403 782 1457 fine
800 1420 855 1458 non
874 1421 951 1460 oscu-

152 1471 231 1543 latur,
251 1475 339 1530 delato
354 1475 433 1530 etiam
447 1491 496 1544 per
508 1475 648 1530 diaconum
660 1475 727 1529 libro
740 1475 950 1544 Evangeliorum

152 1543 187 1600 ad
205 1545 298 1616 altare,
316 1547 428 1615 imponit
445 1547 582 1602 incensum
600 1547 628 1600 in
644 1545 818 1601 thuribulum.
849 1547 951 1603 Postea

152 1617 279 1674 &conus
302 1617 460 1686 genuflexus
487 1626 548 1673 ante
574 1618 657 1672 altare
682 1617 746 1672 dicit
767 1617 878 1672 Mundo
904 1634 951 1674 cor

151 1705 255 1757 meum5
278 1698 306 1744 at
324 1689 456 1757 accipiens
478 1689 574 1744 librum
592 1689 800 1757 Evangeliorum
819 1687 852 1742 de
871 1689 950 1744 altari
1049 1695 1050 1754 ζ

152 1763 220 1828 petit
238 1760 450 1816 benedictionem
468 1776 484 1814 a
503 1761 663 1829 celebrante,
691 1760 811 1816 similiter
828 1759 948 1827 genufle-

151 1847 202 1886 xus
219 1831 247 1884 in
273 1832 405 1899 superiori
432 1830 518 1900 gradu
545 1831 652 1899 altaris,
680 1839 707 1886 et
732 1832 853 1886 osculata
875 1831 950 1886 illius

151 1917 239 1970 manu,
258 1902 480 1970 praecedentibus
498 1902 669 1958 thuriferario
693 1909 720 1956 et
738 1901 843 1956 duobus
861 1903 948 1971 acoly-

151 1971 205 2027 this
223 1989 282 2026 cum
301 1972 468 2028 candelabris
492 1974 610 2028 accensis
629 1973 663 2028 de
681 1973 818 2027 credentia
835 1974 949 2042 sumptis

150 2042 225 2097 vadit
243 2057 302 2097 cum
321 2043 483 2098 subdiacono
502 2059 518 2098 a
536 2045 649 2100 sinistris
668 2045 703 2098 nd
719 2044 806 2098 locum
824 2044 947 2112 Evange·
1049 2095 1050 2100 ,

149 2114 179 2168 lii
197 2121 290 2168 contra
315 2115 398 2169 altare
425 2111 521 2170 versus
544 2117 686 2185 populum,
715 2115 761 2170 ubi
785 2114 949 2171 subdiacono

149 2185 246 2238 librum
263 2191 380 2255 tenente,
404 2186 492 2241 medio
505 2187 581 2240 inter
598 2185 665 2242 duos
685 2186 830 2256 acolythos,
856 2193 948 2242 tenen·

149 2263 191 2310 tes
216 2255 392 2326 candelabra,
428 2255 491 2312 dicit
514 2258 650 2312 Dominus
671 2257 820 2324 caducum,
852 2258 949 2312 iunctis

149 2326 279 2382 manibus.
306 2328 372 2382 Cum
391 2327 454 2383 dicit
473 2327 618 2398 Sequentia
636 2337 686 2384 etc.
702 2330 789 2398 signat
805 2329 903 2384 librum
920 2329 948 2382 in

150 2396 283 2466 principio
301 2397 451 2469 Evangelii,
478 2398 601 2469 frontem,
630 2417 659 2455 os
679 2407 706 2455 et
723 2407 826 2469 pectus,
853 2407 949 2469 postea

152 2478 195 2524 ter
213 2469 309 2524 librum
326 2470 454 2540 incensat,
472 2472 524 2526 hcc
543 2479 592 2541 est,
610 2471 638 2526 in
655 2471 751 2540 medio,
770 2486 787 2524 a
805 2469 906 2526 dextris
921 2475 950 2525 et

152 2555 169 2594 a
188 2540 311 2608 sinistris,
330 2549 357 2596 et
374 2543 546 2610 prosequitur
558 2542 734 2612 Evangelium
751 2542 848 2598 iunctis
865 2541 947 2597 mani·
1046 2552 1048 2567 ¹

151 2611 210 2666 bus.
247 2612 357 2666 Interim
376 2613 514 2668 celebrans
538 2622 600 2682 post
623 2613 712 2668 domm
738 2613 849 2669 diacono
868 2614 947 2668 bene·

153 2681 297 2736 dictionem
314 2684 455 2739 retrahens
473 2699 502 2738 se
521 2684 556 2739 ad
576 2701 658 2740 cornu
675 2684 823 2754 Epistulae,
840 2685 878 2738 ibi
896 2689 949 2740 stat

149 2752 247 2806 iunctis
265 2753 395 2811 manibus.
432 2755 546 2810 Etcum
571 2755 697 2812 diaconus
722 2755 786 2810 dicit
803 2755 948 2823 Sequentia

151 2824 240 2876 amicti
256 2823 409 2893 Ecauqclir,
428 2825 555 2880 sacerdos
573 2827 654 2880 etiam
672 2828 761 2895 signat
778 2841 823 2893 se3
842 2834 870 2880 et
888 2841 945 2880 cunr

194 3028 206 3055 Ο
