<?xml version="1.0" encoding="UTF-8"?>
<!DOCTYPE html PUBLIC "-//W3C//DTD XHTML 1.0 Transitional//EN"
    "http://www.w3.org/TR/xhtml1/DTD/xhtml1-transitional.dtd">
<html xmlns="http://www.w3.org/1999/xhtml" xml:lang="en" lang="en">
 <head>
  <title>
</title>
<meta http-equiv="Content-Type" content="text/html;charset=utf-8" />
  <meta name='ocr-system' content='tesseract 3.04.00' />
  <meta name='ocr-capabilities' content='ocr_page ocr_carea ocr_par ocr_line ocrx_word'/>
</head>
<body>
  <div class='ocr_page' id='page_1' title='image "./manualesacerdot00schngoog_0708.png"; bbox 0 0 2128 3228; ppageno 0'>
   <div class='ocr_carea' id='block_1_1' title="bbox 151 187 799 241">
    <p class='ocr_par' dir='ltr' id='par_1_1' title="bbox 151 187 799 241">
     <span class='ocr_line' id='line_1_1' title="bbox 151 187 799 241; baseline 0 -9"><span class='ocrx_word' id='word_1_1' title='bbox 151 187 192 232; x_wconf 75' lang='grc'><strong>680</strong></span> <span class='ocrx_word' id='word_1_2' title='bbox 310 192 343 234; x_wconf 83' lang='lat' dir='ltr'><strong>De</strong></span> <span class='ocrx_word' id='word_1_3' title='bbox 356 190 486 241; x_wconf 76' lang='lat' dir='ltr'><strong>quibusdum</strong></span> <span class='ocrx_word' id='word_1_4' title='bbox 499 191 548 231; x_wconf 83' lang='lat' dir='ltr'><strong>uiiir</strong></span> <span class='ocrx_word' id='word_1_5' title='bbox 562 191 700 232; x_wconf 59' lang='lat' dir='ltr'><strong>“remotum</strong></span> <span class='ocrx_word' id='word_1_6' title='bbox 714 191 799 232; x_wconf 80' lang='lat' dir='ltr'><strong>officiis.</strong></span> 
     </span>
    </p>
   </div>
   <div class='ocr_carea' id='block_1_2' title="bbox 151 290 958 418">
    <p class='ocr_par' dir='ltr' id='par_1_2' title="bbox 151 290 958 418">
     <span class='ocr_line' id='line_1_2' title="bbox 151 290 958 360; baseline 0.002 -14"><span class='ocrx_word' id='word_1_7' title='bbox 151 291 238 360; x_wconf 81' lang='lat' dir='ltr'><strong>stitur,</strong></span> <span class='ocrx_word' id='word_1_8' title='bbox 263 290 297 346; x_wconf 84' lang='lat' dir='ltr'><strong>ab</strong></span> <span class='ocrx_word' id='word_1_9' title='bbox 315 291 358 346; x_wconf 88' lang='lat' dir='ltr'><strong>bis</strong></span> <span class='ocrx_word' id='word_1_10' title='bbox 383 292 504 346; x_wconf 84' lang='lat' dir='ltr'><strong>interra</strong></span> <span class='ocrx_word' id='word_1_11' title='bbox 526 291 584 346; x_wconf 77' lang='lat' dir='ltr'><strong>sits</strong></span> <span class='ocrx_word' id='word_1_12' title='bbox 606 297 700 347; x_wconf 89' lang='lat' dir='ltr'><strong>nostra</strong></span> <span class='ocrx_word' id='word_1_13' title='bbox 718 291 864 349; x_wconf 81' lang='lat' dir='ltr'><strong>muniatur.</strong></span> <span class='ocrx_word' id='word_1_14' title='bbox 900 292 958 348; x_wconf 86' lang='lat' dir='ltr'><strong>Por</strong></span> 
     </span>
     <span class='ocr_line' id='line_1_3' title="bbox 154 361 818 418; baseline -0.002 0"><span class='ocrx_word' id='word_1_15' title='bbox 154 361 290 418; x_wconf 77' lang='lat' dir='ltr'><strong>christun</strong></span> <span class='ocrx_word' id='word_1_16' title='bbox 306 362 452 417; x_wconf 87' lang='lat' dir='ltr'><strong>Dominum</strong></span> <span class='ocrx_word' id='word_1_17' title='bbox 469 369 598 418; x_wconf 85' lang='lat' dir='ltr'><strong>nostrum</strong></span> <span class='ocrx_word' id='word_1_18' title='bbox 618 391 652 402; x_wconf 90' lang='lat'>—</span> <span class='ocrx_word' id='word_1_19' title='bbox 670 361 706 417; x_wconf 84' lang='lat' dir='ltr'><strong>R.</strong></span> <span class='ocrx_word' id='word_1_20' title='bbox 724 362 818 418; x_wconf 83' lang='lat' dir='ltr'><strong>Amen.</strong></span> 
     </span>
    </p>
   </div>
   <div class='ocr_carea' id='block_1_3' title="bbox 139 469 956 835">
    <p class='ocr_par' dir='ltr' id='par_1_3' title="bbox 139 469 956 835">
     <span class='ocr_line' id='line_1_4' title="bbox 282 469 824 529; baseline 0 -11"><span class='ocrx_word' id='word_1_21' title='bbox 282 469 305 518; x_wconf 80' lang='grc'><strong>6.</strong></span> <span class='ocrx_word' id='word_1_22' title='bbox 326 473 364 518; x_wconf 88' lang='lat' dir='ltr'><strong>Do</strong></span> <span class='ocrx_word' id='word_1_23' title='bbox 376 473 453 519; x_wconf 88' lang='lat' dir='ltr'><strong>ruodo</strong></span> <span class='ocrx_word' id='word_1_24' title='bbox 467 472 622 519; x_wconf 85' lang='lat' dir='ltr'><strong>instituendi</strong></span> <span class='ocrx_word' id='word_1_25' title='bbox 636 473 824 529; x_wconf 74' lang='lat' dir='ltr'>processiones.</span> 
     </span>
     <span class='ocr_line' id='line_1_5' title="bbox 438 541 669 594; baseline 0 -12"><span class='ocrx_word' id='word_1_26' title='bbox 438 541 481 594; x_wconf 82' lang='lat' dir='ltr'><strong>(iix</strong></span> <span class='ocrx_word' id='word_1_27' title='bbox 494 544 541 582; x_wconf 79' lang='lat' dir='ltr'><strong>Bit.</strong></span> <span class='ocrx_word' id='word_1_28' title='bbox 553 542 669 594; x_wconf 81' lang='lat' dir='ltr'><strong>Romano.)</strong></span> 
     </span>
     <span class='ocr_line' id='line_1_6' title="bbox 139 607 956 678; baseline 0.002 -16"><span class='ocrx_word' id='word_1_29' title='bbox 139 616 145 626; x_wconf 88' lang='lat'><strong><em>‘</em></strong></span> <span class='ocrx_word' id='word_1_30' title='bbox 189 611 214 663; x_wconf 93' lang='lat'><strong>1.</strong></span> <span class='ocrx_word' id='word_1_31' title='bbox 231 607 359 664; x_wconf 78' lang='lat' dir='ltr'>Publicae</span> <span class='ocrx_word' id='word_1_32' title='bbox 377 622 522 676; x_wconf 78' lang='lat' dir='ltr'><strong>ramaeque</strong></span> <span class='ocrx_word' id='word_1_33' title='bbox 540 607 736 678; x_wconf 77' lang='lat' dir='ltr'><strong>processiones,</strong></span> <span class='ocrx_word' id='word_1_34' title='bbox 757 622 805 662; x_wconf 88' lang='lat' dir='ltr'><strong>sen</strong></span> <span class='ocrx_word' id='word_1_35' title='bbox 819 608 956 677; x_wconf 87' lang='lat' dir='ltr'><strong>supplica-</strong></span> 
     </span>
     <span class='ocr_line' id='line_1_7' title="bbox 152 679 955 749; baseline 0.001 -14"><span class='ocrx_word' id='word_1_36' title='bbox 152 679 247 749; x_wconf 88' lang='lat' dir='ltr'><strong>tiones‚</strong></span> <span class='ocrx_word' id='word_1_37' title='bbox 267 679 362 748; x_wconf 86' lang='lat' dir='ltr'><strong>quibus</strong></span> <span class='ocrx_word' id='word_1_38' title='bbox 381 693 416 734; x_wconf 86' lang='lat' dir='ltr'><strong>ex</strong></span> <span class='ocrx_word' id='word_1_39' title='bbox 434 679 618 747; x_wconf 87' lang='lat' dir='ltr'><strong>antiquissimo</strong></span> <span class='ocrx_word' id='word_1_40' title='bbox 638 679 686 733; x_wconf 84' lang='lat' dir='ltr'><strong>SS.</strong></span> <span class='ocrx_word' id='word_1_41' title='bbox 699 679 811 734; x_wconf 79' lang='lat' dir='ltr'><strong>Patruus</strong></span> <span class='ocrx_word' id='word_1_42' title='bbox 828 680 955 736; x_wconf 87' lang='lat' dir='ltr'><strong>instituto</strong></span> 
     </span>
     <span class='ocr_line' id='line_1_8' title="bbox 153 748 953 835; baseline 0 -29"><span class='ocrx_word' id='word_1_43' title='bbox 153 749 284 806; x_wconf 86' lang='lat' dir='ltr'><strong>catholica</strong></span> <span class='ocrx_word' id='word_1_44' title='bbox 302 750 416 805; x_wconf 86' lang='lat' dir='ltr'><strong>ecclesia</strong></span> <span class='ocrx_word' id='word_1_45' title='bbox 433 749 477 805; x_wconf 85' lang='lat' dir='ltr'><strong>vel</strong></span> <span class='ocrx_word' id='word_1_46' title='bbox 495 749 530 804; x_wconf 83' lang='lat' dir='ltr'><strong>ad</strong></span> <span class='ocrx_word' id='word_1_47' title='bbox 547 748 716 805; x_wconf 88' lang='lat' dir='ltr'><strong>excitandam</strong></span> <span class='ocrx_word' id='word_1_48' title='bbox 730 748 849 804; x_wconf 86' lang='lat' dir='ltr'><strong>fidelium</strong></span> <span class='ocrx_word' id='word_1_49' title='bbox 865 751 953 835; x_wconf 74' lang='lat' dir='ltr'><strong>pieta·</strong></span> 
     </span>
    </p>
   </div>
   <div class='ocr_carea' id='block_1_4' title="bbox 149 819 956 2596">
    <p class='ocr_par' dir='ltr' id='par_1_4' title="bbox 150 819 954 1388">
     <span class='ocr_line' id='line_1_9' title="bbox 151 819 954 894; baseline 0.001 -17"><span class='ocrx_word' id='word_1_50' title='bbox 151 828 216 891; x_wconf 90' lang='lat' dir='ltr'><strong>tem,</strong></span> <span class='ocrx_word' id='word_1_51' title='bbox 240 821 285 877; x_wconf 84' lang='lat' dir='ltr'><strong>vel</strong></span> <span class='ocrx_word' id='word_1_52' title='bbox 311 820 346 876; x_wconf 89' lang='lat' dir='ltr'><strong>ad</strong></span> <span class='ocrx_word' id='word_1_53' title='bbox 372 820 610 894; x_wconf 84' lang='lat' dir='ltr'><strong>commemoranda¹</strong></span> <span class='ocrx_word' id='word_1_54' title='bbox 626 821 679 876; x_wconf 89' lang='lat' dir='ltr'><strong>Dei</strong></span> <span class='ocrx_word' id='word_1_55' title='bbox 706 819 847 892; x_wconf 87' lang='lat' dir='ltr'><strong>beneficia,</strong></span> <span class='ocrx_word' id='word_1_56' title='bbox 873 837 954 890; x_wconf 85' lang='lat' dir='ltr'><strong>euque</strong></span> 
     </span>
     <span class='ocr_line' id='line_1_10' title="bbox 151 891 954 962; baseline 0.001 -15"><span class='ocrx_word' id='word_1_57' title='bbox 151 892 253 962; x_wconf 87' lang='lat' dir='ltr'><strong>gratias</strong></span> <span class='ocrx_word' id='word_1_58' title='bbox 271 892 396 962; x_wconf 74' lang='lat' dir='ltr'><strong>agendas,</strong></span> <span class='ocrx_word' id='word_1_59' title='bbox 415 892 460 947; x_wconf 90' lang='lat' dir='ltr'><strong>vel</strong></span> <span class='ocrx_word' id='word_1_60' title='bbox 478 891 513 946; x_wconf 85' lang='lat' dir='ltr'><strong>ad</strong></span> <span class='ocrx_word' id='word_1_61' title='bbox 531 891 649 947; x_wconf 86' lang='lat' dir='ltr'><strong>divinum</strong></span> <span class='ocrx_word' id='word_1_62' title='bbox 663 892 789 947; x_wconf 82' lang='lat' dir='ltr'><strong>auxilium</strong></span> <span class='ocrx_word' id='word_1_63' title='bbox 806 892 954 962; x_wconf 87' lang='lat' dir='ltr'><strong>imploran-</strong></span> 
     </span>
     <span class='ocr_line' id='line_1_11' title="bbox 150 963 952 1034; baseline 0.001 -15"><span class='ocrx_word' id='word_1_64' title='bbox 150 963 213 1019; x_wconf 91' lang='lat' dir='ltr'><strong>dum</strong></span> <span class='ocrx_word' id='word_1_65' title='bbox 230 964 270 1018; x_wconf 86' lang='lat' dir='ltr'><strong>uti</strong></span> <span class='ocrx_word' id='word_1_66' title='bbox 287 964 441 1034; x_wconf 86' lang='lat' dir='ltr'><strong>consuevit,</strong></span> <span class='ocrx_word' id='word_1_67' title='bbox 470 979 523 1031; x_wconf 89' lang='lat' dir='ltr'><strong>qua</strong></span> <span class='ocrx_word' id='word_1_68' title='bbox 540 979 591 1032; x_wconf 89' lang='lat' dir='ltr'><strong>par</strong></span> <span class='ocrx_word' id='word_1_69' title='bbox 609 970 651 1018; x_wconf 91' lang='lat' dir='ltr'><strong>est</strong></span> <span class='ocrx_word' id='word_1_70' title='bbox 667 964 797 1031; x_wconf 88' lang='lat' dir='ltr'><strong>religione</strong></span> <span class='ocrx_word' id='word_1_71' title='bbox 816 964 952 1020; x_wconf 87' lang='lat' dir='ltr'><strong>celebrari</strong></span> 
     </span>
     <span class='ocr_line' id='line_1_12' title="bbox 150 1034 951 1111; baseline 0.001 -22"><span class='ocrx_word' id='word_1_72' title='bbox 150 1034 265 1102; x_wconf 82' lang='lat' dir='ltr'><strong>debent3</strong></span> <span class='ocrx_word' id='word_1_73' title='bbox 290 1035 427 1090; x_wconf 81' lang='lat' dir='ltr'>continent</span> <span class='ocrx_word' id='word_1_74' title='bbox 446 1036 515 1089; x_wconf 90' lang='lat' dir='ltr'><strong>enim</strong></span> <span class='ocrx_word' id='word_1_75' title='bbox 533 1049 630 1103; x_wconf 86' lang='lat' dir='ltr'><strong>magua</strong></span> <span class='ocrx_word' id='word_1_76' title='bbox 649 1049 687 1111; x_wconf 79' lang='lat' dir='ltr'><strong>¹uc</strong></span> <span class='ocrx_word' id='word_1_77' title='bbox 705 1034 795 1088; x_wconf 83' lang='lat' dir='ltr'><strong>divina</strong></span> <span class='ocrx_word' id='word_1_78' title='bbox 812 1036 951 1106; x_wconf 76' lang='lat' dir='ltr'><strong>mysteria,</strong></span> 
     </span>
     <span class='ocr_line' id='line_1_13' title="bbox 150 1104 950 1175; baseline 0 -14"><span class='ocrx_word' id='word_1_79' title='bbox 150 1112 178 1161; x_wconf 89' lang='lat' dir='ltr'><strong>et</strong></span> <span class='ocrx_word' id='word_1_80' title='bbox 196 1105 327 1160; x_wconf 73' lang='lat' dir='ltr'><strong>curares</strong></span> <span class='ocrx_word' id='word_1_81' title='bbox 346 1105 508 1160; x_wconf 77' lang='lat' dir='ltr'><strong>christianae</strong></span> <span class='ocrx_word' id='word_1_82' title='bbox 526 1106 635 1174; x_wconf 87' lang='lat' dir='ltr'><strong>pietatis</strong></span> <span class='ocrx_word' id='word_1_83' title='bbox 653 1104 755 1160; x_wconf 84' lang='lat' dir='ltr'><strong>fructus</strong></span> <span class='ocrx_word' id='word_1_84' title='bbox 773 1120 820 1160; x_wconf 85' lang='lat' dir='ltr'><strong>eas</strong></span> <span class='ocrx_word' id='word_1_85' title='bbox 838 1107 883 1175; x_wconf 90' lang='lat' dir='ltr'><strong>pie</strong></span> <span class='ocrx_word' id='word_1_86' title='bbox 903 1121 950 1161; x_wconf 86' lang='lat' dir='ltr'><strong>ex·</strong></span> 
     </span>
     <span class='ocr_line' id='line_1_14' title="bbox 151 1175 952 1245; baseline 0.001 -12"><span class='ocrx_word' id='word_1_87' title='bbox 151 1182 294 1244; x_wconf 82' lang='lat' dir='ltr'><strong>sequentes</strong></span> <span class='ocrx_word' id='word_1_88' title='bbox 320 1191 337 1230; x_wconf 85' lang='lat' dir='ltr'><strong>a</strong></span> <span class='ocrx_word' id='word_1_89' title='bbox 360 1176 422 1235; x_wconf 89' lang='lat' dir='ltr'><strong>Deo.</strong></span> <span class='ocrx_word' id='word_1_90' title='bbox 440 1183 655 1245; x_wconf 83' lang='lat' dir='ltr'><strong>consequuntur3</strong></span> <span class='ocrx_word' id='word_1_91' title='bbox 683 1175 716 1232; x_wconf 88' lang='lat' dir='ltr'><strong>de</strong></span> <span class='ocrx_word' id='word_1_92' title='bbox 741 1177 838 1245; x_wconf 87' lang='lat' dir='ltr'><strong>quibus</strong></span> <span class='ocrx_word' id='word_1_93' title='bbox 855 1176 952 1234; x_wconf 84' lang='lat' dir='ltr'><strong>fideles</strong></span> 
     </span>
     <span class='ocr_line' id='line_1_15' title="bbox 150 1247 951 1318; baseline 0.005 -18"><span class='ocrx_word' id='word_1_94' title='bbox 150 1261 326 1317; x_wconf 85' lang='lat' dir='ltr'><strong>praemonere</strong></span> <span class='ocrx_word' id='word_1_95' title='bbox 344 1252 372 1302; x_wconf 90' lang='lat' dir='ltr'><strong>et</strong></span> <span class='ocrx_word' id='word_1_96' title='bbox 389 1247 510 1317; x_wconf 88' lang='lat' dir='ltr'><strong>crudire,</strong></span> <span class='ocrx_word' id='word_1_97' title='bbox 535 1263 589 1316; x_wconf 89' lang='lat' dir='ltr'><strong>quo</strong></span> <span class='ocrx_word' id='word_1_98' title='bbox 607 1255 727 1316; x_wconf 89' lang='lat' dir='ltr'><strong>tempore</strong></span> <span class='ocrx_word' id='word_1_99' title='bbox 745 1249 830 1317; x_wconf 85' lang='lat' dir='ltr'><strong>magis</strong></span> <span class='ocrx_word' id='word_1_100' title='bbox 849 1264 951 1318; x_wconf 90' lang='lat' dir='ltr'><strong>oppor-</strong></span> 
     </span>
     <span class='ocr_line' id='line_1_16' title="bbox 150 1316 745 1388; baseline -0.003 -14"><span class='ocrx_word' id='word_1_101' title='bbox 150 1325 244 1374; x_wconf 89' lang='lat' dir='ltr'><strong>tunum</strong></span> <span class='ocrx_word' id='word_1_102' title='bbox 261 1316 350 1388; x_wconf 84' lang='lat' dir='ltr'><strong>inerit,</strong></span> <span class='ocrx_word' id='word_1_103' title='bbox 368 1319 547 1387; x_wconf 88' lang='lat' dir='ltr'><strong>parochorum</strong></span> <span class='ocrx_word' id='word_1_104' title='bbox 565 1317 678 1374; x_wconf 90' lang='lat' dir='ltr'><strong>officium</strong></span> <span class='ocrx_word' id='word_1_105' title='bbox 696 1325 745 1373; x_wconf 87' lang='lat' dir='ltr'><strong>est.</strong></span> 
     </span>
    </p>

    <p class='ocr_par' dir='ltr' id='par_1_5' title="bbox 149 1387 952 1730">
     <span class='ocr_line' id='line_1_17' title="bbox 187 1387 952 1459; baseline 0.003 -16"><span class='ocrx_word' id='word_1_106' title='bbox 187 1391 213 1444; x_wconf 78' lang='lat'><strong>2.</strong></span> <span class='ocrx_word' id='word_1_107' title='bbox 240 1387 357 1444; x_wconf 84' lang='lat' dir='ltr'><strong>Videant</strong></span> <span class='ocrx_word' id='word_1_108' title='bbox 372 1390 502 1459; x_wconf 88' lang='lat' dir='ltr'><strong>imprimis</strong></span> <span class='ocrx_word' id='word_1_109' title='bbox 520 1389 683 1459; x_wconf 83' lang='lat' dir='ltr'><strong>sacerdotes,</strong></span> <span class='ocrx_word' id='word_1_110' title='bbox 706 1389 804 1457; x_wconf 85' lang='lat' dir='ltr'><strong>aliique</strong></span> <span class='ocrx_word' id='word_1_111' title='bbox 824 1390 952 1446; x_wconf 85' lang='lat' dir='ltr'><strong>ecclesia·</strong></span> 
     </span>
     <span class='ocr_line' id='line_1_18' title="bbox 152 1459 952 1530; baseline 0 -14"><span class='ocrx_word' id='word_1_112' title='bbox 152 1459 212 1516; x_wconf 76' lang='lat' dir='ltr'><strong>utici</strong></span> <span class='ocrx_word' id='word_1_113' title='bbox 231 1460 346 1530; x_wconf 81' lang='lat' dir='ltr'><strong>ordinis,</strong></span> <span class='ocrx_word' id='word_1_114' title='bbox 373 1468 404 1515; x_wconf 91' lang='lat' dir='ltr'><strong>ut</strong></span> <span class='ocrx_word' id='word_1_115' title='bbox 420 1462 448 1515; x_wconf 96' lang='lat' dir='ltr'><strong>in</strong></span> <span class='ocrx_word' id='word_1_116' title='bbox 466 1461 509 1517; x_wconf 87' lang='lat' dir='ltr'><strong>his</strong></span> <span class='ocrx_word' id='word_1_117' title='bbox 526 1460 743 1530; x_wconf 83' lang='lat' dir='ltr'><strong>processionibus</strong></span> <span class='ocrx_word' id='word_1_118' title='bbox 767 1476 801 1515; x_wconf 85' lang='lat' dir='ltr'><strong>ea</strong></span> <span class='ocrx_word' id='word_1_119' title='bbox 817 1460 952 1517; x_wconf 84' lang='lat' dir='ltr'><strong>modestia</strong></span> 
     </span>
     <span class='ocr_line' id='line_1_19' title="bbox 152 1531 951 1600; baseline 0.001 -14"><span class='ocrx_word' id='word_1_120' title='bbox 152 1546 185 1586; x_wconf 85' lang='lat' dir='ltr'><strong>sc</strong></span> <span class='ocrx_word' id='word_1_121' title='bbox 202 1532 355 1587; x_wconf 83' lang='lat' dir='ltr'><strong>reverentis</strong></span> <span class='ocrx_word' id='word_1_122' title='bbox 371 1538 429 1587; x_wconf 92' lang='lat' dir='ltr'><strong>tum</strong></span> <span class='ocrx_word' id='word_1_123' title='bbox 447 1532 480 1586; x_wconf 84' lang='lat' dir='ltr'><strong>ab</strong></span> <span class='ocrx_word' id='word_1_124' title='bbox 498 1532 580 1600; x_wconf 86' lang='lat' dir='ltr'><strong>ipsis,</strong></span> <span class='ocrx_word' id='word_1_125' title='bbox 609 1538 666 1586; x_wconf 92' lang='lat' dir='ltr'><strong>tum</strong></span> <span class='ocrx_word' id='word_1_126' title='bbox 691 1533 725 1586; x_wconf 88' lang='lat' dir='ltr'><strong>ab</strong></span> <span class='ocrx_word' id='word_1_127' title='bbox 744 1531 803 1587; x_wconf 85' lang='lat' dir='ltr'><strong>aiiis</strong></span> <span class='ocrx_word' id='word_1_128' title='bbox 822 1531 951 1588; x_wconf 87' lang='lat' dir='ltr'><strong>adhibea-</strong></span> 
     </span>
     <span class='ocr_line' id='line_1_20' title="bbox 149 1601 950 1673; baseline 0.002 -15"><span class='ocrx_word' id='word_1_129' title='bbox 149 1609 209 1672; x_wconf 88' lang='lat' dir='ltr'><strong>tur,</strong></span> <span class='ocrx_word' id='word_1_130' title='bbox 236 1618 306 1672; x_wconf 86' lang='lat' dir='ltr'><strong>quae</strong></span> <span class='ocrx_word' id='word_1_131' title='bbox 330 1603 382 1673; x_wconf 87' lang='lat' dir='ltr'><strong>piis</strong></span> <span class='ocrx_word' id='word_1_132' title='bbox 407 1609 435 1659; x_wconf 87' lang='lat' dir='ltr'><strong>et</strong></span> <span class='ocrx_word' id='word_1_133' title='bbox 458 1603 592 1672; x_wconf 81' lang='lat' dir='ltr'><strong>religiosis</strong></span> <span class='ocrx_word' id='word_1_134' title='bbox 617 1601 770 1658; x_wconf 89' lang='lat' dir='ltr'><strong>huiusmodi</strong></span> <span class='ocrx_word' id='word_1_135' title='bbox 800 1603 950 1660; x_wconf 82' lang='lat' dir='ltr'><strong>actionibus</strong></span> 
     </span>
     <span class='ocr_line' id='line_1_21' title="bbox 150 1673 403 1730; baseline 0.004 -1"><span class='ocrx_word' id='word_1_136' title='bbox 150 1674 265 1730; x_wconf 86' lang='lat' dir='ltr'><strong>maxime</strong></span> <span class='ocrx_word' id='word_1_137' title='bbox 284 1673 403 1730; x_wconf 90' lang='lat' dir='ltr'><strong>debetur.</strong></span> 
     </span>
    </p>

    <p class='ocr_par' dir='ltr' id='par_1_6' title="bbox 151 1743 953 2227">
     <span class='ocr_line' id='line_1_22' title="bbox 187 1743 951 1816; baseline -0.003 -14"><span class='ocrx_word' id='word_1_138' title='bbox 187 1748 212 1801; x_wconf 82' lang='grc'><strong>3.</strong></span> <span class='ocrx_word' id='word_1_139' title='bbox 238 1745 336 1802; x_wconf 86' lang='lat' dir='ltr'><strong>Omnes</strong></span> <span class='ocrx_word' id='word_1_140' title='bbox 354 1745 460 1800; x_wconf 84' lang='lat' dir='ltr'><strong>decenti</strong></span> <span class='ocrx_word' id='word_1_141' title='bbox 477 1744 579 1816; x_wconf 84' lang='lat' dir='ltr'><strong>habitu,</strong></span> <span class='ocrx_word' id='word_1_142' title='bbox 598 1745 809 1816; x_wconf 84' lang='lat' dir='ltr'><strong>superpelliceis,</strong></span> <span class='ocrx_word' id='word_1_143' title='bbox 827 1743 872 1800; x_wconf 85' lang='lat' dir='ltr'><strong>vel</strong></span> <span class='ocrx_word' id='word_1_144' title='bbox 890 1743 951 1800; x_wconf 79' lang='lat' dir='ltr'><strong>diis</strong></span> 
     </span>
     <span class='ocr_line' id='line_1_23' title="bbox 152 1816 949 1887; baseline -0.004 -15"><span class='ocrx_word' id='word_1_145' title='bbox 152 1817 235 1874; x_wconf 88' lang='lat' dir='ltr'><strong>sacris</strong></span> <span class='ocrx_word' id='word_1_146' title='bbox 248 1817 378 1887; x_wconf 89' lang='lat' dir='ltr'><strong>vestibus,</strong></span> <span class='ocrx_word' id='word_1_147' title='bbox 397 1816 455 1872; x_wconf 89' lang='lat' dir='ltr'><strong>sine</strong></span> <span class='ocrx_word' id='word_1_148' title='bbox 475 1816 582 1885; x_wconf 86' lang='lat' dir='ltr'><strong>galeris,</strong></span> <span class='ocrx_word' id='word_1_149' title='bbox 599 1817 652 1872; x_wconf 90' lang='lat' dir='ltr'><strong>nisi</strong></span> <span class='ocrx_word' id='word_1_150' title='bbox 665 1817 758 1885; x_wconf 85' lang='lat' dir='ltr'><strong>pluvia</strong></span> <span class='ocrx_word' id='word_1_151' title='bbox 770 1823 892 1885; x_wconf 78' lang='lat' dir='ltr'><strong>cogente,</strong></span> <span class='ocrx_word' id='word_1_152' title='bbox 909 1816 949 1869; x_wconf 92' lang='lat' dir='ltr'><strong>in-</strong></span> 
     </span>
     <span class='ocr_line' id='line_1_24' title="bbox 151 1885 951 1958; baseline -0.001 -16"><span class='ocrx_word' id='word_1_153' title='bbox 151 1887 217 1958; x_wconf 87' lang='lat' dir='ltr'><strong>duti,</strong></span> <span class='ocrx_word' id='word_1_154' title='bbox 273 1888 367 1958; x_wconf 83' lang='lat' dir='ltr'><strong>ariter,</strong></span> <span class='ocrx_word' id='word_1_155' title='bbox 394 1885 524 1956; x_wconf 86' lang='lat' dir='ltr'><strong>modesto,</strong></span> <span class='ocrx_word' id='word_1_156' title='bbox 551 1903 583 1942; x_wconf 84' lang='lat' dir='ltr'><strong>ac</strong></span> <span class='ocrx_word' id='word_1_157' title='bbox 613 1886 710 1943; x_wconf 86' lang='lat' dir='ltr'><strong>devoto</strong></span> <span class='ocrx_word' id='word_1_158' title='bbox 733 1888 790 1942; x_wconf 92' lang='lat' dir='ltr'><strong>bini</strong></span> <span class='ocrx_word' id='word_1_159' title='bbox 815 1903 864 1943; x_wconf 87' lang='lat' dir='ltr'><strong>suo</strong></span> <span class='ocrx_word' id='word_1_160' title='bbox 889 1888 951 1942; x_wconf 92' lang='lat' dir='ltr'><strong>loco</strong></span> 
     </span>
     <span class='ocr_line' id='line_1_25' title="bbox 152 1958 951 2030; baseline -0.001 -17"><span class='ocrx_word' id='word_1_161' title='bbox 152 1973 235 2028; x_wconf 89' lang='lat' dir='ltr'><strong>proco</strong></span> <span class='ocrx_word' id='word_1_162' title='bbox 255 1966 339 2030; x_wconf 87' lang='lat' dir='ltr'><strong>entes,</strong></span> <span class='ocrx_word' id='word_1_163' title='bbox 369 1958 452 2014; x_wconf 85' lang='lat' dir='ltr'><strong>sacris</strong></span> <span class='ocrx_word' id='word_1_164' title='bbox 469 1958 594 2028; x_wconf 86' lang='lat' dir='ltr'><strong>precibus</strong></span> <span class='ocrx_word' id='word_1_165' title='bbox 612 1959 651 2014; x_wconf 86' lang='lat' dir='ltr'><strong>ita</strong></span> <span class='ocrx_word' id='word_1_166' title='bbox 668 1958 722 2014; x_wconf 88' lang='lat' dir='ltr'><strong>sint</strong></span> <span class='ocrx_word' id='word_1_167' title='bbox 738 1959 841 2028; x_wconf 87' lang='lat' dir='ltr'><strong>intenti,</strong></span> <span class='ocrx_word' id='word_1_168' title='bbox 859 1964 891 2013; x_wconf 92' lang='lat' dir='ltr'><strong>nt</strong></span> <span class='ocrx_word' id='word_1_169' title='bbox 907 1971 951 2012; x_wconf 87' lang='lat' dir='ltr'><strong>re-</strong></span> 
     </span>
     <span class='ocr_line' id='line_1_26' title="bbox 153 2028 952 2100; baseline 0 -16"><span class='ocrx_word' id='word_1_170' title='bbox 153 2036 226 2085; x_wconf 87' lang='lat' dir='ltr'><strong>moto</strong></span> <span class='ocrx_word' id='word_1_171' title='bbox 244 2030 309 2100; x_wconf 84' lang='lat' dir='ltr'><strong>risu,</strong></span> <span class='ocrx_word' id='word_1_172' title='bbox 339 2037 484 2098; x_wconf 88' lang='lat' dir='ltr'><strong>mutuoque</strong></span> <span class='ocrx_word' id='word_1_173' title='bbox 503 2028 645 2099; x_wconf 89' lang='lat' dir='ltr'><strong>colloquio,</strong></span> <span class='ocrx_word' id='word_1_174' title='bbox 673 2037 701 2084; x_wconf 91' lang='lat' dir='ltr'><strong>et</strong></span> <span class='ocrx_word' id='word_1_175' title='bbox 725 2045 794 2099; x_wconf 86' lang='lat' dir='ltr'><strong>vago</strong></span> <span class='ocrx_word' id='word_1_176' title='bbox 813 2029 952 2092; x_wconf 77' lang='lat' dir='ltr'><strong>oculorum</strong></span> 
     </span>
     <span class='ocr_line' id='line_1_27' title="bbox 151 2098 953 2227; baseline 0 -71"><span class='ocrx_word' id='word_1_177' title='bbox 151 2101 427 2227; x_wconf 45' lang='lat' dir='ltr'><strong>gmffltlmffflum</strong></span> <span class='ocrx_word' id='word_1_178' title='bbox 445 2100 525 2157; x_wconf 88' lang='lat' dir='ltr'><strong>etiam</strong></span> <span class='ocrx_word' id='word_1_179' title='bbox 550 2101 585 2156; x_wconf 81' lang='lat' dir='ltr'><strong>sd</strong></span> <span class='ocrx_word' id='word_1_180' title='bbox 607 2101 652 2170; x_wconf 89' lang='lat' dir='ltr'><strong>pie</strong></span> <span class='ocrx_word' id='word_1_181' title='bbox 671 2098 822 2170; x_wconf 80' lang='lat' dir='ltr'><strong>devoteque</strong></span> <span class='ocrx_word' id='word_1_182' title='bbox 838 2115 953 2170; x_wconf 84' lang='lat' dir='ltr'><strong>precan-</strong></span> 
     </span>
    </p>

    <p class='ocr_par' dir='ltr' id='par_1_7' title="bbox 169 2187 353 2228">
     <span class='ocr_line' id='line_1_28' title="bbox 169 2187 353 2228; baseline 0.011 -2"><span class='ocrx_word' id='word_1_183' title='bbox 169 2187 215 2226; x_wconf 89' lang='lat' dir='ltr'><strong>um</strong></span> <span class='ocrx_word' id='word_1_184' title='bbox 231 2188 287 2226; x_wconf 85' lang='lat' dir='ltr'><strong>mvn</strong></span> <span class='ocrx_word' id='word_1_185' title='bbox 300 2187 353 2228; x_wconf 88' lang='lat' dir='ltr'><strong>en.</strong></span> 
     </span>
    </p>

    <p class='ocr_par' dir='ltr' id='par_1_8' title="bbox 151 2241 956 2596">
     <span class='ocr_line' id='line_1_29' title="bbox 187 2241 955 2313; baseline -0.003 -13"><span class='ocrx_word' id='word_1_186' title='bbox 187 2245 215 2300; x_wconf 66' lang='lat' dir='ltr'><strong>ic</strong></span> <span class='ocrx_word' id='word_1_187' title='bbox 245 2241 322 2299; x_wconf 87' lang='lat' dir='ltr'><strong>Laici</strong></span> <span class='ocrx_word' id='word_1_188' title='bbox 346 2257 363 2298; x_wconf 93' lang='lat' dir='ltr'><strong>a</strong></span> <span class='ocrx_word' id='word_1_189' title='bbox 388 2243 505 2313; x_wconf 89' lang='lat' dir='ltr'><strong>clericis,</strong></span> <span class='ocrx_word' id='word_1_190' title='bbox 536 2241 650 2298; x_wconf 82' lang='lat' dir='ltr'><strong>feminae</strong></span> <span class='ocrx_word' id='word_1_191' title='bbox 676 2241 783 2298; x_wconf 79' lang='lat' dir='ltr'><strong>oriris</strong></span> <span class='ocrx_word' id='word_1_192' title='bbox 809 2249 955 2312; x_wconf 83' lang='lat' dir='ltr'><strong>separatae</strong></span> 
     </span>
     <span class='ocr_line' id='line_1_30' title="bbox 152 2319 955 2470; baseline -0.001 -30"><span class='ocrx_word' id='word_1_193' title='bbox 152 2319 537 2470; x_wconf 43' lang='lat' dir='ltr'><strong>orffteifl’rffigltlfftoumrnxst)</strong></span> <span class='ocrx_word' id='word_1_194' title='bbox 561 2391 589 2440; x_wconf 89' lang='lat' dir='ltr'><strong>et</strong></span> <span class='ocrx_word' id='word_1_195' title='bbox 606 2383 652 2440; x_wconf 89' lang='lat' dir='ltr'><strong>ubi</strong></span> <span class='ocrx_word' id='word_1_196' title='bbox 677 2382 759 2440; x_wconf 81' lang='lat' dir='ltr'><strong>fuerit</strong></span> <span class='ocrx_word' id='word_1_197' title='bbox 777 2383 955 2454; x_wconf 89' lang='lat' dir='ltr'><strong>consuetudo,</strong></span> 
     </span>
     <span class='ocr_line' id='line_1_31' title="bbox 151 2455 956 2526; baseline 0.004 -19"><span class='ocrx_word' id='word_1_198' title='bbox 151 2455 278 2510; x_wconf 83' lang='lat' dir='ltr'><strong>vexilium</strong></span> <span class='ocrx_word' id='word_1_199' title='bbox 297 2456 380 2514; x_wconf 87' lang='lat' dir='ltr'><strong>sacris</strong></span> <span class='ocrx_word' id='word_1_200' title='bbox 397 2457 556 2526; x_wconf 70' lang='lat' dir='ltr'><strong>imaginibus</strong></span> <span class='ocrx_word' id='word_1_201' title='bbox 579 2455 771 2526; x_wconf 79' lang='lat' dir='ltr'><strong>insignitum,²)</strong></span> <span class='ocrx_word' id='word_1_202' title='bbox 788 2471 844 2511; x_wconf 92' lang='lat' dir='ltr'><strong>non</strong></span> <span class='ocrx_word' id='word_1_203' title='bbox 861 2461 956 2510; x_wconf 70' lang='lat' dir='ltr'><strong>muner</strong></span> 
     </span>
     <span class='ocr_line' id='line_1_32' title="bbox 152 2523 732 2596; baseline 0.002 -15"><span class='ocrx_word' id='word_1_204' title='bbox 152 2523 252 2581; x_wconf 82' lang='lat' dir='ltr'><strong>iactum</strong></span> <span class='ocrx_word' id='word_1_205' title='bbox 270 2528 379 2582; x_wconf 86' lang='lat' dir='ltr'><strong>militari</strong></span> <span class='ocrx_word' id='word_1_206' title='bbox 397 2543 446 2584; x_wconf 91' lang='lat' dir='ltr'><strong>seu</strong></span> <span class='ocrx_word' id='word_1_207' title='bbox 462 2525 620 2596; x_wconf 80' lang='lat' dir='ltr'><strong>triangulari</strong></span> <span class='ocrx_word' id='word_1_208' title='bbox 637 2525 732 2582; x_wconf 83' lang='lat' dir='ltr'><strong>forma.</strong></span> 
     </span>
    </p>
   </div>
   <div class='ocr_carea' id='block_1_5' title="bbox 121 2634 957 2850">
    <p class='ocr_par' dir='ltr' id='par_1_9' title="bbox 167 2634 957 2796">
     <span class='ocr_line' id='line_1_33' title="bbox 167 2634 955 2690; baseline 0.004 -15"><span class='ocrx_word' id='word_1_209' title='bbox 167 2634 189 2687; x_wconf 86' lang='lat'><strong>1)</strong></span> <span class='ocrx_word' id='word_1_210' title='bbox 203 2636 279 2677; x_wconf 75' lang='lat' dir='ltr'><strong>(trucis</strong></span> <span class='ocrx_word' id='word_1_211' title='bbox 292 2639 366 2688; x_wconf 74' lang='lat' dir='ltr'><strong>imago</strong></span> <span class='ocrx_word' id='word_1_212' title='bbox 380 2641 478 2680; x_wconf 86' lang='lat' dir='ltr'><strong>converti</strong></span> <span class='ocrx_word' id='word_1_213' title='bbox 488 2639 553 2680; x_wconf 78' lang='lat' dir='ltr'><strong>debet</strong></span> <span class='ocrx_word' id='word_1_214' title='bbox 561 2641 589 2680; x_wconf 78' lang='lat' dir='ltr'><strong>sd</strong></span> <span class='ocrx_word' id='word_1_215' title='bbox 601 2639 714 2690; x_wconf 80' lang='lat' dir='ltr'><strong>populum,</strong></span> <span class='ocrx_word' id='word_1_216' title='bbox 728 2639 766 2690; x_wconf 80' lang='lat' dir='ltr'><strong>qut</strong></span> <span class='ocrx_word' id='word_1_217' title='bbox 775 2639 892 2688; x_wconf 72' lang='lat' dir='ltr'><strong>mercede,</strong></span> <span class='ocrx_word' id='word_1_218' title='bbox 905 2649 955 2679; x_wconf 87' lang='lat' dir='ltr'><strong>non</strong></span> 
     </span>
     <span class='ocr_line' id='line_1_34' title="bbox 206 2691 957 2744; baseline 0.007 -16"><span class='ocrx_word' id='word_1_219' title='bbox 206 2692 280 2730; x_wconf 74' lang='lat' dir='ltr'><strong>sutem</strong></span> <span class='ocrx_word' id='word_1_220' title='bbox 293 2692 322 2731; x_wconf 74' lang='lat' dir='ltr'><strong>sd</strong></span> <span class='ocrx_word' id='word_1_221' title='bbox 339 2693 473 2732; x_wconf 78' lang='lat' dir='ltr'><strong>deferentem</strong></span> <span class='ocrx_word' id='word_1_222' title='bbox 492 2695 515 2732; x_wconf 85' lang='lat' dir='ltr'><strong>et</strong></span> <span class='ocrx_word' id='word_1_223' title='bbox 533 2693 615 2734; x_wconf 79' lang='lat' dir='ltr'><strong>ciarum</strong></span> <span class='ocrx_word' id='word_1_224' title='bbox 638 2694 667 2744; x_wconf 62' lang='lat' dir='ltr'><strong>(d</strong></span> <span class='ocrx_word' id='word_1_225' title='bbox 682 2695 708 2738; x_wconf 81' lang='lat' dir='ltr'><strong>R.</strong></span> <span class='ocrx_word' id='word_1_226' title='bbox 723 2694 744 2737; x_wconf 82' lang='grc'><strong>0.</strong></span> <span class='ocrx_word' id='word_1_227' title='bbox 764 2693 796 2736; x_wconf 76' lang='lat'><strong>18.</strong></span> <span class='ocrx_word' id='word_1_228' title='bbox 811 2693 869 2733; x_wconf 76' lang='lat' dir='ltr'><strong>liudi</strong></span> <span class='ocrx_word' id='word_1_229' title='bbox 881 2691 957 2741; x_wconf 69' lang='lat'><em>187⁵.)</em></span> 
     </span>
     <span class='ocr_line' id='line_1_35' title="bbox 206 2741 956 2796; baseline 0.005 -15"><span class='ocrx_word' id='word_1_230' title='bbox 206 2741 312 2783; x_wconf 74' lang='lat' dir='ltr'><strong>Deserere</strong></span> <span class='ocrx_word' id='word_1_231' title='bbox 326 2755 420 2794; x_wconf 86' lang='lat' dir='ltr'><strong>crucem,</strong></span> <span class='ocrx_word' id='word_1_232' title='bbox 435 2745 486 2785; x_wconf 89' lang='lat' dir='ltr'><strong>dum</strong></span> <span class='ocrx_word' id='word_1_233' title='bbox 497 2747 579 2786; x_wconf 68' lang='lat' dir='ltr'><strong>mansu</strong></span> <span class='ocrx_word' id='word_1_234' title='bbox 593 2748 644 2787; x_wconf 83' lang='lat' dir='ltr'><strong>ante</strong></span> <span class='ocrx_word' id='word_1_235' title='bbox 657 2745 696 2788; x_wconf 74' lang='grc'><strong>88.</strong></span> <span class='ocrx_word' id='word_1_236' title='bbox 706 2747 871 2788; x_wconf 57' lang='lat' dir='ltr'><strong>§ammentum</strong></span> <span class='ocrx_word' id='word_1_237' title='bbox 884 2755 956 2796; x_wconf 78' lang='lat' dir='ltr'><strong>genn·</strong></span> 
     </span>
    </p>

    <p class='ocr_par' dir='ltr' id='par_1_10' title="bbox 121 2795 855 2850">
     <span class='ocr_line' id='line_1_36' title="bbox 121 2795 855 2850; baseline 0.01 -17"><span class='ocrx_word' id='word_1_238' title='bbox 121 2813 122 2820; x_wconf 26' lang='grc' dir='ltr'><strong>κ</strong></span> <span class='ocrx_word' id='word_1_239' title='bbox 207 2795 295 2836; x_wconf 77' lang='lat' dir='ltr'><strong>flectcre</strong></span> <span class='ocrx_word' id='word_1_240' title='bbox 308 2807 352 2836; x_wconf 86' lang='lat' dir='ltr'><strong>nou</strong></span> <span class='ocrx_word' id='word_1_241' title='bbox 367 2797 437 2841; x_wconf 78' lang='lat' dir='ltr'><strong>debet.</strong></span> <span class='ocrx_word' id='word_1_242' title='bbox 465 2799 631 2846; x_wconf 58' lang='lat' dir='ltr'><strong>(Garumnicis</strong></span> <span class='ocrx_word' id='word_1_243' title='bbox 644 2801 714 2850; x_wconf 70' lang='lat' dir='ltr'><strong>span,</strong></span> <span class='ocrx_word' id='word_1_244' title='bbox 728 2799 760 2840; x_wconf 86' lang='grc' dir='ltr'><strong>ΙΙ.</strong></span> <span class='ocrx_word' id='word_1_245' title='bbox 774 2798 811 2842; x_wconf 73' lang='lat' dir='ltr'><strong>m.</strong></span> <span class='ocrx_word' id='word_1_246' title='bbox 825 2799 855 2848; x_wconf 82' lang='grc'><strong>7.)</strong></span> 
     </span>
    </p>
   </div>
   <div class='ocr_carea' id='block_1_6' title="bbox 168 2854 957 2914">
    <p class='ocr_par' dir='ltr' id='par_1_11' title="bbox 168 2854 957 2914">
     <span class='ocr_line' id='line_1_37' title="bbox 168 2854 957 2914; baseline 0.003 -12"><span class='ocrx_word' id='word_1_247' title='bbox 168 2854 191 2910; x_wconf 84' lang='lat'><strong>¹)</strong></span> <span class='ocrx_word' id='word_1_248' title='bbox 205 2859 233 2902; x_wconf 87' lang='lat' dir='ltr'><strong>ln</strong></span> <span class='ocrx_word' id='word_1_249' title='bbox 246 2860 423 2910; x_wconf 73' lang='lat' dir='ltr'><strong>prosecutoribus</strong></span> <span class='ocrx_word' id='word_1_250' title='bbox 441 2861 461 2902; x_wconf 82' lang='lat' dir='ltr'><strong>ri</strong></span> <span class='ocrx_word' id='word_1_251' title='bbox 475 2862 603 2906; x_wconf 68' lang='lat' dir='ltr'><strong>deteantur</strong></span> <span class='ocrx_word' id='word_1_252' title='bbox 621 2864 719 2914; x_wconf 68' lang='lat' dir='ltr'><strong>renum</strong></span> <span class='ocrx_word' id='word_1_253' title='bbox 737 2864 774 2906; x_wconf 83' lang='lat' dir='ltr'><strong>rel</strong></span> <span class='ocrx_word' id='word_1_254' title='bbox 794 2865 885 2905; x_wconf 67' lang='lat' dir='ltr'><strong>rutum</strong></span> <span class='ocrx_word' id='word_1_255' title='bbox 898 2861 957 2904; x_wconf 74' lang='lat' dir='ltr'><strong>flun-</strong></span> 
     </span>
    </p>
   </div>
   <div class='ocr_carea' id='block_1_7' title="bbox 0 0 1068 3228">
    <p class='ocr_par' dir='ltr' id='par_1_12' title="bbox 0 0 1068 3228">
     <span class='ocr_line' id='line_1_38' title="bbox 0 0 1068 3228; baseline 0 0"><span class='ocrx_word' id='word_1_256' title='bbox 0 0 1068 3228; x_wconf 95' lang='lat' dir='ltr'><strong> </strong></span> 
     </span>
    </p>
   </div>
  </div>
 </body>
</html>
