2106 3228
130 141 177 182 ΧΠ
471 139 590 185 Praelatio.

131 205 234 298 Missae
248 219 309 296 cum
322 238 407 296 officio
422 240 563 309 ecclesiae,
577 239 607 294 in
621 253 675 308 qna
684 239 861 312 celebratrn,“
874 238 934 310 „De

133 325 241 382 casibus
254 323 417 382 reservatis“
432 331 460 380 et
473 323 532 394 „De
545 323 745 380 Matrimonio“.
775 323 854 392 Quod
865 324 934 380 aliae

132 415 226 479 partes
242 414 335 463 contra
354 413 435 476 atque
454 406 563 476 qnidam
580 414 756 476 rogaverant,
779 407 934 464 immutatae

132 498 329 562 remanserunt,
347 491 411 550 inde
428 491 529 548 iactum
547 497 597 561 est,
622 490 695 560 quod
712 497 851 574 auctorum
867 507 935 575 pon·
1038 547 1039 552 ,

132 575 335 632 dusobstabat.
721 615 724 634 ,

170 657 199 713 Si
219 659 262 712 cui
289 657 532 728 „Praeparationes
557 657 592 712 ad
609 656 740 714 Missam“
767 664 796 714 et
813 657 936 729 „Gratia-

28 799 31 804 ,
132 756 193 796 rum
212 738 350 796 actiones“
369 740 494 796 videntur
511 740 654 812 longiores,
677 741 701 797 is
720 741 795 812 sciat,
817 747 935 796 mentem

133 839 221 879 meam
235 840 290 880 non
302 821 394 896 fuisse,
408 830 438 882 ut
452 822 571 892 quotidie
584 817 717 894 integrum
730 825 844 894 quisque
857 838 934 878 exer-

133 908 225 962 citium
243 914 369 978 sumeret,
397 907 446 966 sed
463 907 589 978 posuisse
607 923 649 963 me
667 909 696 963 in
713 907 935 976 uno·eoderuque

133 991 263 1047 exercitio
277 992 375 1048 multos
388 992 532 1059 variosque
547 998 631 1063 actus,
648 999 679 1048 ut
692 1009 742 1063 pro
757 993 934 1061 ausoniaque

132 1074 276 1131 devotione
300 1075 433 1158 animique
459 1075 634 1145 dispositione
659 1076 738 1133 modo
763 1077 828 1149 hos,
852 1075 935 1134 modo

130 1157 191 1214 illos
210 1158 329 1226 eligeret.

165 1241 284 1297 iudicem
302 1248 441 1298 auctorum
453 1258 508 1298 non
521 1242 619 1298 iterum
632 1243 729 1314 adieci,
747 1249 804 1300 tum
822 1243 885 1312 quia
902 1243 932 1298 in

131 1323 322 1381 difficilioribus
339 1324 406 1382 locis
423 1326 498 1395 ipsos
517 1325 580 1400 dixi,
608 1334 666 1382 tum
683 1327 850 1396 praesertim,
870 1326 935 1394 quia

132 1410 248 1478 spatium
271 1409 300 1463 in
326 1407 443 1464 indiculo
473 1424 564 1464 rerum
594 1409 679 1478 magis
712 1408 933 1480 memorabilium,

132 1506 212 1560 quem
229 1490 355 1564 permulti
374 1490 550 1564 expetierant,
571 1493 666 1548 melius
683 1493 839 1562 gratiamne
858 1491 933 1548 niihi-

131 1576 216 1631 bitum
234 1590 294 1630 esse
313 1575 464 1632 censebam.

167 1659 283 1714 Divinae
308 1659 412 1728 gratiam
440 1666 468 1716 et
485 1658 516 1714 B.
534 1659 574 1718 M.
592 1659 625 1715 V.
643 1659 792 1730 patrocinio
816 1657 933 1715 confisus

133 1759 223 1814 spero,
241 1743 312 1797 hene
331 1758 438 1812 quoque
455 1751 590 1802 recentem
604 1743 689 1800 libelli
706 1743 850 1800 editionem
867 1757 935 1815 pau-

130 1827 216 1882 lulum
233 1826 391 1882 collaturam
410 1840 470 1884 esse

280 1908 332 1965 Ad
354 1910 521 1966 maiorem
543 1909 609 1964 Dei
633 1909 790 1979 gloriam.

168 1993 391 2064 Mogontiae,
411 1991 467 2050 Cel.
486 1991 561 2061 Sept.
578 1991 803 2049 MDGGGLXHI.

508 2078 540 2134 Ρ.
558 2077 618 2134 loe.
638 2077 802 2145 Schneider,
820 2078 851 2134 S.
871 2078 898 2136 l.

485 2201 586 2218 WVWVVU

215 2276 399 2335 Praefatio
421 2277 468 2336 ad
490 2277 634 2336 tertiam
654 2278 859 2336 cultionem.

169 2377 248 2433 Votis
265 2378 454 2434 nonnullorum
478 2385 509 2434 ut
527 2377 726 2448 satisfacerem,
753 2378 816 2432 huic
839 2376 939 2433 tertiae
1038 2373 1039 2430 3

134 2459 246 2516 editioni
263 2475 298 2516 ea
311 2460 404 2532 adieci,
425 2475 494 2534 quae
516 2462 584 2518 scire
601 2462 686 2532 iuvat,
704 2459 811 2529 qnando
823 2458 940 2529 Episco·
1038 2455 1039 2538 l

134 2559 186 2614 pus
205 2544 346 2600 occasione
371 2545 533 2602 visitationis
558 2545 748 2615 parochiarum
764 2543 877 2600 Missam
895 2559 941 2600 so·
1038 2589 1039 2598 ,

134 2629 250 2684 lemnem
262 2628 429 2698 privatimve
448 2629 492 2685 vel
505 2630 565 2700 ipse
579 2628 764 2712 celebrat-vel
776 2627 811 2682 ad
825 2625 942 2683 eandem
1038 2619 1039 2698 ξ

135 2712 246 2769 asusfit

172 2796 228 2852 Pro
247 2796 420 2855 ecclesiarum
439 2798 597 2898 rectoribus,
616 2797 663 2866 qui
681 2796 716 2854 ob
730 2794 863 2854 defectum
880 2795 943 2866 plu·

1034 2979 1039 3204 l
