2108 3226
151 159 179 204 88
381 163 567 212 Praeparstlones
581 162 609 203 ad
623 162 722 203 Missam.

55 313 58 320 t
154 279 246 320 omnes
259 264 359 319 eleetos
370 271 441 333 tuos,
455 271 486 318 ut
493 264 543 319 tibi
555 280 606 333 pro
620 279 662 318 me
678 262 792 318 offerant
805 263 953 336 caritatem,
1039 271 1041 292 ¹

154 335 235 390 fidem
254 343 281 391 et
300 335 478 404 devotionem,
504 351 557 402 qna
574 336 626 390 hoc
645 335 851 390 Sacramentum
863 351 953 391 susca-

154 413 253 476 perunt
271 407 305 460 ab
316 407 393 462 initio
407 407 581 462 institutionis
594 408 660 462 eius.
692 407 729 461 Et
742 407 805 475 quia
816 407 954 476 particeps

155 494 205 548 ego
224 494 283 534 smn
302 479 418 533 omnium
435 479 584 532 timentium
600 486 637 547 te,
667 477 750 533 offero
769 479 818 532 tibi
836 479 954 533 omnium

154 549 324 605 sacerdotum
349 549 517 616 omniumque
535 548 652 603 fidelium
678 549 730 604 hac
755 547 798 604 die
816 549 954 604 celebran-

152 622 218 676 tium
251 627 279 676 et
309 621 555 674 communicantium
587 621 716 689 pietatem
746 626 774 674 et
798 620 953 689 puritatem.

153 691 244 747 Offero
263 692 378 746 omnium
395 692 527 746 iustorum
545 693 579 745 ab
594 692 695 760 origine
708 691 801 746 mundi
813 706 899 759 usque
914 690 951 746 ad

153 765 211 819 eius
238 763 492 818 consummationem
519 763 631 818 dautes
660 769 687 817 et
710 763 807 816 merita
831 779 863 816 ac
889 762 951 831 pios

153 834 264 890 affectm
284 849 348 902 erga
365 841 401 902 te,
420 833 570 888 dulcissime
589 835 663 903 Jesu,
691 834 719 887 in
736 833 883 888 venerabili
901 833 953 889 Sa·

157 912 292 961 eramento
311 905 484 973 existentem,
510 903 678 960 firmissimae
704 905 827 962 nimirum
844 903 908 959 fidei
927 912 956 960 et

156 977 235 1030 rivae
254 976 475 1043 apprehensionis
501 991 592 1030 aarum
615 991 719 1044 rerum,
747 991 815 1044 quae
843 976 877 1030 de
901 976 955 1031 hoc

155 1047 270 1101 maximo
298 1048 425 1116 mysterio
453 1047 602 1102 credendae
633 1053 709 1114 sunt,
742 1047 955 1116 perfectissimae

153 1118 272 1173 caritatis
291 1127 318 1172 et
341 1119 450 1172 intimae
475 1126 564 1172 tecum
591 1118 792 1188 familiaritatis;
819 1117 898 1174 famis
926 1125 955 1174 et

153 1188 353 1258 flagrantissimi
367 1188 501 1259 desiderii,
519 1197 555 1259 te,
570 1204 648 1244 omne
663 1190 763 1244 bonum
775 1189 954 1260 suscipiendi,

153 1259 242 1316 filialis
260 1259 373 1314 fiduciae
393 1268 421 1315 et
438 1262 496 1330 spei
515 1261 548 1315 de
566 1268 614 1316 tua
630 1259 814 1316 misericordia
831 1269 886 1315 tarn
903 1262 954 1316 mi·

156 1332 235 1386 rabili
252 1331 332 1386 modo
350 1331 504 1400 declarata3
529 1332 581 1385 aeli
598 1331 703 1386 divinae
722 1333 823 1401 gloriae
842 1338 870 1386 et
887 1331 954 1388 dile·

154 1403 248 1458 ctionis
266 1404 395 1472 proximi3
423 1403 605 1458 admirationis
629 1409 720 1457 tentae
745 1402 905 1472 dignationis
924 1410 954 1458 et

154 1474 377 1543 profundissimae
395 1475 567 1543 hnmilitatis;
586 1473 677 1542 gaudii
695 1480 723 1528 et
739 1475 815 1528 iubili
831 1475 859 1528 in
876 1481 904 1529 te
924 1481 954 1529 et

154 1544 187 1600 de
200 1553 243 1615 te3
261 1545 356 1613 laudis,
374 1545 551 1614 gratitudinis,
570 1545 733 1600 adorationis
746 1561 777 1600 ac
791 1545 953 1602 devotionis.

154 1617 227 1686 Hos,
256 1617 379 1686 inquam,
405 1618 525 1685 aliosque
544 1615 655 1672 affectus
674 1615 758 1671 offero
776 1616 825 1672 tibi
842 1617 870 1670 in
888 1631 953 1685 sup-

153 1689 316 1758 plementum
333 1687 534 1744 insufficientiae
552 1703 637 1757 meae,
665 1695 693 1741 et
711 1703 766 1757 eos,
794 1689 818 1751 si
835 1703 953 1758 possem,

154 1759 277 1814 elicerem
296 1776 355 1814 cum
372 1761 488 1814 maxima
505 1760 653 1814 intentione
672 1758 707 1812 ad
723 1759 831 1813 laudern
850 1766 877 1813 et
895 1759 953 1826 glo·

152 1831 220 1885 riam
237 1839 318 1900 tuam,
338 1832 402 1898 quia
420 1829 515 1900 dignus
534 1845 572 1885 es.
609 1830 729 1899 Suscipe,
752 1830 875 1899 Domine,
900 1830 956 1885 hoc

153 1900 317 1957 desiderium
342 1917 444 1971 meum,
476 1902 631 1968 meritisque
659 1901 781 1968 placatus
808 1901 956 1956 electorum

152 1980 266 2042 tuorum,
293 1987 328 2027 ne
347 1988 364 2026 a
380 1987 474 2028 mensa
491 1979 539 2027 tua
556 1971 673 2041 repedas
690 1987 747 2040 me,
775 1978 805 2028 ut
822 1973 874 2026 hoc
891 1973 953 2028 cibo

154 2045 266 2100 satiatus
286 2060 323 2098 ac·
334 2050 481 2113 recreatus,
498 2044 582 2098 vitam
594 2043 708 2098 habeam
726 2052 754 2098 et
771 2043 955 2102 abundantius

153 2115 268 2170 habeam
286 2115 331 2169 hic
349 2116 422 2169 etin
440 2122 588 2170 aeternum.
622 2115 725 2170 Anam.

378 2253 454 2298 Oratio
470 2255 497 2300 sd
512 2255 614 2307 Spiritum
627 2257 731 2300 unctum.

187 2328 265 2397 Veni,
285 2334 375 2382 sancta
394 2328 518 2397 Spiritus,
540 2343 615 2382 amor
632 2328 720 2382 Patris
739 2333 767 2382 et
783 2326 854 2396 hilii,
872 2341 949 2380 mun-
1040 2361 1041 2364 =

153 2399 231 2455 dator
249 2399 386 2468 scelerum,
415 2407 523 2454 curator
540 2399 687 2468 vulnerum,
716 2397 845 2453 fortitudo
867 2396 951 2466 fragi-

151 2472 224 2540 lium,
252 2471 428 2525 moerentium
446 2470 606 2538 consolator,
630 2470 719 2538 fulgor
735 2470 895 2538 intellectus,
924 2476 954 2524 et

153 2543 252 2596 vindex
270 2542 410 2598 libertatis.
448 2541 515 2596 Veni
530 2557 545 2595 e
558 2542 647 2610 patria
660 2540 803 2609 felicitatis,
821 2546 850 2594 et
863 2539 954 2596 cordis

154 2615 207 2668 mei
219 2614 401 2682 penetralibus
410 2620 465 2668 tam
476 2620 601 2682 potenter
614 2612 733 2680 illabere,
746 2619 777 2666 ut
785 2612 851 2665 vitia
865 2612 956 2666 omnia

154 2691 182 2740 et
200 2683 320 2740 defectus
337 2693 384 2740 tuo
414 2685 476 2752 igne
495 2699 650 2751 consumas,
679 2690 706 2738 et
729 2683 818 2737 omnia
840 2690 957 2750 peccata
1040 2701 1041 2726 t

152 2771 214 2810 mea
231 2757 360 2811 remittas.
397 2755 498 2810 Emitte
521 2755 550 2808 in
568 2756 682 2808 animam
700 2768 787 2808 meam
804 2754 872 2808 lucis
889 2760 956 2808 tuae

152 2827 264 2898 radium,
291 2844 344 2896 quo
362 2827 528 2882 illuminante
546 2826 717 2896 intellectum,
735 2840 805 2894 quae
823 2825 873 2880 tibi
891 2831 957 2882 sunt
