2140 3232
168 155 210 201 tet
339 161 371 202 De
384 161 532 201 celebratione
546 161 584 201 bs.
598 159 680 201 bilem
693 162 801 206 arundeli.

368 291 484 330 Debilem
497 300 537 339 pro
552 299 633 340 sponso
648 292 671 329 et
685 299 773 340 sponse⁴

207 377 231 428 1.
249 373 334 428 Missa
347 390 397 442 pro
412 390 511 442 sponso
525 380 553 428 et
566 389 666 444 sponse
679 373 707 428 in
717 373 821 430 Missnli
835 373 980 442 assignetu-

170 443 222 500 dici
239 453 330 514 potest
357 444 479 500 omnibus
498 445 600 514 diebus,
629 445 748 514 exceptis
773 445 896 500 omnibus
914 445 973 500 Do·

168 517 271 572 minicis
291 523 318 570 et
335 515 411 571 festis
437 517 466 570 in
483 515 542 572 foro
562 515 745 586 observandis,
753 517 774 585 1)
800 531 905 572 necnon
923 515 972 572 du·

168 587 282 658 plicibus
300 587 402 656 primae
430 596 458 642 et
482 585 614 642 secundae
633 587 742 657 classis,
767 589 832 642 item
851 589 972 658 exceptis

168 667 228 716 totu
245 666 342 714 octavu
358 659 528 728 Epiphaniae
552 667 580 714 et
597 659 689 726 vigilie
705 667 854 728 octavaque
872 659 972 714 Pente·

168 737 273 799 costes,
301 729 344 784 die
362 738 458 786 octava
477 729 603 800 Corporis
624 729 722 785 Christi
743 730 856 800 eliisque
876 729 972 786 diebus

168 801 286 870 duplicia
314 801 446 856 secundae
474 801 567 858 classis
594 800 796 858 excludentibus
826 800 866 868 (S.
885 799 920 856 R.
942 801 972 856 0.

165 873 414 940 20.Aprrl.1822.)
425 893 434 940 ;
448 873 491 927 die
501 888 566 928 vero
578 873 844 928 Commemorationis
853 872 973 928 omnium

88 985 92 1000 t
165 943 285 1000 iidehum
304 941 489 1000 defunctorum
506 943 561 1014 legi
578 951 676 1013 potest.
707 943 797 1012 (SR.
813 943 971 1012 0.7.Se12t.

204 1088 230 1139 2.
254 1084 416 1140 Prohibetur
433 1085 519 1142 Missa
543 1102 593 1156 pro
611 1099 711 1154 sponso
738 1093 765 1140 et
783 1101 883 1156 sponsu
901 1091 968 1140 tem-

167 1171 235 1228 pore
254 1157 353 1224 clauso,
370 1172 423 1224 quo
438 1165 493 1212 tum
507 1156 667 1226 benedictio,
682 1164 739 1211 tum
752 1157 969 1212 commemoratio

167 1227 322 1296 nuptiarum
339 1227 367 1280 in
384 1227 470 1288 Missa
488 1228 541 1282 diei
558 1227 618 1282 fieri
635 1229 736 1298 nequit.
763 1227 804 1296 (S.
823 1227 858 1284 R.
880 1227 909 1284 d.
925 1231 970 1284 31.

170 1299 290 1368 Ammo
305 1301 393 1362 1839.)

205 1366 263 1424 Nec
281 1368 332 1424 dici
349 1378 440 1439 potest
453 1369 538 1426 Missa
555 1387 607 1438 pro
624 1371 739 1440 sponsis,
757 1385 806 1424 nec
823 1367 883 1424 fieri
897 1385 968 1424 com·

169 1441 326 1496 memoratio
344 1442 372 1494 in
389 1441 474 1498 Missa
492 1440 560 1510 diei,
588 1443 612 1498 si
635 1441 706 1496 infre
732 1441 844 1496 eundem
866 1457 921 1494 non
938 1439 969 1496 fit

169 1511 328 1582 benedictio,
347 1511 395 1568 sed
413 1514 480 1568 ritus
494 1509 686 1570 benedictionis
705 1513 738 1568 ob
757 1529 790 1567 ea
804 1511 969 1568 abstrahitur

172 1583 213 1652 (S.
227 1583 262 1640 R.
278 1583 306 1640 0.
329 1585 360 1638 in
379 1584 518 1654 Isimburp.
532 1587 576 1638 23.
592 1583 674 1638 Junit
693 1587 769 1638 1853.
789 1591 816 1638 et
833 1587 877 1638 14.
895 1584 970 1652 nup.

170 1658 262 1722 1858.)
268 1675 277 1723 ,·
301 1656 442 1724 privilegiu
466 1656 536 1710 enim
553 1655 616 1710 huie
634 1655 735 1710 Missec
760 1669 888 1710 concesse
906 1661 970 1710 sunt

169 1735 281 1798 propter
299 1725 510 1782 benedictionem
528 1725 598 1782 inira
616 1726 728 1782 eandem
745 1723 902 1782 faciendam.

207 1798 236 1852 Si
253 1797 348 1852 mulier
366 1798 402 1854 sit
418 1797 513 1866 vidue,
540 1803 565 1852 et
589 1797 738 1853 benedictio
765 1797 918 1865 nuptiarum
942 1795 971 1850 in

100 1865 106 1878 '
170 1867 263 1938 Missa,
282 1875 308 1922 et
320 1869 406 1926 Missa
419 1869 529 1938 proprie
546 1885 596 1937 pro
615 1885 715 1937 sponso
737 1876 763 1923 et
777 1883 878 1937 sponse
891 1863 973 1922 debet

171 1939 258 1994 omitti
283 1939 323 2007 (S.
338 1941 372 1995 R.
389 1939 417 1996 0.
438 1944 463 1994 3.
477 1939 562 1994 Mart.
577 1943 685 2008 1761),
711 1940 813 2010 pariter
831 1939 855 1994 si
873 1937 972 1996 dieitur

187 2103 209 2153 ¹)
224 2107 250 2146 In
265 2107 414 2149 celebratione
427 2110 562 2159 nuptierunr.
576 2120 633 2158 quer
646 2110 672 2150 iit
685 2111 749 2150 extro
760 2109 818 2150 diem
827 2109 973 2158 Dominloem.

226 2173 262 2214 vel
275 2173 343 2215 elium
357 2175 413 2214 diem
428 2176 509 2214 ieeturn
532 2175 559 2216 de
578 2177 704 2224 praecepte,
725 2186 765 2216 een
778 2176 800 2216 ln
814 2185 858 2224 quo
873 2177 976 2217 coornet

225 2239 307 2290 duplex
319 2239 422 2282 1.v0111.
439 2241 473 2289 cl.,
488 2241 555 2280 etiem
570 2243 589 2280 ei
603 2241 642 2282 liet
652 2241 754 2282 Officium
767 2244 790 2282 et
799 2241 868 2282 hilese
881 2241 909 2280 de
917 2241 975 2282 teste

227 2303 309 2354 duplici
323 2315 363 2353 per
376 2317 465 2356 nonum,
479 2307 525 2346 eive
538 2307 624 2356 melori,
639 2307 684 2346 eive
696 2307 783 2355 minori,
798 2307 912 2348 dicendum
926 2317 976 2346 esee

227 2369 315 2408 llir'eeam
328 2383 367 2420 pro
382 2383 456 2422 eponeo
472 2375 490 2410 et
504 2383 580 2422 sponsa
594 2373 617 2410 in
631 2372 675 2412 tine
684 2371 786 2420 bilseelis,
800 2373 852 2420 post
866 2371 922 2410 elles
937 2381 975 2411 vo·

225 2435 283 2474 tives
298 2437 447 2486 assignatum,
461 2437 485 2476 ln
500 2437 576 2478 diebus
590 2447 642 2477 vero
656 2435 775 2476 Dominicis
791 2431 883 2486 ullisque
897 2437 975 2476 diebus

226 2502 288 2542 iestis
302 2502 328 2541 de
343 2507 467 2553 praecepto,
483 2514 508 2543 ec
518 2503 641 2553 duplicibus
654 2503 673 2543 1.
684 2508 706 2542 et
718 2497 747 2543 11.
763 2501 911 2542 eldicendem
926 2514 975 2544 esre

225 2569 317 2610 Mirum
330 2569 357 2608 de
370 2571 428 2610 ierto
441 2580 491 2610 cunr
504 2571 711 2610 commemoratione
723 2570 807 2610 fluens
816 2581 857 2620 pro
870 2580 947 2620 eponae
956 2575 975 2610 et

226 2647 309 2686 epum,
323 2637 344 2676 S.
353 2637 379 2676 B.
387 2636 408 2678 0.
423 2636 512 2676 decreto
528 2637 591 2677 Urbis
604 2641 623 2677 ei
636 2637 698 2677 Orbis
707 2637 750 2676 diei
763 2633 782 2679 7.
791 2637 894 2676 dennerll
904 2633 975 2686 1784,

226 2703 363 2751 approbante
382 2703 470 2742 Summo
491 2703 596 2742 l'ontiilce
615 2703 656 2742 Plo
674 2701 727 2750 vt.
748 2702 881 2751 deehnrit,
905 2707 927 2743 et
941 2699 975 2746 28,

226 2765 285 2815 sept
294 2763 355 2809 186⁰.
368 2775 395 2807 ex
410 2767 486 2807 eodem
498 2767 587 2806 decreto
601 2775 681 2806 noveru
690 2767 802 2808 rubrlcem
810 2768 889 2808 confici
902 2769 976 2817 lussit,

225 2833 285 2883 quod
299 2834 333 2874 die
347 2831 380 2874 27.
395 2831 454 2883 eope.
469 2829 529 2875 leto.
543 2833 564 2873 8.
579 2834 605 2874 Ι).
619 2834 646 2874 li.
661 2833 713 2874 Plus
727 2833 768 2874 IX.
782 2834 922 2882 approbavit.
