2106 3228
391 194 474 234 Preces
486 195 613 239 6161611666,
894 191 909 238 8

120 289 213 345 nomine
227 299 273 348 166
284 293 377 350 facere
394 302 424 351 et
433 296 498 364 6611.
533 296 658 352 >Utinam
678 296 829 365 dirigantur
845 297 907 352 risa

119 375 186 416 meae
199 363 232 417 ad
240 366 431 422 custodiendas
446 365 646 422 iustificationes
661 375 721 422 1666
729 371 754 421 tr
783 368 829 424 Ρ6.
845 371 905 422 118.

147 435 171 488 4.
204 435 225 488 0
243 437 373 508 miDeus,
393 453 474 506 quem
487 454 547 492 amo
563 439 760 508 superomnia!
779 439 815 492 da
832 439 905 508 mihi,

117 517 185 559 servo
202 513 256 574 tuo,
275 525 321 563 cor
340 509 437 578 docile,
456 515 487 564 ut
504 516 576 564 tuam
593 511 761 564 voluntatem
778 509 859 564 hodie
876 511 905 565 in

118 576 225 633 omnibus
242 579 358 635 fideliter
371 581 510 649 impleam3
527 588 639 650 protege
653 596 705 651 me,
725 581 904 636 amantissime

116 641 192 717 Pater,
211 656 237 703 et
256 653 362 707 custodi
379 667 423 707 me
440 653 473 706 ab
487 653 557 706 omni
570 660 691 722 peccato.
727 651 802 706 Melo
828 653 905 722 mori,

117 730 183 784 qoam
199 720 264 776 sslud
280 731 423 792 peccatum
522 724 617 778 iterum
636 725 810 779 committere.
854 723 904 793 Tu,

114 801 205 860 precor,
221 793 250 847 in
266 801 308 850 tot
325 795 455 864 periculis
470 793 637 849 vacillantem
650 811 780 863 praesens
797 794 904 864 robora,

115 860 152 926 qni
160 865 337 931 spopondisti:
359 866 466 935 „Super
480 866 599 934 aspidem
608 875 636 922 61
645 865 797 922 basiliscum
812 865 903 920 ambu-

110 929 178 1004 labis,
195 943 222 990 et
239 937 409 996 66666166116
427 938 532 992 leonem
550 944 577 992 et
595 937 763 992 draconem.“
783 938 837 1007 (Ps.
848 936 902 1006 90.)

142 1006 165 1057 5.
198 1007 325 1064 Actiones
343 1016 467 1077 nostras,
495 1024 655 1076 quaesumus
672 1008 802 1078 Domine,
831 1009 902 1076 aspi-

109 1075 185 1130 rando
202 1081 331 1146 praeveni
351 1088 379 1135 et
397 1079 549 1134 adiuvando
568 1095 740 1150 prosequere,
759 1087 904 1134 61666616

109 1154 194 1202 nostra
211 1151 297 1204 oratio
323 1158 353 1204 et
370 1151 493 1218 operatio
519 1157 579 1205 ate
598 1166 704 1219 semper
721 1151 846 1221 incipiat,
875 1157 903 1204 et

109 1229 153 1283 per
167 1225 195 1273 ta
212 1229 309 1290 666616
325 1221 445 1278 finiatur.

141 1287 162 1343 0
177 1290 294 1347 Domina
311 1309 381 1361 mea,
401 1299 494 1348 sancta
502 1292 598 1362 Maria,
615 1292 705 1348 Mater
713 1292 765 1346 Dei
784 1309 815 1347 ac
832 1306 903 1361 mea,

108 1373 146 1413 ne
162 1361 189 1416 in
205 1371 280 1418 tuam
298 1363 469 1418 benedictam
485 1363 566 1418 fidem
584 1379 615 1418 ac
634 1365 795 1432 singularem
814 1370 902 1418 custo·

109 1427 261 1489 11666116
280 1436 368 1491 sinum
385 1434 584 1489 misericordiae
601 1443 672 1502 tuae,
691 1434 772 1490 hodie
791 1441 819 1490 et
837 1450 902 1501 quo·

108 1500 173 1573 tidie,
191 1506 263 1560 etin
280 1508 352 1561 hora
370 1507 459 1560 exitus
476 1507 537 1575 mei,
562 1507 676 1560 animam
693 1521 780 1560 meam
798 1514 826 1561 61
844 1521 902 1560 cor-

108 1586 153 1639 pus
168 1593 255 1631 meum
273 1577 442 1634 commendo.
477 1576 588 1632 Omnem
604 1593 679 1646 spem
698 1583 726 1631 et
743 1576 902 1632 consolatio·

109 1657 163 1699 nem
178 1663 273 1718 meam,
300 1665 392 1703 omnes
409 1649 546 1716 angustias
565 1656 592 1702 et
608 1649 730 1702 miserias
748 1662 834 1716 meas,
862 1648 901 1700 vi·

108 1720 195 1773 tanet
216 1718 301 1774 finem
313 1721 385 1774 61166
401 1733 477 1774 meae
493 1720 543 1774 tibi
556 1721 704 1789 committo,
723 1725 754 1773 ut
766 1734 816 1786 per
827 1726 902 1774 tuam

108 1790 298 1846 sanctissimam
315 1791 542 1859 intercessionem,
561 1798 588 1844 61
600 1807 650 1858 666
667 1791 763 1844 merita
780 1797 828 1844 166
845 1806 901 1844 om·

106 1857 147 1912 nia
161 1875 220 1916 mea
238 1862 390 1930 dirigantur
415 1869 443 1916 61
461 1861 636 1930 disponantur
654 1877 739 1930 66616
756 1859 901 1916 secundum

105 1933 173 1985 trram
188 1933 283 2001 tuique
301 1933 349 1986 filii
366 1932 540 1987 voluntatem.
575 1934 669 1987 Amen.

136 2001 235 2072 Angele
253 2005 320 2073 Dei,
339 2005 386 2072 qui
404 2009 494 2058 666166
512 2019 542 2059 66
559 2005 626 2073 mei,
651 2019 693 2058 me
712 2002 761 2057 tibi
780 2002 900 2058 commis·

106 2085 159 2208 {bn
173 2075 275 2142 6161616
295 2091 414 2145 superna
426 2074 507 2130 hodie
522 2075 649 2145 illumina,
668 2074 781 2144 custodi,
799 2080 902 2142 regest

152 2159 223 2200 erne.

118 2219 121 2224 '
135 2216 232 2272 Adeste
250 2215 324 2286 mihi,
343 2217 513 2271 obeatorum
529 2216 669 2284 spirituum
686 2215 804 2284 agmina3
822 2229 900 2284 prae-

105 2287 188 2341 sertim
205 2305 265 2358 vos,
283 2288 392 2357 patroni
405 2288 459 2341 mei
476 2287 510 2346 N.
528 2287 571 2356 N,
590 2289 642 2357 piis
659 2286 785 2355 precibus
802 2287 900 2342 vestris

105 2368 132 2408 ac
147 2360 249 2414 meritis
268 2366 375 2415 servate
393 2373 436 2413 me
455 2374 472 2412 a
489 2359 609 2414 malisei
627 2359 752 2414 61166616
770 2359 798 2411 16
818 2357 900 2412 omni·

104 2423 148 2482 bns
164 2430 252 2485 bonis.
288 2431 383 2486 Amen.

102 2499 163 2623 All1¹11
186 2502 294 2557 nomine
312 2501 402 2556 Patris
425 2501 444 2567 †
469 2506 496 2556 et
522 2499 585 2555 Filii
611 2507 639 2555 61
663 2499 781 2569 Spiritus
804 2500 898 2555 sancti.

149 2586 189 2626 en.

133 2679 172 2720 nn
188 2683 292 2732 precibus
306 2657 425 2729 absolullr,
440 2681 557 2730 antequam
572 2679 657 2720 anlmus
667 2679 690 2718 16
705 2677 749 2718 alla
762 2677 898 2726 666611611-

102 2743 217 2798 munstur,
237 2748 340 2787 sacerdos
354 2745 445 2787 rlrtutis
462 2747 484 2785 et
496 2745 639 2796 perfectionis
655 2743 774 2790 studiosus,
795 2739 899 2781 66611666

102 2809 126 2848 td
144 2813 308 2854 meditationem
329 2824 353 2853 66
372 2813 475 2860 accingit.
508 2811 573 2851 ’16616
592 2811 651 2850 enlm
671 2809 768 2848 climaco
785 2805 899 2846 meditatlo

102 2877 167 2917 misr
179 2880 212 2920 661
225 2881 248 2920 et
260 2881 346 2930 regina,
360 2879 424 2920 elbus
438 2879 462 2918 at
476 2877 525 2918 1666
538 2876 636 2925 virtutis,
660 2873 764 2914 ministra
779 2871 863 2920 6661166
878 2871 900 2908 61
