2124 3230
147 141 214 200 842·
259 141 261 147 ’
318 145 351 185 lio
363 144 511 187 celebratione
523 143 562 186 88.
576 145 658 186 utute
671 143 778 186 millioli

149 261 257 314 versus,
284 246 324 300 ita
341 247 416 300 utin
434 245 551 302 decem
568 253 646 314 terga
670 260 724 300 non
746 249 835 298 votat
853 242 968 298 Sacra·-

149 325 247 385 mento‚
276 316 431 384 genuflectit
453 318 482 372 in
499 317 672 384 suppedaneo
696 315 799 370 medius
817 315 888 369 inter
906 331 950 370 sa·

149 401 210 444 cros
228 389 363 444 ministros
376 389 414 442 ibi
427 389 529 456 pariter
542 387 707 456 genuflexos,
724 385 889 442 thuribulum
906 401 952 442 ac-

149 460 214 528 cipit
228 475 245 514 a
259 459 371 515 diacono
386 461 443 516 sinc
458 459 563 528 osculis,
579 459 721 527 statimque
730 458 879 526 praemissa
889 474 951 512 oum

148 531 276 586 ministris
294 530 428 599 profunda
451 531 622 586 inclinatione
647 531 768 585 incensat
792 527 950 582 Sacramen-

149 603 234 672 tum¹)
252 603 351 670 triplici
365 602 454 670 ductu,
473 610 549 656 notu
568 602 652 671 gravi,
670 600 830 668 interposita
846 599 952 656 brevis·

149 674 217 730 sima
235 674 339 728 morula
356 689 438 726 unum
455 673 526 728 inter
543 673 709 740 alterumque
728 672 843 738 ductum,
869 678 898 726 ct
915 685 950 726 eo

150 752 272 812 tempore
286 745 400 798 ministri
412 746 482 799 sacri
496 744 688 810 aliquantulum
702 743 808 797 elevant
817 742 951 809 posterio-

149 831 206 870 rcm
225 823 330 884 partem
347 814 480 883 planetae,
498 815 604 868 interim
623 815 744 869 omnibus
757 814 951 868 ououmstanti-

150 887 200 941 bus
214 886 381 940 manentibus
395 885 557 954 genuflexis3
571 887 671 954 repetit
684 901 743 940 curn
751 884 878 940 ministris
886 900 951 952 pro-

149 957 259 1012 fundam
275 957 481 1026 inclinationem,
500 958 586 1025 surgit
600 965 628 1012 ot
640 955 761 1012 accondit
776 972 838 1010 oum
853 955 951 1010 iisdem

149 1028 186 1084 ad
203 1029 297 1095 altare,
314 1028 352 1082 ibi
369 1027 526 1096 genuflectit
543 1035 572 1082 et
589 1043 663 1084 mors
681 1028 761 1084 solito
775 1027 897 1082 mcensat
910 1027 949 1081 nl·

149 1106 218 1156 tare.
236 1099 422 1154 Incensationc
436 1107 547 1168 peracta
557 1100 695 1154 celebrans
709 1115 758 1167 pro
771 1097 950 1167 dispositione

149 1170 242 1224 altaris
270 1177 298 1224 ct
321 1169 452 1226 dioecesis
476 1171 739 1226 conscendissent
766 1169 904 1225 descendit
921 1169 951 1224 in

149 1241 263 1310 primum
282 1240 394 1308 gradum
412 1242 513 1309 altaris,
538 1249 584 1296 aut
602 1243 708 1296 omnino
733 1242 762 1296 iu
786 1241 897 1309 planum
915 1237 952 1294 sd

150 1328 234 1369 cornu
252 1313 401 1382 Epistolae,
419 1313 509 1380 ibique
527 1313 596 1367 faeie
615 1313 650 1367 ad
668 1313 796 1381 populum
810 1327 949 1380 conversa,

149 1383 248 1451 triplici
266 1383 347 1438 ductu
364 1385 517 1440 incensatur
535 1401 552 1438 a
570 1384 690 1452 diacono,
710 1385 756 1452 qui
769 1384 807 1437 ita
820 1397 850 1438 sc
870 1383 949 1452 sistit,

149 1461 180 1508 nt
193 1463 299 1522 tergum
312 1463 401 1510 vortat
413 1455 524 1524 populo.
545 1456 660 1522 (Meua
670 1456 712 1510 H.
726 1459 769 1510 14.
781 1471 809 1508 a.
825 1457 850 1511 7.
865 1460 894 1508 et
906 1457 949 1521 8.;

149 1525 296 1582 Baldeochi
308 1533 383 1595 port.
403 1527 445 1582 Π.
459 1528 499 1580 tit.
513 1529 539 1580 2.
560 1530 685 1594 oep.10,·
705 1525 859 1582 Gardella'ai
872 1525 950 1580 (lonn-

149 1606 231 1655 ment.
259 1598 287 1651 in
311 1599 436 1652 Instruct.
463 1597 591 1652 Olemcnt.
616 1597 642 1666 §-
666 1597 730 1667 abb]
768 1597 904 1652 Diaconos
923 1599 951 1650 at

149 1669 328 1724 subdiaconus
346 1670 408 1724 hino
433 1668 495 1723 inde
514 1670 643 1725 assistunt
665 1668 811 1724 celebranti
829 1666 893 1722 dum
910 1667 950 1720 in·
994 1664 1000 1680 '

148 1748 250 1864 genunt,
270 1749 297 1881 ες
311 1757 371 1795 oum
384 1747 526 1796 transeunt
539 1747 600 1794 ante
614 1755 729 1808 crucam,
748 1753 855 1806 semper
868 1753 949 1806 genu·

170 1813 287 1866 οοιιιιιῐι2

164 1951 184 2006 ¹)
200 1953 276 1994 Solum
288 1955 312 1994 ln
325 1956 381 1995 foria
394 1955 432 1999 VI.
445 1956 578 1996 Parascevot
590 1956 705 1996 incensato
725 1954 867 1994 scemurense
882 1953 949 1992 otuu

204 2031 258 2058 crux
272 2021 404 2068 incensatur,
419 2022 556 2072 (Gordollc'ai.
569 2022 584 2065 l.
599 2021 628 2072 o)

162 2079 184 2134 ²)
199 2084 231 2124 De
245 2085 439 2135 genuflexlonibun
453 2098 509 2136 quae
519 2087 634 2128 faciendae
645 2089 696 2126 sunt
707 2085 837 2126 oministtis
849 2086 948 2135 tompore

202 2149 284 2190 Missae
307 2151 410 2192 solemnis
433 2153 657 2203 sequentianotanda
674 2155 737 2192 sunt:
770 2151 948 2200 Ministrigonu·

201 2212 292 2254 flectunt
310 2227 406 2266 sempor:
432 2217 454 2269 ι)
478 2229 528 2257 cum
542 2219 678 2268 celebrautc;
702 2220 792 2267 excepto
812 2218 945 2257 subdiacono

202 2280 254 2319 duur
276 2279 357 2320 librum
378 2284 439 2322 tenos
460 2283 488 2322 ati
511 2284 655 2331 llvnngolium
682 2284 756 2330 (Rubr.
774 2295 822 2334 qen.
841 2283 903 2326 Mus.
916 2283 946 2322 tit.

203 2344 274 2388 XVII.
288 2357 308 2387 π,
323 2345 354 2394 t.)
375 2350 397 2386 et
417 2348 468 2387 dum
484 2351 588 2398 patenam
607 2351 630 2388 in
647 2349 696 2388 loeo
713 2359 753 2388 suo
767 2347 874 2397 sustinct;
894 2349 947 2388 tuuc

203 2411 260 2450 enlm
275 2421 319 2450 non
333 2413 473 2462 genuflectit,
493 2415 537 2454 nisi
557 2415 580 2454 ln
599 2415 669 2464 primo
689 2424 780 2476 accessu
799 2413 826 2454 ad
840 2413 913 2453 locum
926 2415 948 2452 ot

202 2478 260 2516 intra
274 2480 389 2528 utrumque
404 2479 596 2522 Consecratlonom
616 2480 644 2532 (ἃ
659 2481 684 2522 Β.
700 2480 721 2523 O.
735 2481 766 2526 11,
780 2481 842 2522 Febr.
856 2478 915 2524 1764.
929 2481 947 2518 st

202 2543 292 2587 oaorem.
311 2545 381 2594 episc.
399 2546 468 2590 lib.I.
488 2559 535 2597 oop.
555 2547 576 2588 9.
599 2561 620 2591 a.
639 2546 671 2598 ⁶.)
696 2545 720 2595 b)
734 2548 820 2596 quoties
834 2547 864 2586 ad
877 2547 947 2587 ultano

201 2611 316 2660 accedunt,
339 2611 416 2651 veleb
431 2623 457 2651 eo
471 2614 587 2662 rwedunt,
605 2613 640 2652 vel
653 2615 705 2654 anto
724 2613 819 2653 modium
832 2613 947 2652 transeunt

202 2675 276 2719 (Rubr.
296 2687 341 2723 aon.
363 2676 424 2716 Mitt.
444 2679 474 2716 til.
489 2678 528 2716 IV.
542 2691 564 2718 a.
578 2678 597 2722 7.
616 2683 635 2718 et
657 2679 748 2720 Onam.
778 2677 850 2730 Εμίιρ.
863 2678 900 2717 lib.
915 2677 945 2716 ΙΙ.

201 2753 248 2789 cop.
262 2739 282 2782 8.
296 2753 316 2784 a.
328 2739 374 2790 44.)
386 2795 390 2804 ,
402 2741 425 2782 81
439 2745 557 2785 transeunt
576 2745 602 2783 do
621 2755 664 2786 uno
683 2745 753 2785 latero
774 2743 906 2784 celebrantis
919 2743 946 2782 nd

202 2807 294 2846 altorum
314 2808 463 2855 genuflectunt
484 2810 507 2848 in
524 2812 617 2850 termino
638 2824 652 2851 c
666 2823 704 2861 arco
724 2815 746 2851 st
766 2812 788 2849 ln
808 2811 904 2852 termino
917 2809 944 2849 od
