<?xml version="1.0" encoding="UTF-8"?>
<!DOCTYPE html PUBLIC "-//W3C//DTD XHTML 1.0 Transitional//EN"
    "http://www.w3.org/TR/xhtml1/DTD/xhtml1-transitional.dtd">
<html xmlns="http://www.w3.org/1999/xhtml" xml:lang="en" lang="en">
 <head>
  <title>
</title>
<meta http-equiv="Content-Type" content="text/html;charset=utf-8" />
  <meta name='ocr-system' content='tesseract 3.04.00' />
  <meta name='ocr-capabilities' content='ocr_page ocr_carea ocr_par ocr_line ocrx_word'/>
</head>
<body>
  <div class='ocr_page' id='page_1' title='image "./manualesacerdot00schngoog_0201.png"; bbox 0 0 2138 3226; ppageno 0'>
   <div class='ocr_carea' id='block_1_1' title="bbox 306 175 912 230">
    <p class='ocr_par' dir='ltr' id='par_1_1' title="bbox 306 175 912 230">
     <span class='ocr_line' id='line_1_1' title="bbox 306 175 912 230; baseline 0 -10"><span class='ocrx_word' id='word_1_1' title='bbox 306 181 385 220; x_wconf 77' lang='lat' dir='ltr'>Preces</span> <span class='ocrx_word' id='word_1_2' title='bbox 398 183 449 220; x_wconf 75' lang='lat' dir='ltr'>ento</span> <span class='ocrx_word' id='word_1_3' title='bbox 462 185 484 220; x_wconf 87' lang='lat' dir='ltr'>et</span> <span class='ocrx_word' id='word_1_4' title='bbox 497 182 550 230; x_wconf 82' lang='lat' dir='ltr'>post</span> <span class='ocrx_word' id='word_1_5' title='bbox 563 181 726 223; x_wconf 70' lang='lat' dir='ltr'>conluuionem.</span> <span class='ocrx_word' id='word_1_6' title='bbox 873 175 912 221; x_wconf 76' lang='lat' dir='ltr'>ln</span> 
     </span>
    </p>
   </div>
   <div class='ocr_carea' id='block_1_2' title="bbox 107 279 913 2486">
    <p class='ocr_par' dir='ltr' id='par_1_2' title="bbox 110 279 912 1203">
     <span class='ocr_line' id='line_1_2' title="bbox 147 279 908 353; baseline -0.001 -15"><span class='ocrx_word' id='word_1_7' title='bbox 147 284 233 338; x_wconf 75' lang='lat' dir='ltr'>Actus</span> <span class='ocrx_word' id='word_1_8' title='bbox 251 281 428 334; x_wconf 76' lang='lat' dir='ltr'>contritionis.</span> <span class='ocrx_word' id='word_1_9' title='bbox 447 281 555 336; x_wconf 80' lang='lat' dir='ltr'>Utinam</span> <span class='ocrx_word' id='word_1_10' title='bbox 573 287 609 348; x_wconf 90' lang='lat' dir='ltr'>te,</span> <span class='ocrx_word' id='word_1_11' title='bbox 628 279 751 350; x_wconf 87' lang='lat' dir='ltr'>Domine,</span> <span class='ocrx_word' id='word_1_12' title='bbox 770 280 806 334; x_wconf 89' lang='lat' dir='ltr'>mi</span> <span class='ocrx_word' id='word_1_13' title='bbox 824 281 908 353; x_wconf 88' lang='lat' dir='ltr'>Deus,</span> 
     </span>
     <span class='ocr_line' id='line_1_3' title="bbox 110 351 908 421; baseline 0 -13"><span class='ocrx_word' id='word_1_14' title='bbox 110 368 147 408; x_wconf 83' lang='lat' dir='ltr'>ex</span> <span class='ocrx_word' id='word_1_15' title='bbox 163 361 222 408; x_wconf 91' lang='lat' dir='ltr'>toto</span> <span class='ocrx_word' id='word_1_16' title='bbox 242 351 324 407; x_wconf 88' lang='lat' dir='ltr'>corde</span> <span class='ocrx_word' id='word_1_17' title='bbox 343 367 411 421; x_wconf 91' lang='lat' dir='ltr'>meo,</span> <span class='ocrx_word' id='word_1_18' title='bbox 439 367 472 406; x_wconf 85' lang='lat' dir='ltr'>ex</span> <span class='ocrx_word' id='word_1_19' title='bbox 494 359 553 406; x_wconf 81' lang='lat' dir='ltr'>totu</span> <span class='ocrx_word' id='word_1_20' title='bbox 571 353 660 406; x_wconf 81' lang='lat' dir='ltr'>auimo</span> <span class='ocrx_word' id='word_1_21' title='bbox 677 367 737 406; x_wconf 82' lang='lat' dir='ltr'>mcc</span> <span class='ocrx_word' id='word_1_22' title='bbox 756 358 783 407; x_wconf 86' lang='lat' dir='ltr'>et</span> <span class='ocrx_word' id='word_1_23' title='bbox 802 366 835 406; x_wconf 85' lang='lat' dir='ltr'>cx</span> <span class='ocrx_word' id='word_1_24' title='bbox 854 369 908 408; x_wconf 88' lang='lat' dir='ltr'>om·</span> 
     </span>
     <span class='ocr_line' id='line_1_4' title="bbox 111 423 912 492; baseline 0.002 -14"><span class='ocrx_word' id='word_1_25' title='bbox 111 425 191 479; x_wconf 84' lang='lat' dir='ltr'>nibus</span> <span class='ocrx_word' id='word_1_26' title='bbox 208 424 312 478; x_wconf 79' lang='lat' dir='ltr'>viribus</span> <span class='ocrx_word' id='word_1_27' title='bbox 337 424 403 478; x_wconf 92' lang='lat' dir='ltr'>meis</span> <span class='ocrx_word' id='word_1_28' title='bbox 428 437 510 492; x_wconf 87' lang='lat' dir='ltr'>super</span> <span class='ocrx_word' id='word_1_29' title='bbox 534 424 623 477; x_wconf 82' lang='lat' dir='ltr'>omnio</span> <span class='ocrx_word' id='word_1_30' title='bbox 647 423 767 490; x_wconf 81' lang='lat' dir='ltr'>diligcml</span> <span class='ocrx_word' id='word_1_31' title='bbox 804 423 912 480; x_wconf 78' lang='lat' dir='ltr'>Utinam</span> 
     </span>
     <span class='ocr_line' id='line_1_5' title="bbox 111 494 912 565; baseline 0 -15"><span class='ocrx_word' id='word_1_32' title='bbox 111 496 201 565; x_wconf 86' lang='lat' dir='ltr'>ipsum</span> <span class='ocrx_word' id='word_1_33' title='bbox 213 495 422 562; x_wconf 80' lang='lat' dir='ltr'>seraphinorum</span> <span class='ocrx_word' id='word_1_34' title='bbox 433 510 550 549; x_wconf 82' lang='lat' dir='ltr'>amorem</span> <span class='ocrx_word' id='word_1_35' title='bbox 564 509 719 562; x_wconf 74' lang='lat' dir='ltr'>eneconem,</span> <span class='ocrx_word' id='word_1_36' title='bbox 735 494 803 548; x_wconf 89' lang='lat' dir='ltr'>etin</span> <span class='ocrx_word' id='word_1_37' title='bbox 817 495 912 550; x_wconf 90' lang='lat' dir='ltr'>codem</span> 
     </span>
     <span class='ocr_line' id='line_1_6' title="bbox 111 566 911 636; baseline -0.004 -14"><span class='ocrx_word' id='word_1_38' title='bbox 111 582 220 636; x_wconf 87' lang='lat' dir='ltr'>semper</span> <span class='ocrx_word' id='word_1_39' title='bbox 237 566 394 634; x_wconf 79' lang='lat' dir='ltr'><strong>persistam!</strong></span> <span class='ocrx_word' id='word_1_40' title='bbox 430 566 473 620; x_wconf 83' lang='lat' dir='ltr'>Tu</span> <span class='ocrx_word' id='word_1_41' title='bbox 489 567 550 635; x_wconf 67' lang='lat' dir='ltr'>cccc,</span> <span class='ocrx_word' id='word_1_42' title='bbox 569 566 693 632; x_wconf 77' lang='lat' dir='ltr'><em>Domine,</em></span> <span class='ocrx_word' id='word_1_43' title='bbox 713 567 779 634; x_wconf 79' lang='lat' dir='ltr'>poio</span> <span class='ocrx_word' id='word_1_44' title='bbox 798 580 859 618; x_wconf 83' lang='lat' dir='ltr'>omo</span> <span class='ocrx_word' id='word_1_45' title='bbox 877 572 911 636; x_wconf 80' lang='lat' dir='ltr'>to,</span> 
     </span>
     <span class='ocr_line' id='line_1_7' title="bbox 112 636 911 707; baseline -0.003 -14"><span class='ocrx_word' id='word_1_46' title='bbox 112 639 252 706; x_wconf 79' lang='lat' dir='ltr'>magisque</span> <span class='ocrx_word' id='word_1_47' title='bbox 280 652 370 691; x_wconf 81' lang='lat' dir='ltr'>umere</span> <span class='ocrx_word' id='word_1_48' title='bbox 397 637 490 704; x_wconf 91' lang='lat' dir='ltr'>cupio;</span> <span class='ocrx_word' id='word_1_49' title='bbox 521 637 593 704; x_wconf 84' lang='lat' dir='ltr'>quod</span> <span class='ocrx_word' id='word_1_50' title='bbox 616 637 712 692; x_wconf 90' lang='lat' dir='ltr'>millies</span> <span class='ocrx_word' id='word_1_51' title='bbox 737 636 808 690; x_wconf 79' lang='lat' dir='ltr'>mulo</span> <span class='ocrx_word' id='word_1_52' title='bbox 835 637 911 707; x_wconf 84' lang='lat' dir='ltr'>mori,</span> 
     </span>
     <span class='ocr_line' id='line_1_8' title="bbox 112 707 910 778; baseline -0.003 -14"><span class='ocrx_word' id='word_1_53' title='bbox 112 709 194 778; x_wconf 78' lang='lat' dir='ltr'>quum</span> <span class='ocrx_word' id='word_1_54' title='bbox 207 711 236 762; x_wconf 88' lang='lat' dir='ltr'>in</span> <span class='ocrx_word' id='word_1_55' title='bbox 249 707 316 761; x_wconf 89' lang='lat' dir='ltr'>illud</span> <span class='ocrx_word' id='word_1_56' title='bbox 329 715 467 776; x_wconf 77' lang='lat' dir='ltr'>peccatum</span> <span class='ocrx_word' id='word_1_57' title='bbox 480 749 486 762; x_wconf 87' lang='lat'><em>.</em></span> <span class='ocrx_word' id='word_1_58' title='bbox 498 749 504 762; x_wconf 92' lang='lat'>.</span> <span class='ocrx_word' id='word_1_59' title='bbox 516 749 522 762; x_wconf 92' lang='lat'>.</span> <span class='ocrx_word' id='word_1_60' title='bbox 536 709 564 761; x_wconf 92' lang='lat' dir='ltr'>in</span> <span class='ocrx_word' id='word_1_61' title='bbox 577 709 624 762; x_wconf 83' lang='lat' dir='ltr'>illa</span> <span class='ocrx_word' id='word_1_62' title='bbox 636 714 749 778; x_wconf 82' lang='lat' dir='ltr'>peccota</span> <span class='ocrx_word' id='word_1_63' title='bbox 759 749 766 761; x_wconf 92' lang='lat'><strong><em>.</em></strong></span> <span class='ocrx_word' id='word_1_64' title='bbox 778 747 802 761; x_wconf 92' lang='lat'>..</span> <span class='ocrx_word' id='word_1_65' title='bbox 816 709 910 762; x_wconf 75' lang='lat' dir='ltr'>relabi.</span> 
     </span>
     <span class='ocr_line' id='line_1_9' title="bbox 112 779 911 848; baseline -0.001 -14"><span class='ocrx_word' id='word_1_66' title='bbox 112 781 136 834; x_wconf 92' lang='lat'>0</span> <span class='ocrx_word' id='word_1_67' title='bbox 158 796 238 848; x_wconf 79' lang='lat' dir='ltr'>quum</span> <span class='ocrx_word' id='word_1_68' title='bbox 257 779 344 848; x_wconf 88' lang='lat' dir='ltr'>doleo,</span> <span class='ocrx_word' id='word_1_69' title='bbox 364 779 436 846; x_wconf 87' lang='lat' dir='ltr'>quod</span> <span class='ocrx_word' id='word_1_70' title='bbox 453 787 489 847; x_wconf 83' lang='lat' dir='ltr'>te,</span> <span class='ocrx_word' id='word_1_71' title='bbox 508 795 638 834; x_wconf 87' lang='lat' dir='ltr'>summum</span> <span class='ocrx_word' id='word_1_72' title='bbox 656 786 683 833; x_wconf 91' lang='lat' dir='ltr'>et</span> <span class='ocrx_word' id='word_1_73' title='bbox 702 779 911 833; x_wconf 78' lang='lat' dir='ltr'>amentissimum</span> 
     </span>
     <span class='ocr_line' id='line_1_10' title="bbox 111 849 911 919; baseline 0 -14"><span class='ocrx_word' id='word_1_74' title='bbox 111 852 213 906; x_wconf 89' lang='lat' dir='ltr'>bonum</span> <span class='ocrx_word' id='word_1_75' title='bbox 237 865 327 904; x_wconf 90' lang='lat' dir='ltr'>meum</span> <span class='ocrx_word' id='word_1_76' title='bbox 353 866 471 916; x_wconf 78' lang='lat' dir='ltr'>uuquam</span> <span class='ocrx_word' id='word_1_77' title='bbox 494 849 664 905; x_wconf 79' lang='lat' dir='ltr'>offenderim!</span> <span class='ocrx_word' id='word_1_78' title='bbox 701 851 809 905; x_wconf 84' lang='lat' dir='ltr'>Utinam</span> <span class='ocrx_word' id='word_1_79' title='bbox 828 849 911 919; x_wconf 89' lang='lat' dir='ltr'>(quod</span> 
     </span>
     <span class='ocr_line' id='line_1_11' title="bbox 112 921 911 992; baseline -0.001 -15"><span class='ocrx_word' id='word_1_80' title='bbox 112 923 200 992; x_wconf 59' lang='lat' dir='ltr'>matie</span> <span class='ocrx_word' id='word_1_81' title='bbox 217 929 266 976; x_wconf 81' lang='lat' dir='ltr'>tue</span> <span class='ocrx_word' id='word_1_82' title='bbox 283 921 368 976; x_wconf 85' lang='lat' dir='ltr'>fretus</span> <span class='ocrx_word' id='word_1_83' title='bbox 391 921 541 976; x_wconf 84' lang='lat' dir='ltr'>firmissime</span> <span class='ocrx_word' id='word_1_84' title='bbox 566 921 698 991; x_wconf 84' lang='lat' dir='ltr'>propono)</span> <span class='ocrx_word' id='word_1_85' title='bbox 723 929 751 976; x_wconf 90' lang='lat' dir='ltr'>te</span> <span class='ocrx_word' id='word_1_86' title='bbox 774 937 911 989; x_wconf 76' lang='lat' dir='ltr'>nunquam</span> 
     </span>
     <span class='ocr_line' id='line_1_12' title="bbox 112 991 908 1063; baseline 0.003 -17"><span class='ocrx_word' id='word_1_87' title='bbox 112 994 157 1048; x_wconf 85' lang='lat' dir='ltr'>vel</span> <span class='ocrx_word' id='word_1_88' title='bbox 174 993 283 1047; x_wconf 90' lang='lat' dir='ltr'>minimo</span> <span class='ocrx_word' id='word_1_89' title='bbox 298 992 395 1046; x_wconf 88' lang='lat' dir='ltr'>delicto</span> <span class='ocrx_word' id='word_1_90' title='bbox 409 991 556 1047; x_wconf 77' lang='lat' dir='ltr'>offendam!</span> <span class='ocrx_word' id='word_1_91' title='bbox 576 993 618 1047; x_wconf 88' lang='lat' dir='ltr'>Tu</span> <span class='ocrx_word' id='word_1_92' title='bbox 637 994 707 1046; x_wconf 90' lang='lat' dir='ltr'>enim</span> <span class='ocrx_word' id='word_1_93' title='bbox 720 994 791 1047; x_wconf 91' lang='lat' dir='ltr'>omni</span> <span class='ocrx_word' id='word_1_94' title='bbox 809 1009 908 1063; x_wconf 81' lang='lat' dir='ltr'>umore,</span> 
     </span>
     <span class='ocr_line' id='line_1_13' title="bbox 111 1063 908 1132; baseline 0.003 -14"><span class='ocrx_word' id='word_1_95' title='bbox 111 1065 215 1120; x_wconf 90' lang='lat' dir='ltr'>honore</span> <span class='ocrx_word' id='word_1_96' title='bbox 235 1071 263 1118; x_wconf 91' lang='lat' dir='ltr'>et</span> <span class='ocrx_word' id='word_1_97' title='bbox 280 1065 352 1118; x_wconf 89' lang='lat' dir='ltr'>cultu</span> <span class='ocrx_word' id='word_1_98' title='bbox 371 1063 465 1132; x_wconf 83' lang='lat' dir='ltr'>dignus</span> <span class='ocrx_word' id='word_1_99' title='bbox 489 1079 527 1132; x_wconf 91' lang='lat' dir='ltr'>es,</span> <span class='ocrx_word' id='word_1_100' title='bbox 557 1065 631 1118; x_wconf 80' lang='lat' dir='ltr'>cuiue</span> <span class='ocrx_word' id='word_1_101' title='bbox 650 1065 843 1119; x_wconf 78' lang='lat' dir='ltr'><strong>sanctissimam</strong></span> <span class='ocrx_word' id='word_1_102' title='bbox 861 1080 908 1120; x_wconf 85' lang='lat' dir='ltr'>vo·</span> 
     </span>
     <span class='ocr_line' id='line_1_14' title="bbox 111 1135 792 1203; baseline -0.003 -12"><span class='ocrx_word' id='word_1_103' title='bbox 111 1136 243 1191; x_wconf 81' lang='lat' dir='ltr'>luntetcm</span> <span class='ocrx_word' id='word_1_104' title='bbox 260 1135 289 1188; x_wconf 92' lang='lat' dir='ltr'>in</span> <span class='ocrx_word' id='word_1_105' title='bbox 307 1136 428 1190; x_wconf 88' lang='lat' dir='ltr'>omnibus</span> <span class='ocrx_word' id='word_1_106' title='bbox 446 1136 558 1202; x_wconf 81' lang='lat' dir='ltr'>exsequi</span> <span class='ocrx_word' id='word_1_107' title='bbox 576 1136 662 1203; x_wconf 91' lang='lat' dir='ltr'>cupio.</span> <span class='ocrx_word' id='word_1_108' title='bbox 699 1136 792 1189; x_wconf 89' lang='lat' dir='ltr'>Amen.</span> 
     </span>
    </p>

    <p class='ocr_par' dir='ltr' id='par_1_3' title="bbox 107 1206 913 2486">
     <span class='ocr_line' id='line_1_15' title="bbox 148 1206 909 1276; baseline 0 -15"><span class='ocrx_word' id='word_1_109' title='bbox 148 1209 231 1262; x_wconf 76' lang='lat' dir='ltr'>Alius</span> <span class='ocrx_word' id='word_1_110' title='bbox 248 1206 344 1260; x_wconf 80' lang='lat' dir='ltr'>modus</span> <span class='ocrx_word' id='word_1_111' title='bbox 362 1207 486 1260; x_wconf 78' lang='lat' dir='ltr'>eliciendi</span> <span class='ocrx_word' id='word_1_112' title='bbox 502 1212 593 1260; x_wconf 70' lang='lat' dir='ltr'>omum</span> <span class='ocrx_word' id='word_1_113' title='bbox 610 1207 779 1260; x_wconf 76' lang='lat' dir='ltr'>contritionis</span> <span class='ocrx_word' id='word_1_114' title='bbox 805 1213 830 1261; x_wconf 82' lang='lat' dir='ltr'>ct</span> <span class='ocrx_word' id='word_1_115' title='bbox 843 1222 909 1276; x_wconf 78' lang='lat' dir='ltr'>pro·</span> 
     </span>
     <span class='ocr_line' id='line_1_16' title="bbox 107 1277 909 1347; baseline 0 -15"><span class='ocrx_word' id='word_1_116' title='bbox 107 1281 202 1347; x_wconf 78' lang='lat' dir='ltr'>positi.</span> <span class='ocrx_word' id='word_1_117' title='bbox 222 1277 245 1331; x_wconf 95' lang='lat'>0</span> <span class='ocrx_word' id='word_1_118' title='bbox 263 1278 345 1332; x_wconf 85' lang='lat' dir='ltr'>Peter</span> <span class='ocrx_word' id='word_1_119' title='bbox 362 1277 620 1332; x_wconf 76' lang='lat' dir='ltr'>misericordiarum!</span> <span class='ocrx_word' id='word_1_120' title='bbox 644 1277 708 1344; x_wconf 87' lang='lat' dir='ltr'>quid</span> <span class='ocrx_word' id='word_1_121' title='bbox 731 1278 909 1332; x_wconf 78' lang='lat' dir='ltr'>retribuitibi</span> 
     </span>
     <span class='ocr_line' id='line_1_17' title="bbox 111 1349 909 1418; baseline 0.001 -15"><span class='ocrx_word' id='word_1_122' title='bbox 111 1366 163 1418; x_wconf 89' lang='lat' dir='ltr'>pro</span> <span class='ocrx_word' id='word_1_123' title='bbox 181 1349 324 1404; x_wconf 76' lang='lat' dir='ltr'>dilectione</span> <span class='ocrx_word' id='word_1_124' title='bbox 342 1349 409 1402; x_wconf 76' lang='lat' dir='ltr'>tuo?</span> <span class='ocrx_word' id='word_1_125' title='bbox 435 1349 501 1403; x_wconf 89' lang='lat' dir='ltr'>nihil</span> <span class='ocrx_word' id='word_1_126' title='bbox 516 1349 567 1403; x_wconf 88' lang='lat' dir='ltr'>uisi</span> <span class='ocrx_word' id='word_1_127' title='bbox 585 1356 703 1416; x_wconf 80' lang='lat' dir='ltr'>peccota,</span> <span class='ocrx_word' id='word_1_128' title='bbox 721 1349 909 1418; x_wconf 81' lang='lat' dir='ltr'>negligentias,</span> 
     </span>
     <span class='ocr_line' id='line_1_18' title="bbox 112 1419 909 1488; baseline 0 -14"><span class='ocrx_word' id='word_1_129' title='bbox 112 1419 351 1488; x_wconf 81' lang='lat' dir='ltr'>ingratidudineml</span> <span class='ocrx_word' id='word_1_130' title='bbox 366 1421 466 1474; x_wconf 79' lang='lat' dir='ltr'>utinum</span> <span class='ocrx_word' id='word_1_131' title='bbox 475 1435 610 1486; x_wconf 75' lang='lat' dir='ltr'>nunquam</span> <span class='ocrx_word' id='word_1_132' title='bbox 623 1426 650 1474; x_wconf 88' lang='lat' dir='ltr'>tc</span> <span class='ocrx_word' id='word_1_133' title='bbox 666 1419 843 1488; x_wconf 86' lang='lat' dir='ltr'>offendissem,</span> <span class='ocrx_word' id='word_1_134' title='bbox 858 1435 909 1474; x_wconf 88' lang='lat' dir='ltr'>noc</span> 
     </span>
     <span class='ocr_line' id='line_1_19' title="bbox 113 1491 910 1560; baseline -0.001 -14"><span class='ocrx_word' id='word_1_135' title='bbox 113 1491 278 1547; x_wconf 84' lang='lat' dir='ltr'>offenderem</span> <span class='ocrx_word' id='word_1_136' title='bbox 296 1491 409 1560; x_wconf 84' lang='lat' dir='ltr'>posthac</span> <span class='ocrx_word' id='word_1_137' title='bbox 426 1491 454 1544; x_wconf 90' lang='lat' dir='ltr'>iu</span> <span class='ocrx_word' id='word_1_138' title='bbox 472 1493 623 1545; x_wconf 78' lang='lat' dir='ltr'>aeternum!</span> <span class='ocrx_word' id='word_1_139' title='bbox 652 1491 713 1544; x_wconf 88' lang='lat' dir='ltr'>Tibi</span> <span class='ocrx_word' id='word_1_140' title='bbox 732 1491 782 1544; x_wconf 89' lang='lat' dir='ltr'>soli</span> <span class='ocrx_word' id='word_1_141' title='bbox 799 1491 910 1558; x_wconf 80' lang='lat' dir='ltr'>peccavi</span> 
     </span>
     <span class='ocr_line' id='line_1_20' title="bbox 114 1560 910 1616; baseline -0.001 0"><span class='ocrx_word' id='word_1_142' title='bbox 114 1570 143 1616; x_wconf 90' lang='lat' dir='ltr'>et</span> <span class='ocrx_word' id='word_1_143' title='bbox 159 1563 260 1616; x_wconf 81' lang='lat' dir='ltr'>melum</span> <span class='ocrx_word' id='word_1_144' title='bbox 278 1578 368 1616; x_wconf 86' lang='lat' dir='ltr'>coram</span> <span class='ocrx_word' id='word_1_145' title='bbox 393 1570 421 1616; x_wconf 90' lang='lat' dir='ltr'>te</span> <span class='ocrx_word' id='word_1_146' title='bbox 438 1561 499 1616; x_wconf 86' lang='lat' dir='ltr'>feci.</span> <span class='ocrx_word' id='word_1_147' title='bbox 534 1563 622 1616; x_wconf 88' lang='lat' dir='ltr'>Doleo</span> <span class='ocrx_word' id='word_1_148' title='bbox 649 1575 683 1615; x_wconf 87' lang='lat' dir='ltr'>ex</span> <span class='ocrx_word' id='word_1_149' title='bbox 701 1569 758 1615; x_wconf 91' lang='lat' dir='ltr'>toto</span> <span class='ocrx_word' id='word_1_150' title='bbox 777 1560 858 1614; x_wconf 88' lang='lat' dir='ltr'>cordo</span> <span class='ocrx_word' id='word_1_151' title='bbox 877 1561 910 1616; x_wconf 89' lang='lat' dir='ltr'>de</span> 
     </span>
     <span class='ocr_line' id='line_1_21' title="bbox 113 1633 911 1702; baseline -0.004 -13"><span class='ocrx_word' id='word_1_152' title='bbox 113 1635 237 1690; x_wconf 81' lang='lat' dir='ltr'>ommbus</span> <span class='ocrx_word' id='word_1_153' title='bbox 246 1635 364 1701; x_wconf 83' lang='lat' dir='ltr'>peccetis</span> <span class='ocrx_word' id='word_1_154' title='bbox 377 1634 444 1688; x_wconf 87' lang='lat' dir='ltr'>meis</span> <span class='ocrx_word' id='word_1_155' title='bbox 457 1640 512 1687; x_wconf 85' lang='lat' dir='ltr'>tem</span> <span class='ocrx_word' id='word_1_156' title='bbox 526 1633 645 1702; x_wconf 90' lang='lat' dir='ltr'>occultis,</span> <span class='ocrx_word' id='word_1_157' title='bbox 664 1648 744 1700; x_wconf 82' lang='lat' dir='ltr'>quem</span> <span class='ocrx_word' id='word_1_158' title='bbox 756 1633 822 1685; x_wconf 90' lang='lat' dir='ltr'>mihi</span> <span class='ocrx_word' id='word_1_159' title='bbox 831 1633 911 1702; x_wconf 83' lang='lat' dir='ltr'>notis,</span> 
     </span>
     <span class='ocr_line' id='line_1_22' title="bbox 115 1702 911 1773; baseline -0.005 -13"><span class='ocrx_word' id='word_1_160' title='bbox 115 1707 178 1773; x_wconf 82' lang='lat' dir='ltr'>quia</span> <span class='ocrx_word' id='word_1_161' title='bbox 196 1705 230 1759; x_wconf 91' lang='lat' dir='ltr'>iis</span> <span class='ocrx_word' id='word_1_162' title='bbox 239 1712 267 1758; x_wconf 91' lang='lat' dir='ltr'>te</span> <span class='ocrx_word' id='word_1_163' title='bbox 283 1704 389 1773; x_wconf 82' lang='lat' dir='ltr'>offendi,</span> <span class='ocrx_word' id='word_1_164' title='bbox 409 1705 493 1772; x_wconf 89' lang='lat' dir='ltr'>quies</span> <span class='ocrx_word' id='word_1_165' title='bbox 508 1719 609 1758; x_wconf 80' lang='lat' dir='ltr'>summe</span> <span class='ocrx_word' id='word_1_166' title='bbox 622 1705 717 1771; x_wconf 87' lang='lat' dir='ltr'>bonus,</span> <span class='ocrx_word' id='word_1_167' title='bbox 735 1702 837 1756; x_wconf 83' lang='lat' dir='ltr'>infinite</span> <span class='ocrx_word' id='word_1_168' title='bbox 850 1717 911 1771; x_wconf 90' lang='lat' dir='ltr'>per-</span> 
     </span>
     <span class='ocr_line' id='line_1_23' title="bbox 113 1774 913 1845; baseline -0.005 -14"><span class='ocrx_word' id='word_1_169' title='bbox 113 1775 208 1845; x_wconf 84' lang='lat' dir='ltr'>fectus,</span> <span class='ocrx_word' id='word_1_170' title='bbox 227 1776 341 1829; x_wconf 84' lang='lat' dir='ltr'>maxime</span> <span class='ocrx_word' id='word_1_171' title='bbox 352 1776 480 1829; x_wconf 82' lang='lat' dir='ltr'>amabilis.</span> <span class='ocrx_word' id='word_1_172' title='bbox 499 1776 595 1844; x_wconf 90' lang='lat' dir='ltr'>Doleo,</span> <span class='ocrx_word' id='word_1_173' title='bbox 610 1775 672 1842; x_wconf 82' lang='lat' dir='ltr'>quia</span> <span class='ocrx_word' id='word_1_174' title='bbox 689 1774 801 1842; x_wconf 77' lang='lat' dir='ltr'>peccavi</span> <span class='ocrx_word' id='word_1_175' title='bbox 819 1780 913 1828; x_wconf 79' lang='lat' dir='ltr'>contre</span> 
     </span>
     <span class='ocr_line' id='line_1_24' title="bbox 113 1845 912 1916; baseline -0.001 -15"><span class='ocrx_word' id='word_1_176' title='bbox 113 1855 149 1916; x_wconf 86' lang='lat' dir='ltr'>te,</span> <span class='ocrx_word' id='word_1_177' title='bbox 169 1848 334 1916; x_wconf 74' lang='lat' dir='ltr'>Creatorem,</span> <span class='ocrx_word' id='word_1_178' title='bbox 348 1847 563 1914; x_wconf 84' lang='lat' dir='ltr'>Redemptorem,</span> <span class='ocrx_word' id='word_1_179' title='bbox 576 1847 664 1900; x_wconf 91' lang='lat' dir='ltr'>Deum</span> <span class='ocrx_word' id='word_1_180' title='bbox 673 1861 768 1900; x_wconf 92' lang='lat' dir='ltr'>meum.</span> <span class='ocrx_word' id='word_1_181' title='bbox 787 1845 912 1906; x_wconf 88' lang='lat' dir='ltr'>Poenitet</span> 
     </span>
     <span class='ocr_line' id='line_1_25' title="bbox 114 1917 911 1988; baseline -0.004 -15"><span class='ocrx_word' id='word_1_182' title='bbox 114 1934 164 1988; x_wconf 90' lang='lat' dir='ltr'>me,</span> <span class='ocrx_word' id='word_1_183' title='bbox 183 1933 446 1986; x_wconf 80' lang='lat' dir='ltr'>unquampeccessc.</span> <span class='ocrx_word' id='word_1_184' title='bbox 464 1918 603 1986; x_wconf 80' lang='lat' dir='ltr'>Displicet,</span> <span class='ocrx_word' id='word_1_185' title='bbox 623 1917 695 1984; x_wconf 87' lang='lat' dir='ltr'>quod</span> <span class='ocrx_word' id='word_1_186' title='bbox 708 1917 856 1986; x_wconf 79' lang='lat' dir='ltr'>amussim,</span> <span class='ocrx_word' id='word_1_187' title='bbox 874 1923 911 1986; x_wconf 91' lang='lat' dir='ltr'>te,</span> 
     </span>
     <span class='ocr_line' id='line_1_26' title="bbox 113 1988 912 2058; baseline -0.003 -14"><span class='ocrx_word' id='word_1_188' title='bbox 113 1989 202 2044; x_wconf 90' lang='lat' dir='ltr'>Deum</span> <span class='ocrx_word' id='word_1_189' title='bbox 219 2003 317 2058; x_wconf 91' lang='lat' dir='ltr'>meum,</span> <span class='ocrx_word' id='word_1_190' title='bbox 336 1988 482 2044; x_wconf 84' lang='lat' dir='ltr'>offendere.</span> <span class='ocrx_word' id='word_1_191' title='bbox 519 1989 639 2057; x_wconf 86' lang='lat' dir='ltr'>Supplex</span> <span class='ocrx_word' id='word_1_192' title='bbox 664 1995 728 2056; x_wconf 89' lang='lat' dir='ltr'>peto</span> <span class='ocrx_word' id='word_1_193' title='bbox 754 1989 859 2042; x_wconf 84' lang='lat' dir='ltr'>venium</span> <span class='ocrx_word' id='word_1_194' title='bbox 885 1995 912 2042; x_wconf 87' lang='lat' dir='ltr'>et</span> 
     </span>
     <span class='ocr_line' id='line_1_27' title="bbox 114 2059 913 2127; baseline -0.001 -13"><span class='ocrx_word' id='word_1_195' title='bbox 114 2059 332 2116; x_wconf 84' lang='lat' dir='ltr'>misericordium.</span> <span class='ocrx_word' id='word_1_196' title='bbox 369 2061 505 2127; x_wconf 89' lang='lat' dir='ltr'>Detestor,</span> <span class='ocrx_word' id='word_1_197' title='bbox 524 2075 643 2127; x_wconf 87' lang='lat' dir='ltr'>execror,</span> <span class='ocrx_word' id='word_1_198' title='bbox 667 2061 806 2114; x_wconf 76' lang='lat' dir='ltr'>abominor</span> <span class='ocrx_word' id='word_1_199' title='bbox 823 2059 913 2114; x_wconf 81' lang='lat' dir='ltr'>omnic</span> 
     </span>
     <span class='ocr_line' id='line_1_28' title="bbox 115 2131 912 2200; baseline -0.005 -13"><span class='ocrx_word' id='word_1_200' title='bbox 115 2132 220 2200; x_wconf 84' lang='lat' dir='ltr'>delicte,</span> <span class='ocrx_word' id='word_1_201' title='bbox 251 2147 320 2199; x_wconf 82' lang='lat' dir='ltr'>quoe</span> <span class='ocrx_word' id='word_1_202' title='bbox 338 2131 400 2185; x_wconf 87' lang='lat' dir='ltr'>inde</span> <span class='ocrx_word' id='word_1_203' title='bbox 420 2131 567 2199; x_wconf 79' lang='lat' dir='ltr'>spueritiu</span> <span class='ocrx_word' id='word_1_204' title='bbox 583 2131 612 2184; x_wconf 90' lang='lat' dir='ltr'>iu</span> <span class='ocrx_word' id='word_1_205' title='bbox 628 2132 698 2184; x_wconf 86' lang='lat' dir='ltr'>hanc</span> <span class='ocrx_word' id='word_1_206' title='bbox 716 2145 800 2197; x_wconf 91' lang='lat' dir='ltr'>usque</span> <span class='ocrx_word' id='word_1_207' title='bbox 818 2131 912 2184; x_wconf 80' lang='lat' dir='ltr'>horem</span> 
     </span>
     <span class='ocr_line' id='line_1_29' title="bbox 113 2200 911 2270; baseline -0.003 -12"><span class='ocrx_word' id='word_1_208' title='bbox 113 2203 249 2270; x_wconf 80' lang='lat' dir='ltr'>commisi3</span> <span class='ocrx_word' id='word_1_209' title='bbox 269 2201 388 2257; x_wconf 85' lang='lat' dir='ltr'>detestor</span> <span class='ocrx_word' id='word_1_210' title='bbox 401 2200 448 2256; x_wconf 82' lang='lat' dir='ltr'>illo</span> <span class='ocrx_word' id='word_1_211' title='bbox 462 2216 543 2269; x_wconf 85' lang='lat' dir='ltr'>super</span> <span class='ocrx_word' id='word_1_212' title='bbox 562 2203 650 2256; x_wconf 84' lang='lat' dir='ltr'>omnia</span> <span class='ocrx_word' id='word_1_213' title='bbox 664 2201 835 2256; x_wconf 78' lang='lat' dir='ltr'>detestabilia·</span> <span class='ocrx_word' id='word_1_214' title='bbox 849 2217 911 2269; x_wconf 91' lang='lat' dir='ltr'>pro·</span> 
     </span>
     <span class='ocr_line' id='line_1_30' title="bbox 113 2272 912 2344; baseline -0.005 -14"><span class='ocrx_word' id='word_1_215' title='bbox 113 2283 175 2344; x_wconf 83' lang='lat' dir='ltr'>pter</span> <span class='ocrx_word' id='word_1_216' title='bbox 192 2272 301 2328; x_wconf 75' lang='lat' dir='ltr'>foedam</span> <span class='ocrx_word' id='word_1_217' title='bbox 319 2289 412 2328; x_wconf 88' lang='lat' dir='ltr'>eorum</span> <span class='ocrx_word' id='word_1_218' title='bbox 435 2272 634 2341; x_wconf 82' lang='lat' dir='ltr'>turpitudinem,</span> <span class='ocrx_word' id='word_1_219' title='bbox 659 2279 770 2341; x_wconf 85' lang='lat' dir='ltr'>propter</span> <span class='ocrx_word' id='word_1_220' title='bbox 798 2273 866 2326; x_wconf 71' lang='lat' dir='ltr'>uum</span> <span class='ocrx_word' id='word_1_221' title='bbox 884 2277 912 2326; x_wconf 89' lang='lat' dir='ltr'>ct</span> 
     </span>
     <span class='ocr_line' id='line_1_31' title="bbox 112 2343 910 2415; baseline -0.004 -15"><span class='ocrx_word' id='word_1_222' title='bbox 112 2362 229 2415; x_wconf 82' lang='lat' dir='ltr'>poenam</span> <span class='ocrx_word' id='word_1_223' title='bbox 247 2345 366 2398; x_wconf 77' lang='lat' dir='ltr'>iustitiae</span> <span class='ocrx_word' id='word_1_224' title='bbox 384 2351 456 2413; x_wconf 80' lang='lat' dir='ltr'>tuoe,</span> <span class='ocrx_word' id='word_1_225' title='bbox 475 2350 586 2412; x_wconf 88' lang='lat' dir='ltr'>propter</span> <span class='ocrx_word' id='word_1_226' title='bbox 600 2343 788 2398; x_wconf 87' lang='lat' dir='ltr'>detrimentum</span> <span class='ocrx_word' id='word_1_227' title='bbox 806 2345 910 2397; x_wconf 77' lang='lat' dir='ltr'>animae</span> 
     </span>
     <span class='ocr_line' id='line_1_32' title="bbox 114 2415 912 2486; baseline -0.003 -16"><span class='ocrx_word' id='word_1_228' title='bbox 114 2433 199 2485; x_wconf 83' lang='lat' dir='ltr'>meuc,</span> <span class='ocrx_word' id='word_1_229' title='bbox 213 2422 327 2486; x_wconf 91' lang='lat' dir='ltr'>propter</span> <span class='ocrx_word' id='word_1_230' title='bbox 334 2415 551 2483; x_wconf 80' lang='lat' dir='ltr'>iugratitudinem</span> <span class='ocrx_word' id='word_1_231' title='bbox 566 2422 659 2470; x_wconf 80' lang='lat' dir='ltr'>contro</span> <span class='ocrx_word' id='word_1_232' title='bbox 671 2416 817 2469; x_wconf 75' lang='lat' dir='ltr'>bonitatem</span> <span class='ocrx_word' id='word_1_233' title='bbox 830 2421 912 2468; x_wconf 82' lang='lat' dir='ltr'>tuum.</span> 
     </span>
    </p>
   </div>
   <div class='ocr_carea' id='block_1_3' title="bbox 113 2485 913 2911">
    <p class='ocr_par' dir='ltr' id='par_1_4' title="bbox 113 2485 913 2911">
     <span class='ocr_line' id='line_1_33' title="bbox 113 2485 913 2558; baseline -0.004 -17"><span class='ocrx_word' id='word_1_234' title='bbox 113 2487 247 2558; x_wconf 81' lang='lat' dir='ltr'>imprimis</span> <span class='ocrx_word' id='word_1_235' title='bbox 262 2495 352 2540; x_wconf 83' lang='lat' dir='ltr'>cutem</span> <span class='ocrx_word' id='word_1_236' title='bbox 365 2485 485 2541; x_wconf 87' lang='lat' dir='ltr'>detestor</span> <span class='ocrx_word' id='word_1_237' title='bbox 500 2487 589 2540; x_wconf 82' lang='lat' dir='ltr'>omnio</span> <span class='ocrx_word' id='word_1_238' title='bbox 603 2487 684 2553; x_wconf 81' lang='lat' dir='ltr'>(illud</span> <span class='ocrx_word' id='word_1_239' title='bbox 702 2493 791 2540; x_wconf 74' lang='lat' dir='ltr'>coctem</span> <span class='ocrx_word' id='word_1_240' title='bbox 801 2526 808 2539; x_wconf 92' lang='lat'><em>.</em></span> <span class='ocrx_word' id='word_1_241' title='bbox 819 2527 843 2540; x_wconf 91' lang='lat'>..</span> <span class='ocrx_word' id='word_1_242' title='bbox 858 2485 913 2538; x_wconf 40' lang='lat' dir='ltr'>villo</span> 
     </span>
     <span class='ocr_line' id='line_1_34' title="bbox 115 2555 913 2626; baseline -0.005 -13"><span class='ocrx_word' id='word_1_243' title='bbox 115 2598 173 2614; x_wconf 86' lang='lat'><strong>....</strong></span> <span class='ocrx_word' id='word_1_244' title='bbox 188 2558 332 2626; x_wconf 66' lang='lat' dir='ltr'>imprimit)</span> <span class='ocrx_word' id='word_1_245' title='bbox 348 2558 411 2625; x_wconf 80' lang='lat' dir='ltr'>quie</span> <span class='ocrx_word' id='word_1_246' title='bbox 428 2564 456 2611; x_wconf 90' lang='lat' dir='ltr'>te</span> <span class='ocrx_word' id='word_1_247' title='bbox 469 2573 598 2612; x_wconf 88' lang='lat' dir='ltr'>summum</span> <span class='ocrx_word' id='word_1_248' title='bbox 611 2557 710 2612; x_wconf 91' lang='lat' dir='ltr'>bonum</span> <span class='ocrx_word' id='word_1_249' title='bbox 723 2556 829 2626; x_wconf 79' lang='lat' dir='ltr'>offendi,</span> <span class='ocrx_word' id='word_1_250' title='bbox 849 2555 913 2624; x_wconf 82' lang='lat' dir='ltr'>quis</span> 
     </span>
     <span class='ocr_line' id='line_1_35' title="bbox 115 2625 912 2697; baseline -0.008 -12"><span class='ocrx_word' id='word_1_251' title='bbox 115 2637 256 2685; x_wconf 88' lang='lat' dir='ltr'>cortuum</span> <span class='ocrx_word' id='word_1_252' title='bbox 281 2629 445 2697; x_wconf 76' lang='lat' dir='ltr'>contristavi,</span> <span class='ocrx_word' id='word_1_253' title='bbox 465 2629 528 2696; x_wconf 83' lang='lat' dir='ltr'>quin</span> <span class='ocrx_word' id='word_1_254' title='bbox 545 2628 668 2697; x_wconf 87' lang='lat' dir='ltr'>displicui</span> <span class='ocrx_word' id='word_1_255' title='bbox 687 2636 714 2682; x_wconf 90' lang='lat' dir='ltr'>et</span> <span class='ocrx_word' id='word_1_256' title='bbox 738 2628 836 2682; x_wconf 86' lang='lat' dir='ltr'>malum</span> <span class='ocrx_word' id='word_1_257' title='bbox 860 2625 912 2680; x_wconf 85' lang='lat' dir='ltr'>ieci</span> 
     </span>
     <span class='ocr_line' id='line_1_36' title="bbox 114 2699 912 2771; baseline -0.006 -16"><span class='ocrx_word' id='word_1_258' title='bbox 114 2702 171 2771; x_wconf 92' lang='lat' dir='ltr'>tibi,</span> <span class='ocrx_word' id='word_1_259' title='bbox 199 2701 255 2768; x_wconf 89' lang='lat' dir='ltr'>qui,</span> <span class='ocrx_word' id='word_1_260' title='bbox 280 2699 343 2753; x_wconf 89' lang='lat' dir='ltr'>licet</span> <span class='ocrx_word' id='word_1_261' title='bbox 362 2700 465 2753; x_wconf 89' lang='lat' dir='ltr'>coelum</span> <span class='ocrx_word' id='word_1_262' title='bbox 483 2715 538 2753; x_wconf 91' lang='lat' dir='ltr'>non</span> <span class='ocrx_word' id='word_1_263' title='bbox 556 2707 628 2755; x_wconf 88' lang='lat' dir='ltr'>esset</span> <span class='ocrx_word' id='word_1_264' title='bbox 650 2715 700 2753; x_wconf 91' lang='lat' dir='ltr'>nec</span> <span class='ocrx_word' id='word_1_265' title='bbox 715 2699 843 2766; x_wconf 87' lang='lat' dir='ltr'>infernus,</span> <span class='ocrx_word' id='word_1_266' title='bbox 861 2711 912 2750; x_wconf 88' lang='lat' dir='ltr'>nec</span> 
     </span>
     <span class='ocr_line' id='line_1_37' title="bbox 113 2769 913 2840; baseline -0.009 -13"><span class='ocrx_word' id='word_1_267' title='bbox 113 2773 263 2840; x_wconf 84' lang='lat' dir='ltr'>proemium</span> <span class='ocrx_word' id='word_1_268' title='bbox 276 2786 325 2824; x_wconf 89' lang='lat' dir='ltr'>nec</span> <span class='ocrx_word' id='word_1_269' title='bbox 339 2785 435 2839; x_wconf 84' lang='lat' dir='ltr'>poena,</span> <span class='ocrx_word' id='word_1_270' title='bbox 455 2777 572 2825; x_wconf 82' lang='lat' dir='ltr'>attamen</span> <span class='ocrx_word' id='word_1_271' title='bbox 581 2769 830 2839; x_wconf 81' lang='lat' dir='ltr'>propterintinitem</span> <span class='ocrx_word' id='word_1_272' title='bbox 839 2775 913 2822; x_wconf 81' lang='lat' dir='ltr'>tuam</span> 
     </span>
     <span class='ocr_line' id='line_1_38' title="bbox 113 2839 910 2911; baseline -0.009 -14"><span class='ocrx_word' id='word_1_273' title='bbox 113 2843 262 2900; x_wconf 78' lang='lat' dir='ltr'>bonitatem</span> <span class='ocrx_word' id='word_1_274' title='bbox 280 2849 308 2896; x_wconf 90' lang='lat' dir='ltr'>et</span> <span class='ocrx_word' id='word_1_275' title='bbox 325 2840 517 2911; x_wconf 87' lang='lat' dir='ltr'>perfectionem</span> <span class='ocrx_word' id='word_1_276' title='bbox 535 2857 596 2898; x_wconf 84' lang='lat' dir='ltr'>eres</span> <span class='ocrx_word' id='word_1_277' title='bbox 624 2849 652 2896; x_wconf 91' lang='lat' dir='ltr'>et</span> <span class='ocrx_word' id='word_1_278' title='bbox 676 2855 705 2894; x_wconf 85' lang='lat' dir='ltr'>es</span> <span class='ocrx_word' id='word_1_279' title='bbox 733 2839 910 2906; x_wconf 78' lang='lat' dir='ltr'>dignissimus,</span> 
     </span>
    </p>
   </div>
   <div class='ocr_carea' id='block_1_4' title="bbox 0 0 1080 3226">
    <p class='ocr_par' dir='ltr' id='par_1_5' title="bbox 0 0 1080 3226">
     <span class='ocr_line' id='line_1_39' title="bbox 0 0 1080 3226; baseline 0 0"><span class='ocrx_word' id='word_1_280' title='bbox 0 0 1080 3226; x_wconf 95' lang='lat' dir='ltr'> </span> 
     </span>
    </p>
   </div>
  </div>
 </body>
</html>
