2138 3226
370 179 427 220 Ordo
441 179 500 218 vitae
515 177 666 221 sacerdotalis,
881 173 921 218 10⁵

121 283 215 339 ritates
230 282 317 366 magis
331 283 399 337 scitu
410 282 576 338 necessarias
590 282 660 336 clare
675 281 841 349 explicando.
866 280 919 336 De·

118 355 199 411 lactet
217 361 338 409 suaviter
357 353 503 422 audientes,
522 361 552 407 ut
569 353 669 407 veritas
688 360 715 406 et
733 353 817 406 virtus
835 353 919 423 magis

118 426 257 495 placeant,
282 425 373 494 captui
391 424 543 479 auditorum
561 439 590 479 sc
609 423 845 492 accommodando,
865 439 920 478 ser-

116 513 225 552 monem
245 503 272 551 et
291 496 388 565 stylum
405 497 533 551 materiae
551 495 707 549 tractandae
734 501 797 562 apte
816 493 920 549 conion-

117 568 225 622 mando.
262 567 374 622 Moveat
392 569 489 622 acriter
506 575 663 636 peccantem
691 581 752 633 eoa,
778 573 808 619 ut
825 566 919 634 resipi-

117 647 201 708 scant,
216 646 275 694 toto
291 639 458 706 eloquentiae
473 645 579 706 conatu,
592 639 656 692 totis
670 638 721 691 zeli
733 637 841 704 viribus,
856 638 929 700 totis

114 712 252 765 cadonum
269 711 408 765 momentis
426 709 583 778 inducendo,
601 708 771 777 impellendo,
790 707 919 777 urgendo.

115 782 159 836 lta
177 781 292 837 odibiles
310 781 436 835 vitiomm
448 781 523 835 labes
542 789 569 835 et
582 780 725 834 foeditates
739 780 808 835 viris
827 778 918 832 adnm·

114 853 178 907 bret
196 853 339 922 coloribus,
362 853 401 906 ita
419 852 547 912 amabiles
566 853 694 906 virtutum
720 851 796 906 dotes
816 858 843 904 ct
861 850 919 904 ille-

114 925 211 978 cebraa
226 924 353 992 graphice
368 923 502 992 depingat,
517 932 548 976 ιιι
561 923 703 990 unicnique
717 921 832 977 studium
846 921 919 989 boni,

115 996 208 1050 odium
222 995 285 1048 mali
299 994 465 1049 efficicaciter
474 994 595 1050 suadeat.
611 993 729 1048 Grandia
743 994 849 1062 diserte,
864 1008 918 1047 me-

114 1066 220 1121 diocria
237 1073 400 1134 temperate,
429 1067 578 1120 communia
601 1065 755 1134 simpliciter
772 1079 919 1134 prosequa-

113 1145 168 1192 tur.
201 1137 335 1206 Imprimis
354 1143 467 1206 satagat,
485 1145 516 1191 ut
534 1137 611 1190 dictis
629 1136 701 1190 facta
715 1143 869 1204 consonent,
888 1143 919 1190 ut

113 1210 173 1263 vita
191 1209 309 1262 sermoni
323 1207 479 1276 concordet,
499 1208 560 1276 plus
579 1208 648 1261 enim
665 1207 787 1275 exempla
800 1215 917 1275 movent,

116 1296 199 1347 quarn
217 1279 309 1334 verba.
337 1279 399 1334 Vox
416 1280 470 1334 oris
485 1285 571 1348 sonat,
589 1295 643 1332 vox
662 1280 751 1348 operis
769 1285 862 1336 tonat.
874 1319 880 1332 .
893 1319 918 1331 ..

113 1351 241 1419 Longum
259 1351 311 1404 iter
328 1365 378 1420 per
402 1358 563 1419 praecepta,
591 1350 673 1404 breve
701 1359 728 1404 et
752 1349 845 1404 efficax
870 1364 920 1418 per

116 1422 242 1490 exempla
258 1463 264 1475 .
280 1463 288 1478 .
302 1462 330 1479 ..
351 1421 446 1490 Coepit
459 1423 539 1476 Jesus
555 1421 644 1476 iacere
663 1429 689 1475 et
704 1421 808 1475 docere.
834 1421 918 1474 Num·

116 1509 200 1562 quam
214 1494 340 1562 seipsum,
355 1494 441 1547 autin
454 1493 496 1547 sui
509 1494 631 1562 gratiam,
645 1492 693 1547 sed
707 1507 813 1561 semper
826 1491 920 1546 iesum

117 1565 264 1633 Christum,
283 1571 311 1618 et
329 1565 386 1619 eius
404 1563 516 1634 gloriam
533 1564 679 1632 praedicet.
698 1563 721 1617 0
740 1564 811 1617 bona
829 1569 856 1616 et
875 1577 919 1615 ex-

115 1636 222 1691 cellens
240 1635 416 1704 praedicatio,
434 1653 493 1690 curn
512 1635 648 1690 auditores
667 1634 700 1688 de
718 1633 841 1687 laudibus
860 1647 919 1686 ora·

118 1707 188 1762 toris
208 1722 304 1774 pamm
322 1715 424 1775 curant,
453 1707 502 1762 sed
520 1706 553 1760 de
577 1707 634 1760 vita
651 1703 818 1760 emendanda
841 1703 919 1757 etde

117 1777 427 1834 moribusreiormandis
437 1779 507 1832 aerio
517 1779 680 1846 recogitanti
715 1776 758 1830 Sic
771 1775 919 1828 afficieban-

116 1855 171 1918 tur,
193 1849 240 1916 qui
254 1847 397 1903 audiebant
410 1849 565 1917 Apostolos,
579 1857 610 1902 ut
622 1850 831 1916 interrogarent:
848 1845 920 1918 Quid

115 1921 260 1988 sumemus,
288 1922 343 1974 viri
364 1919 488 1987 fratrea?
505 1951 540 1959 -
560 1919 588 1973 Si
611 1919 775 1987 praedicatio
803 1917 838 1972 ad
859 1934 919 1986 pcr-

119 2007 204 2047 sonas
223 1997 312 2045 aetate
326 2007 422 2059 graves
440 1992 508 2045 tanti
522 1991 627 2045 videtur
640 1991 768 2044 momenti
781 1989 920 2044 instructio

119 2062 326 2132 parvulorum1)
345 2063 453 2118 maioris
472 2061 559 2116 a'dhuc
573 2061 678 2117 censeri
692 2061 772 2116 debet
784 2060 920 2130 ponderis,

141 2200 165 2251 1)
180 2201 225 2243 cir.
239 2201 375 2252 lambertini
397 2203 470 2245 Instit.
491 2199 511 2246 9.
527 2223 550 2232 -
572 2201 686 2252 „Singulis
703 2201 779 2242 diebus
801 2200 921 2242 Dominicis

173 2267 296 2307 catechesis
314 2268 338 2307 ln
353 2268 444 2307 ecclesia
461 2277 502 2316 pro
521 2268 634 2308 iuventute
654 2267 791 2317 provectiore
813 2267 922 2306 habeatur

171 2334 228 2392 hora
241 2333 412 2381 pomeridians.“
426 2333 570 2384 (donatores.
585 2334 626 2378 Col,
640 2347 660 2376 a.
675 2331 736 2373 isco.
749 2345 765 2383 p
787 2331 841 2378 101.)
870 2330 922 2380 „In-

173 2398 311 2440 stantlssims
325 2399 470 2439 admonentur
483 2399 574 2448 parochi
588 2401 611 2438 et
625 2402 729 2448 ractores,
743 2401 769 2438 ιιι
778 2397 867 2437 easdem
882 2394 921 2445 (sc.

172 2465 270 2515 scholas)
288 2466 307 2505 si
321 2467 368 2505 lieri
377 2467 458 2515 potest,
474 2467 572 2515 quotidie
585 2467 619 2505 rel
632 2466 710 2506 saltem
722 2466 756 2505 bis
767 2464 859 2513 singulis
869 2463 921 2502 heb·

172 2531 305 2570 dcmadlbus
319 2531 411 2580 adeant3
427 2532 492 2580 idque
506 2533 581 2570 eadem
591 2531 759 2580 praescribimus
773 2533 822 2578 iege
836 2533 858 2568 et
868 2527 921 2567 obli·

173 2599 272 2647 gatione,
281 2605 324 2646 qua
335 2598 454 2638 concilium
464 2597 614 2636 Tridentinnm
621 2597 809 2646 praedicationem
818 2594 878 2633 vorbi
890 2594 921 2632 di·

171 2664 218 2703 vini
233 2663 326 2712 singulis
339 2663 414 2704 diebus
429 2664 549 2704 Dominicis
567 2664 720 2712 praescribit‘*
744 2663 811 2712 (ibid.
826 2673 847 2712 p.
863 2659 921 2710 132.)

171 2731 273 2779 „Pueros
283 2733 306 2769 et
314 2730 405 2779 puellas,
419 2733 445 2769 ut
458 2731 580 2770 doctrinam
590 2731 733 2770 christianam
746 2729 842 2768 discendi
852 2738 919 2767 causa

171 2795 203 2834 ad
217 2795 331 2834 ecclesiam
344 2797 409 2835 statis
418 2795 494 2835 diebus
508 2795 620 2842 accedant,
634 2797 787 2844 parentesque,
801 2795 874 2831 utens
888 2791 921 2828 dl·

171 2860 269 2909 mittant,
283 2861 408 2909 monendos,
418 2861 537 2901 hortandos
547 2862 569 2899 et
579 2860 679 2899 omnibus
690 2856 815 2897 christianis
829 2855 917 2894 artibus
