2124 3230
170 171 214 214 882
240 147 248 168 x
340 177 374 218 De
387 177 535 219 celebratione
549 177 587 220 SE.
601 177 684 220 liissae
698 179 806 223 mmmm,

172 276 279 346 emas,
293 282 322 331 et
335 284 440 332 secreto
452 278 638 348 prosequitur:
652 281 780 334 utistres
794 286 845 335 otc.
865 280 972 348 Quibus

170 348 251 402 tertio
270 347 347 404 dictis
365 364 400 402 ex
419 351 528 404 sinistra
545 351 642 419 accipit
666 351 758 405 ambas
782 359 874 419 partes
891 368 974 420 prse-

172 417 258 476 diotas
270 419 376 479 hostiae
390 422 460 474 inter
473 421 596 488 pollicem
617 428 645 475 et
657 421 771 476 indicem
789 422 902 478 dextrae
915 440 972 478 ms·

170 506 230 559 nus,
249 498 277 544 et
294 507 354 544 cum
365 492 412 545 illa
425 507 508 560 supra
521 500 646 560 patenam
660 493 749 561 signat
762 494 879 561 seipsum
893 495 974 562 signo

172 561 272 630 erucis,
291 562 451 632 luctamen,
475 571 506 617 ut
522 563 612 618 hostio
630 579 684 618 non
703 563 855 632 egrediatur
872 565 972 622 limites

170 638 294 702 patenae,
314 633 418 691 dicens:
446 633 550 702 Corpus
563 635 677 688 Domini
688 637 776 689 nomia·
787 635 854 690 Jeso
869 635 974 691 Christi

171 704 291 773 (inclinat
315 712 395 772 ceput
420 705 449 760 S.
469 705 504 759 R.
527 705 555 761 Ο.
569 709 615 761 24.
630 705 702 774 Sept.
725 708 975 774 redamaremus

174 775 295 828 enimam
311 791 398 830 mecm
416 783 467 831 etc.
487 782 557 830 etse
571 777 708 845 inclinans,
727 776 823 832 cubitis
837 793 919 846 super
934 780 971 833 al·

170 851 229 900 tare
246 846 350 914 positis,
368 855 524 901 reverenter
536 847 644 902 easdem
657 848 748 902 ambas
769 855 861 916 partes
875 851 974 920 sumit;

172 916 268 984 quibus
282 918 405 985 sumptis
415 918 526 986 deponit
538 925 665 987 patenam
679 934 761 987 snper
774 920 924 988 corporale,
944 929 972 975 et

171 987 277 1054 erigens
303 1001 348 1057 se,
376 989 473 1044 iunctis
497 989 628 1045 indicibus
653 997 681 1044 et
705 991 859 1059 pollicibus,
879 992 973 1047 ambas

171 1072 277 1126 quoqne
295 1073 389 1114 manus
408 1068 471 1114 ante
492 1059 588 1114 faciem
611 1061 697 1129 iungit
721 1069 750 1116 et
776 1053 972 1129 aliquantolum

171 1129 321 1196 quiescitin
329 1129 501 1186 meditatione
511 1132 670 1186 sanctissimi
679 1132 851 1186 decrementi.
865 1133 973 1188 Deinde

172 1199 302 1282 depositis
315 1202 437 1257 manibus
451 1202 514 1257 dicit
529 1210 644 1258 secreto:
666 1203 738 1288 Quid
750 1203 899 1288 secretana
912 1203 972 1258 Do·

170 1273 467 1413 tttttzttttt
486 1273 970 1415 ffimrli'mlffi

173 1427 244 1482 nam,
262 1414 369 1482 inspicit
387 1417 534 1485 corporale,
560 1415 660 1485 colligit
676 1415 827 1485 fragmenta
844 1433 904 1470 cum
922 1433 970 1486 pa-

169 1489 241 1553 tena,
260 1485 283 1539 si
301 1499 370 1553 quoe
389 1487 492 1541 suntin
506 1503 547 1555 eo,
564 1494 691 1555 patenam
704 1501 811 1556 quoque
826 1486 971 1557 diligenter

170 1570 229 1610 cum
247 1557 390 1624 pollice-et
406 1557 494 1612 indice
511 1557 622 1612 dextrae
648 1574 741 1613 manus
760 1573 842 1627 super
859 1559 969 1614 calicem

170 1629 295 1696 extergit,
315 1635 342 1683 et
359 1627 434 1697 ipsos
452 1628 560 1698 digitos,
577 1643 612 1683 ne
631 1628 695 1697 quid
711 1629 923 1698 fragmentorum
941 1632 970 1684 in

171 1697 210 1753 eis
228 1706 372 1754 remaneat.
381 1699 401 1768 1)
437 1699 504 1766 Post
522 1707 699 1755 extersionem
716 1708 845 1770 patenae,
871 1702 970 1756 iunctis

169 1769 311 1838 pollicibus
330 1777 357 1824 et
373 1769 520 1839 indicibus,
547 1772 657 1826 calicem
680 1771 776 1826 dextra
801 1787 881 1826 manu
898 1772 970 1826 infre

169 1839 269 1895 nodum
282 1855 386 1910 cuppae
400 1842 503 1912 accipit,
522 1842 630 1898 sinistre
641 1850 776 1912 patenam,
795 1842 900 1898 diceris:
919 1843 972 1897 Oo-
1053 1848 1055 1857 '

170 1911 246 1964 licem
264 1913 395 1966 salutarie
412 1919 463 1969 etc.
482 1920 509 1967 et
527 1914 634 1981 signans
652 1929 683 1969 se
701 1913 777 1982 signo
797 1915 883 1969 crucis
908 1931 969 1968 euru

170 1981 252 2036 calice
271 1981 346 2037 dicit:
365 1983 485 2053 Sanguis
501 1985 616 2038 Domini
630 1987 734 2052 cotim
752 2001 811 2039 cum
825 1985 890 2039 dicit
901 1985 971 2040 Jeeu

172 2051 274 2106 tiones
290 2061 371 2121 ceput
387 2055 497 2110 modoet
516 2055 556 2122 (S.
574 2056 609 2109 rt
630 2055 659 2110 0.
677 2059 722 2109 24.
740 2055 814 2124 Sept.
831 2058 923 2122 1842.)
943 2062 973 2109 et

170 2135 251 2176 manu
268 2124 377 2179 sinistra
394 2141 547 2195 supponens
560 2134 686 2194 patenam
699 2127 782 2196 culici,
802 2133 876 2182 stans
890 2141 968 2182 rese·

170 2200 262 2248 renter
279 2196 360 2250 sumit
376 2202 462 2250 totum
476 2197 639 2266 Sanguinem
657 2213 716 2252 cum
734 2198 867 2266 particule
883 2199 913 2252 in
925 2213 971 2252 ca·

169 2264 222 2318 lice
240 2266 369 2334 positu)
408 2267 510 2336 Quibus
529 2269 641 2337 sumptis
660 2269 757 2338 (siqui
775 2277 837 2324 sunt
854 2283 972 2324 commu·

183 2386 208 2436 1)
221 2389 244 2430 st
257 2399 309 2430 vero
322 2391 397 2432 edom
411 2393 496 2432 hostlne
510 2397 653 2434 oonsecrstse
672 2404 738 2444 snper
756 2393 870 2448 corporale
884 2394 971 2444 positse

222 2465 262 2504 pro
277 2455 322 2494 sllo
341 2459 439 2506 tempore
454 2457 627 2507 conservandae,
650 2459 709 2498 iacta
727 2459 788 2509 prlne
809 2457 970 2508 genuflexione,

224 2521 312 2570 reponit
326 2533 362 2561 eas
376 2523 399 2562 ln
413 2534 452 2563 vas
466 2524 494 2563 ed
508 2524 550 2564 hoc
561 2525 693 2573 ordinatum,
708 2527 729 2564 et
739 2525 856 2574 diligenter
865 2525 970 2574 advertit,

222 2597 249 2625 ne
263 2587 351 2638 aliquod
366 2590 513 2639 fragmentum
526 2593 725 2642 quantumcumque
734 2591 847 2631 minimum
856 2595 970 2631 remanent

222 2661 289 2701 supra
303 2655 430 2704 corporele;
445 2655 522 2704 quodsi
530 2657 604 2705 luerit,
620 2661 723 2696 accurate
736 2658 825 2706 reponit
839 2657 862 2696 ln
878 2658 968 2697 calicem

222 2717 274 2766 (Be.
290 2719 363 2759 celebr.
378 2720 440 2760 lior.
456 2723 482 2765 X.
496 2721 533 2773 5.).

183 2776 204 2831 ⁹)
218 2781 309 2830 eumpse
323 2784 361 2827 SS.
381 2786 498 2835 Sanguine,
521 2789 572 2826 anie
586 2787 768 2838 purificationem,
792 2789 864 2840 pyxis,
886 2791 911 2829 lm
925 2801 969 2840 qus

222 2847 319 2890 minores
331 2849 418 2890 nortus
431 2853 573 2890 consecratos
587 2854 648 2902 sunt,
667 2853 686 2891 sl
699 2863 764 2893 nemo
777 2855 971 2906 communiendos
