2106 3228
138 145 165 189 58
308 147 416 189 bituriae
429 147 585 188 nonnullarum
598 147 772 188 meditationum.

135 239 245 306 'odones
263 266 319 305 una
335 251 462 305 sanctitas
481 248 689 318 comprehendit,
716 255 744 303 et
760 248 821 302 ideo
839 250 944 318 praeci·
1049 257 1050 320 j

143 337 197 391 pue
214 329 385 376 memoratur.
423 321 490 376 Cum
513 321 599 376 omnis
617 329 741 374 creatura
757 321 793 374 sit
809 320 944 388 quaedam

142 393 256 448 imitatio
274 393 342 462 Dei,
366 400 396 448 ut
414 408 506 447 omnes
524 392 577 446 Dei
593 391 771 460 perfectiones
788 407 838 446 nos
855 393 945 446 imite-

144 481 213 534 mur,
232 465 359 520 sanctitas
377 465 436 518 sola
452 463 580 518 imitanda
595 463 767 532 proponitur:
786 465 875 516 sandi
891 465 944 517 era*-
1049 483 1050 530 3

144 537 188 604 tis,
217 538 283 604 qaia
301 551 348 605 epo
366 541 476 588 suadas
492 551 568 602 mm,-
593 551 647 588 non
664 533 792 602 potentia,
818 533 941 603 altitudo,

74 619 77 626 ’
145 607 272 676 scientia,
300 622 379 674 quam
397 607 547 660 ambierunt
563 605 659 673 Angeli
687 611 714 658 et
731 605 832 672 primus
850 605 943 674 homo,

144 684 172 732 et
188 678 250 732 ideo
268 678 338 730 male
356 677 501 744 perierunt.
533 677 592 730 Hoc
610 691 674 744 ergo
694 691 753 744 age,
771 682 801 729 ut
813 675 866 730 Dei
880 692 941 731 san·

92 803 95 809 ,
143 749 262 803 etitatem
281 748 400 804 imiteris.
437 747 491 801 Sed
510 755 637 815 quantum
655 747 734 802 abes!

141 874 190 931 58.
208 872 389 925 Meditatio:
413 871 471 925 Pro
498 872 664 925 solemnitate
683 871 810 940 corporae
830 868 942 927 Chresti.

178 960 199 1015 I.
226 959 289 1012 Hoo
307 964 346 1012 eat
368 959 472 1028 Corpus
484 975 589 1026 meam5
605 959 649 1013 bic
666 965 704 1014 esi
722 959 842 1027 Scapula
857 973 942 1011 metas.

143 1029 248 1099 (Matth.
262 1030 316 1099 26.)
345 1029 419 1083 Idem
435 1031 652 1099 innEucharistia
670 1037 712 1084 est
730 1030 841 1097 Corpus,
868 1029 942 1096 quod

142 1099 171 1154 iu
187 1101 370 1154 incarnatione
389 1107 553 1169 assumptum
577 1110 637 1170 est,
664 1101 734 1155 idern
753 1100 942 1168 Sagarisque

141 1171 170 1224 in
188 1187 265 1226 cruce
284 1171 392 1226 effirsus.
425 1172 522 1239 Quanti
537 1174 635 1227 amoris
653 1188 722 1241 opus
736 1179 778 1226 est
791 1171 941 1225 incarnatio

142 1248 170 1297 et
187 1258 260 1297 mors
279 1242 392 1312 Christi,
419 1245 487 1297 tanti
514 1250 556 1298 est
583 1243 733 1312 suiipsius
758 1241 887 1296 exhibitio
912 1242 942 1295 in

141 1312 320 1371 Eucharistia.
358 1314 474 1368 Tantum
492 1329 556 1382 ergo
575 1314 658 1368 debes
677 1314 783 1368 Christo
802 1314 942 1381 perhanc

142 1383 178 1438 ad
195 1391 222 1438 te
239 1384 365 1452 venienti,
388 1391 516 1452 quantum
533 1391 606 1440 totus
623 1385 737 1440 mundus
754 1385 893 1438 incarnato
913 1391 942 1438 et
1049 1411 1050 1440 i

141 1462 256 1509 mortuo.
294 1454 456 1524 ODomine,
476 1457 535 1523 quis
553 1462 583 1509 tu
601 1471 638 1525 es,
665 1456 770 1523 etquis
789 1456 942 1523 sumegoi
1049 1467 1050 1476 ¹

142 1526 180 1580 Et
196 1533 294 1596 tamen,
313 1542 392 1594 quam
405 1543 500 1595 parum
519 1527 569 1581 tibi
588 1527 709 1595 obsequii
722 1525 830 1580 reddo'?
857 1525 946 1593 Quam

141 1597 254 1652 multum
270 1599 336 1652 mihi
352 1599 413 1667 ipsi,
432 1605 460 1652 et
476 1599 601 1652 vanitati!

179 1670 214 1722 II.
244 1669 299 1740 Qui
314 1669 463 1724 manducat
480 1685 566 1723 meam
586 1668 708 1735 Gomara,
728 1673 754 1721 ei
771 1667 838 1721 bibit
855 1683 947 1722 meam

130 1737 317 1809 sanquinem,
330 1742 360 1794 o'a
371 1757 412 1794 me
423 1745 521 1809 meaa,
535 1747 560 1794 ct
573 1753 620 1810 ayo
633 1741 664 1793 a'a
678 1755 715 1793 eo.
731 1739 759 1808 (J
759 1754 819 1793 oen.
830 1738 865 1807 6.)
886 1737 944 1792 Sub

142 1811 283 1878 speciebus
297 1812 375 1879 panis
390 1818 417 1866 et
429 1812 485 1884 ¹viui
506 1821 535 1866 se
555 1811 657 1865 abdidit
671 1810 800 1879 Christus,
820 1817 851 1863 ut
864 1810 945 1865 nobis

144 1880 369 1949 incorporaretur,
390 1889 417 1936 et
430 1889 460 1936 ut
473 1889 593 1936 nostrum
608 1882 761 1935 alimentum
773 1880 902 1934 transiret
915 1882 945 1935 in

142 1951 325 2007 substantiam.
353 1953 436 2008 Vides
450 1968 566 2007 amorem
585 1968 650 2020 erga
662 1960 698 2021 te,
719 1966 771 2019 quo
785 1952 867 2006 lesus
880 1953 941 2006 vult

140 2029 229 2077 tecum
246 2039 329 2077 unum
345 2022 423 2078 lieri?
456 2023 541 2091 Quam
555 2039 619 2092 ergo
634 2023 714 2078 debet
726 2038 823 2090 purum
837 2037 898 2077 esse
914 2031 943 2078 et
1049 2081 1050 2088 ,

140 2093 337 2165 immaculatum
365 2097 516 2149 cortuum!
554 2095 639 2162 Quam
658 2095 691 2148 ab
710 2094 781 2147 omni
799 2100 892 2148 oreata
905 2097 941 2148 're

140 2165 269 2234 avulsum,
289 2172 317 2220 et
330 2166 376 2219 uni
388 2166 447 2220 Deo
463 2165 624 2220 adhaerens!
652 2165 703 2232 Qui
717 2165 787 2219 enim
801 2172 874 2219 amat
887 2165 943 2219 alia

139 2242 249 2305 praeter
265 2236 377 2306 Deum,
387 2251 455 2304 quae
473 2253 528 2291 non
546 2243 619 2291 amat
635 2242 747 2304 propter
764 2235 865 2306 Deum,
885 2252 941 2290 non

140 2314 220 2376 amat,
238 2307 375 2376 uidebat,
393 2309 489 2362 Deum.

175 2379 223 2434 ΙΙΙ.
255 2377 326 2433 Caro
343 2395 403 2433 meo
420 2395 480 2433 cere
498 2383 537 2432 eet
554 2378 643 2448 eabae,
671 2383 696 2431 et
719 2376 839 2448 Scapula
864 2394 941 2433 mm

139 2464 200 2504 aare
217 2454 255 2504 eet
265 2455 357 2518 potas.
376 2449 464 2519 (lbid.)
491 2449 528 2504 Ut
549 2449 631 2503 vitem
648 2450 799 2504 viveremus
812 2449 941 2519 divinam,

141 2519 259 2574 divinum
277 2521 398 2575 exhihuit
417 2521 576 2575 alimentum.
608 2520 702 2574 Noluit
718 2521 746 2573 in
765 2519 941 2575 sacramento

139 2591 192 2646 hoo
205 2605 362 2660 permanere
377 2592 456 2646 aliam
470 2592 653 2660 substantiam,
671 2599 702 2646 ut
715 2591 774 2659 ipse
789 2591 942 2646 substantia

140 2663 183 2718 sui
201 2662 327 2731 Corporis
353 2669 381 2717 et
399 2662 541 2730 Sanguinis
558 2678 608 2718 nos
627 2663 745 2717 satiaret.
781 2661 879 2716 Nonne
898 2670 942 2717 est

140 2732 192 2787 hoc
211 2735 308 2790 amoris
326 2749 390 2789 vere
408 2733 491 2788 divini
509 2733 714 2803 argumentum?
733 2733 871 2800 Numquid
884 2749 941 2788 uon

141 2803 252 2860 deberet
268 2805 312 2861 hic
330 2805 405 2862 cibus
420 2819 526 2862 omnem
538 2820 626 2860 meum
645 2804 794 2874 appetitum
808 2805 940 2874 explere?
