2098 3222
304 183 419 224 Orationes
432 183 539 240 quasdem
553 182 660 230 publicas.
847 179 885 224 ite

311 281 333 330 7)
347 282 418 322 Oratio
429 295 471 333 pro
485 282 540 332 usqe
554 283 660 324 comatico.

244 358 264 387 s.
284 347 380 396 Singulis
394 347 471 387 diebus
485 348 604 387 Dominicis
619 350 640 386 et
654 348 722 388 tastis.

125 412 155 467 V.
174 411 296 536 Domine,
316 412 418 466 saivum
436 410 479 466 fac
497 427 604 466 servum
622 419 705 481 tunm,
728 425 819 479 regem
837 427 884 466 no·

85 491 169 540 strum
214 525 221 539 .

119 555 155 609 R.
174 554 211 608 Et
229 552 325 608 exaudi
343 570 392 609 nos
410 554 438 606 in
457 553 508 622 die,
527 570 580 622 qua
597 550 864 612 invocaverimus‘te.

126 626 157 680 V.
176 625 299 693 Domine,
319 624 416 680 exaudi
431 626 582 680 orationem
599 640 694 694 meam,
714 631 763 679 etc.

126 697 157 751 V.
174 697 306 751 Dominus
322 696 468 766 vobiscum,
487 704 537 751 etc.

29 777 35 790 '
123 767 242 825 Oramus.
261 768 435 836 Quaesumus,
453 769 620 836 omnipotens
634 767 717 835 Deus,
731 765 883 821 utfamulus

85 846 148 894 tuus
164 839 198 895 N.
212 854 261 893 rex
270 848 369 907 noster,
386 840 431 907 qui
440 846 488 894 tua
496 839 667 894 miseratione
680 839 797 906 suscepit
808 837 884 906 regni

86 911 274 979 gubernacula,
288 912 417 965 viritutum
431 911 510 965 etiam
525 911 642 965 omnium
655 910 787 978 percipiat
799 910 884 963 incre·

86 990 183 1049 menta,
201 982 297 1049 quibus
312 981 438 1037 decenter
450 989 568 1051 ornatus,
588 988 616 1035 et
628 981 753 1036 vitiorum
766 990 885 1034 monstra

87 1051 215 1118 devitare,
229 1060 257 1108 et
269 1052 304 1106 ad
317 1059 352 1121 te,
363 1054 409 1121 qui
419 1053 471 1119 via,
484 1054 585 1108 veritas
593 1060 621 1108 et
630 1053 687 1106 vita
699 1067 737 1122 es,
750 1052 884 1120 gratiosus

85 1125 176 1179 valeat
193 1124 343 1192 pervenire.
379 1125 433 1177 Per
450 1124 593 1178 Dominum
611 1130 731 1179 nostrum
749 1130 799 1180 etc.
810 1123 829 1192 1)

267 1219 288 1260 b.
303 1219 344 1258 Dis
358 1221 493 1260 onomastiao
507 1225 529 1259 et
542 1221 614 1260 natali
627 1221 700 1270 Bagis.

124 1283 239 1338 daniam
259 1283 317 1352 „Te
335 1284 440 1338 Deum“
458 1285 645 1354 subinnuitur:

125 1354 156 1408 V.
175 1353 368 1410 Benedicamus
386 1355 494 1410 Patrem
513 1363 563 1410 eto.

125 1425 157 1480 V,
176 1434 208 1484 (Si
222 1436 345 1484 expositum
360 1423 393 1475 es't
407 1436 444 1478 Sfl.
459 1437 569 1483 Sacram.)
581 1426 683 1480 Panem
697 1425 729 1480 de
744 1427 820 1481 00010
834 1433 884 1484 etc.

126 1496 157 1552 V.
175 1497 297 1622 Dffmine,
317 1499 419 1553 salvum
436 1498 479 1552 fac
497 1514 604 1553 servum
622 1504 705 1566 mum,
728 1512 819 1565 regam
837 1515 885 1553 no-

86 1574 170 1624 strum
215 1610 221 1621 .

122 1638 157 1692 R.
175 1640 213 1694 Et
231 1640 328 1695 exaudi
345 1656 394 1695 nos
412 1641 440 1694 in
457 1640 510 1709 dis,
529 1631 583 1708 dna
599 1640 811 1694 invocaverimus
829 1646 866 1696 te.

127 1710 158 1765 V.
176 1711 298 1780 Domine,
318 1711 415 1766 exaudi
434 1712 582 1767 orationem
600 1727 694 1780 meam,
714 1717 764 1769 etc.

128 1781 158 1834 V.
177 1783 306 1838 Dominus
324 1783 469 1852 vobiscum,
489 1791 539 1837 etc.

126 1850 244 1908 Oramus.
273 1854 446 1924 Omnipotens
460 1854 621 1922 sempiterne
634 1851 718 1922 Deus,
732 1852 778 1920 qui
789 1851 886 1906 dedisti

88 1921 194 1980 famulis
212 1926 265 1980 tuis
283 1927 311 1979 in
325 1924 491 1981 confessione
509 1940 590 1980 verae
603 1923 668 1978 fidei
687 1931 812 1979 aeternae
827 1923 886 1977 Tri·

87 1995 179 2051 nitatis
196 1997 308 2064 gloriam
326 2012 484 2066 agnoscere,
510 2005 537 2052 et
554 1997 582 2050 in
599 1997 721 2064 potantia
737 1995 885 2050 maiestatis

88 2066 203 2122 adorare
216 2069 360 2137 unitatem3
379 2083 548 2136 quaesumus,
561 2074 592 2122 nt
605 2066 724 2122 eiusdem
732 2065 795 2120 fidei
804 2064 884 2120 firmi·

87 2145 144 2193 tate
163 2139 196 2194 ab
216 2139 337 2195 omnibus
356 2155 461 2208 semper
479 2140 628 2194 muniamur
646 2137 774 2192 adversis.

126 2211 218 2280 (Deus,
245 2211 290 2279 qui
308 2211 385 2266 nobis
404 2212 453 2266 sub
473 2207 644 2266 Sacramenta
663 2216 712 2264 stc.
727 2224 794 2278 puy.
813 2208 884 2273 715.)

125 2281 300 2352 Quaesumus,
313 2283 480 2352 omnipotens
487 2283 561 2336 Deus
570 2288 621 2336 etc.
635 2293 657 2328 at
670 2301 735 2340 supra
752 2291 776 2329 a·
788 2289 825 2328 aas
836 2300 887 2338 ras·

301 2379 324 2429 θ)
339 2379 429 2420 Ocilseta
441 2392 480 2430 pro
491 2380 590 2429 suspicies
604 2382 677 2421 terroe.

90 2442 143 2482 Posi
152 2443 243 2484 Missam
257 2456 271 2485 s
285 2445 435 2485 sacerdotibus
446 2445 566 2492 recitanda,
581 2447 621 2484 ant
634 2443 744 2484 cantanda
758 2443 887 2484 inuenero

300 2509 369 2547 nsque
383 2497 410 2538 sd
424 2499 506 2537 isstnm
520 2497 541 2537 S.
556 2497 678 2537 Michaelis.

336 2565 379 2613 (nx
394 2565 479 2605 nassau
492 2553 640 2614 ursiniano.)

131 2625 162 2684 V.
181 2625 298 2683 Ostende
316 2630 409 2698 nobis,
434 2630 556 2698 Domine,
581 2627 789 2683 misericordiam
806 2633 888 2696 tum,

127 2695 162 2750 R.
180 2697 217 2751 Et
235 2699 352 2756 salutare
370 2709 446 2756 tuum
464 2699 607 2756 danobis!

86 2776 252 2790 *-

105 2806 126 2854 ι)
140 2807 173 2900 VH*
182 2809 313 2902 Jfltnfflrias
338 2811 448 2851 OrationIs
472 2810 582 2850 ccneinsic
602 2820 629 2848 cx
648 2809 735 2848 decreto
754 2805 774 2848 Β.
790 2806 815 2850 Β,
829 2805 851 2846 0.
866 2802 891 2846 8.

168 2873 182 2901 a
202 2889 207 2901 .
273 2889 279 2902 .
