2138 3226
162 159 206 204 em
332 163 446 210 Quaedem
460 173 500 213 pro
514 164 624 204 exercitlls
638 165 795 213 spiritualibus.

198 265 244 320 110
261 265 305 319 An
321 271 409 320 totum
425 273 531 334 tempus
548 266 576 319 in
594 265 766 320 meditatione
785 264 915 332 explevi?

200 337 247 392 12⁰
264 337 308 390 An
327 338 396 392 serio
416 344 444 391 et
461 343 614 392 constanter
632 337 748 390 animum
766 336 916 404 applicavi?

200 409 247 462 130
263 409 307 462 An
333 409 361 461 in
385 408 523 476 colloquiis
550 407 709 476 praesertim
732 407 910 462 reverentiam
928 407 965 478 [et

162 479 300 534 fervorem
318 479 447 533 adhibui?

199 551 245 605 140
271 551 315 604 An
348 556 449 605 attente
476 550 529 604 leci
560 547 736 604 reflexionem
762 555 825 618 post
849 549 963 606 medita·

160 622 284 677 tionem?

199 694 245 746 15⁰
263 693 307 746 An
324 692 425 746 lumina
443 698 471 746 et
487 691 628 760 proposita
644 691 764 745 breviter
781 692 894 745 notavi?

200 763 246 818 17⁰
264 765 307 888 in
325 779 380 818 non
395 763 450 831 legi
467 778 512 818 res
536 779 590 818 uon
614 763 781 831 pertinentes
799 761 833 816 ad
850 762 965 817 medita-

162 835 263 890 tionem

378 959 504 1014 l’ealmus
523 961 572 1014 50.
605 959 747 1014 Miserere.

152 1095 155 1102 ·
200 1064 335 1119 Gcotores.
360 1065 491 1119 Miserere
509 1065 570 1134 mei,
588 1065 672 1133 Deus,
691 1066 703 1092 i
722 1063 868 1119 secundum
886 1079 962 1133 mag-

163 1151 226 1190 nam
243 1135 452 1191 misericordiam
469 1143 551 1189 tuam.

201 1205 303 1260 Omnes.
323 1207 440 1276 Parce¹)
459 1207 584 1274 Domine,
597 1223 684 1276 parce
692 1207 796 1276 populo
810 1213 865 1276 tate,
885 1223 964 1276 quem

163 1278 301 1332 redemisti
312 1279 432 1346 pretioso
451 1278 590 1347 Scaptiae
607 1284 661 1332 too.

200 1349 238 1403 Et
253 1348 397 1404 secundum
412 1348 608 1404 multitudinem
621 1348 821 1403 miserationum
830 1349 962 1404 tuarum*

165 1419 224 1475 dele
243 1419 409 1487 iniquitatem
427 1423 528 1474 meeml

198 1491 321 1560 Amplius
337 1493 401 1546 lava
424 1507 466 1546 me
486 1492 519 1546 ab
537 1491 676 1567 iniquitate
695 1507 768 1546 mea:
787 1493 799 1519 *
819 1499 846 1546 et
865 1507 881 1545 a
898 1506 961 1561 peo-

164 1569 223 1618 1111
241 1579 301 1618 meo
319 1562 419 1618 munda
435 1565 492 1616 mel

202 1634 333 1704 Quoniam
354 1634 520 1704 iniquitatem
546 1649 633 1688 meam
661 1649 711 1702 ego
737 1648 883 1701 cognosco:
903 1635 916 1660 *
935 1639 963 1689 et

165 1713 306 1775 peccatum
322 1721 411 1760 meum
430 1712 522 1760 contra
539 1721 582 1760 1111
601 1711 642 1760 est
660 1718 774 1773 semper.

201 1777 263 1831 Tibi
281 1778 331 1832 soli
348 1777 466 1846 peccavi,
492 1783 519 1831 et
536 1776 634 1830 malum
657 1791 747 1830 coram
771 1783 798 1830 te
816 1775 882 1831 ieci:
901 1778 914 1803 *
932 1784 964 1832 ut

167 1846 319 1903 iustificeris
328 1848 355 1901 in
365 1847 532 1903 sermonibus
540 1849 607 1903 tuis:
623 1854 650 1902 11
659 1848 750 1902 vincas
760 1863 819 1901 oum
828 1847 961 1904 iudicaris.

200 1919 272 1972 Eece
291 1919 361 1973 enim
373 1920 402 1973 in
414 1919 597 1986 iniquitatibus
611 1925 756 1988 conceptus
770 1934 843 1972 sum:
863 1920 875 1945 *
894 1920 963 1974 etin

166 1990 284 2058 peccatis
303 1991 425 2059 concepit
441 2005 484 2044 me
501 1997 588 2045 mater
605 2005 674 2046 mea.

182 2113 185 2118 .
201 2060 272 2114 Ecce
287 2061 356 2116 enim
369 2061 510 2116 veritatem
524 2061 648 2130 dilexisti,
667 2063 679 2088 ⁴
696 2059 799 2115 incerta
813 2065 840 2114 et
858 2059 965 2114 occulta

166 2131 316 2199 sapientiae
333 2139 396 2187 tuae
414 2131 590 2188 manifestasti
607 2132 680 2187 mihi.

201 2202 337 2271 Aspcrges
355 2219 397 2258 me
415 2203 542 2273 hyssopo,
561 2210 588 2258 et
605 2201 754 2257 mundabor
772 2204 785 2229 ·
801 2201 906 2256 lavabis
920 2215 964 2254 me

165 2279 193 2330 et
212 2275 399 2342 supernivem
418 2273 575 2330 dealbabor!

199 2344 311 2399 Auditui
328 2361 388 2400 meo
407 2345 482 2400 dabis
497 2345 622 2414 gaudium
641 2350 669 2398 11
679 2343 825 2399 laetitiam:
844 2346 857 2372 *
876 2347 903 2398 11
919 2357 965 2397 ex·

165 2415 303 2470 saltabunt
321 2433 383 2472 ossa
399 2416 552 2470 humilietal

203 2486 305 2542 Averte
322 2487 418 2542 faciem
437 2494 511 2541 tuam
530 2504 546 2542 a
562 2486 680 2556 peccatis
698 2486 778 2542 meis:
799 2489 811 2513 ¹*
830 2492 858 2540 et
874 2499 968 2541 omues

164 2557 319 2627 iniquitates
336 2575 410 2614 meas
429 2557 502 2613 dele!

202 2629 256 2683 Gor
273 2631 400 2684 mundum
420 2645 482 2683 crea
505 2629 533 2682 in
546 2644 588 2684 me
601 2628 690 2683 Deus:
709 2629 722 2656 ⁴
741 2631 768 2682 11
788 2627 911 2696 spiritum
923 2641 966 2682 re·

169 2704 240 2754 ctum
256 2699 356 2756 innova
372 2702 401 2754 in
417 2700 564 2756 visceribus
582 2699 663 2754 meisi

189 2841 210 2894 1)
224 2843 343 2892 Repetltur
355 2845 407 2894 post
421 2853 595 2893 unumquemque
608 2853 695 2884 versum
708 2842 797 2882 Psalmi.
