2128 3228
241 195 274 235 De
287 195 433 236 celebratione
446 195 563 244 petrocino
577 199 599 236 et
613 195 760 241 dedicationis.
856 193 896 238 728

100 295 200 352 colaris
213 303 343 366 patronus
355 297 440 367 regni,
455 298 617 367 provinciae,
631 298 754 367 61616616,
773 306 821 354 aut
832 299 896 368 pagi

95 367 208 436 colitur,
236 368 289 422 nisi
306 369 425 436 legitima
442 369 607 424 consuetudo
626 369 699 424 aliud
716 369 800 439 ferat,
830 371 896 426 nibil

94 437 130 493 de
156 438 210 493 illis
232 437 293 493 fieri
316 446 420 509 potest,
449 440 502 495 nisi
526 439 638 495 officium
665 440 771 495 aliunde
796 440 896 495 eisdem

96 509 236 564 debeatur.
274 510 354 566 Patet
373 513 413 566 'ex
436 511 557 580 pluribus
579 511 696 566 decretis
715 511 742 567 S.
760 511 792 565 R.
812 511 841 565 O.
860 541 894 552 -

97 581 248 650 Reputans
272 596 363 636 ornnes
386 589 512 636 tenentur
535 582 585 637 sub
608 583 662 637 ritu
686 582 759 650 dupl.
777 583 798 635 1.
817 582 849 637 cl.
867 582 896 636 in

96 653 158 720 ipsc
184 651 227 706 die
249 649 333 721 festo,
362 653 410 708 sed
427 654 486 708 aine
503 659 610 721 661666,
636 653 688 708 nisi
711 660 806 708 octava
829 653 895 721 ipsis

98 723 252 792 specialiter
270 725 305 779 sit
317 723 420 778 indulta
434 741 469 778 ex
481 725 509 779 vi
522 725 701 780 concessionis
714 723 895 794 Apostolicae,

99 795 145 848 vel
162 795 288 862 propriae
312 797 507 851 constitutionis
534 796 567 851 ab
585 795 742 865 Apostolica
760 794 830 849 Sede
849 809 895 864 ap·

97 865 237 935 probatae.
274 865 301 920 S.
319 867 351 920 R.
370 867 399 921 (1.
417 868 470 922 hoc
487 867 607 936 pluribus
626 866 740 922 decretis
757 866 859 921 statuit

136 940 161 990 7.
188 936 232 990 Ad
250 936 364 991 officium
388 937 562 994 dedicationis
588 939 716 1004 ecclesiae
735 936 895 992 cathedralis
913 971 916 978 ,

99 1023 134 1063 ex
153 1007 392 1063 decretusne.
409 1013 451 1067 19.
465 1009 631 1079 86661150.
649 1009 790 1064 universus
808 1009 895 1063 clerus

97 1078 243 1135 6666616616
255 1085 362 1134 tenetm
382 1079 416 1134 ad
431 1080 544 1135 formam
559 1081 733 1150 rubricarum,
748 1077 894 1147 etquidem

98 1149 149 1206 snb
174 1150 228 1204 ritu
254 1149 326 1218 dupl.
349 1150 370 1204 1.
397 1151 443 1219 cl.;
470 1151 498 1205 in
522 1151 629 1207 civitate
655 1169 714 1206 cnm
733 1159 843 1219 octava,
867 1151 895 1204 iu

99 1221 217 1276 dioecesi
234 1235 300 1276 vero
318 1221 375 1275 sinc
394 1228 498 1278 octava.
529 1222 679 1292 cholwea
690 1237 781 1278 omnes
795 1223 822 1277 in
835 1222 896 1290 ipsa
987 1215 992 1225 '

98 1292 207 1346 mutate
226 1291 372 1360 episcopali
389 1291 517 1360 degentes
540 1299 664 1348 tenentur
682 1295 731 1348 sub
750 1295 802 1349 ritu
821 1292 894 1362 dupl.

96 1363 132 1416 Π.
147 1362 189 1430 61,
204 1362 252 1416 661
266 1363 323 1417 sine
337 1369 433 1417 octava
448 1362 573 1428 (6166.
587 1367 613 1418 8.
622 1365 712 1432 Apul.
725 1367 815 1430 1662.)
822 1385 832 1432 ,·
849 1363 894 1418 dc·

99 1438 194 1501 gentes
212 1439 301 1487 antem
325 1439 402 1487 extra
424 1434 558 1488 cidtatem
582 1435 761 1503 episcopalem
784 1450 837 1490 non
855 1441 894 1489 te·

96 1509 195 1557 nentur
212 1503 268 1558 ulla
284 1503 454 1572 obligatione.
493 1504 533 1571 (S.
552 1504 587 1559 R.
607 1505 635 1560 6.
659 1509 703 1559 16.
721 1506 786 1560 Jart.
806 1507 893 1574 1693.)

102 1574 241 1629 Tenentur
270 1576 372 1643 pariter
400 1575 535 1629 celebrare
561 1575 610 1631 sub
637 1577 691 1631 ritu
714 1576 788 1645 dopi.
812 1577 838 1633 I.
863 1575 894 1630 cl.

100 1651 162 1700 cum
180 1651 284 1714 661666,
301 1645 399 1702 festum
417 1646 590 1702 dedicationis
604 1647 741 1716 ecclesiae,
758 1663 812 1701 non
829 1661 895 1702 vero

102 1717 213 1772 oratorii
240 1718 321 1772 etiam
346 1717 458 1786 publici·
474 1717 546 1773 illius
571 1718 679 1788 domus,
706 1718 734 1771 in
759 1732 813 1785 qua
839 1732 895 1772 mo·

92 1793 195 1844 rantur.

135 1861 161 1913 8.
181 1859 319 1928 capellani
332 1858 503 1914 ecclesiarum
513 1859 593 1914 etiam
602 1873 826 1927 quarumcumque
839 1873 895 1914 mo·

98 1931 222 1999 melium,
248 1929 463 1998 quintupliciter
487 1931 638 1999 obligantur
655 1929 689 1984 ad
707 1930 808 1984 Missae
827 1929 895 1984 6616-

8 1999 9 2002 ’
98 2001 261 2071 brationem,
286 2017 340 2056 non
358 2009 471 2069 possunt
493 2003 606 2056 recitare
625 2001 739 2055 officium
756 2001 790 2056 de
808 2001 894 2070 titudo,

98 2087 148 2128 seu
164 2081 289 2142 patrono,
311 2087 361 2126 nec
380 2072 413 2127 16
432 2073 598 2128 dedicatione
617 2073 754 2142 ecclesiae,
778 2073 830 2128 nisi
848 2072 895 2126 ali·

9 2139 10 2148 ’
99 2143 170 2200 unde
189 2144 317 2199 ecclesiae
336 2144 426 2199 stricte
444 2145 498 2200 sint
515 2143 650 2212 adscripti.

138 2219 163 2270 9.
182 2215 328 2285 Capellam,
347 2215 443 2282 quibus
457 2231 521 2270 cura
534 2213 679 2284 spiritualis
693 2213 803 2268 alicuius
813 2212 896 2268 eccle·

102 2286 157 2342 siae
175 2287 279 2356 integre
297 2285 496 2341 commendatur
514 2301 530 2340 a
549 2286 666 2354 legitima
684 2291 712 2340 et
729 2290 896 2352 competente

103 2359 269 2428 anctoritate,
289 2357 439 2427 obligantur
457 2357 492 2412 ad
510 2356 595 2412 officia
613 2356 727 2412 titularis
745 2361 773 2410 et
791 2353 896 2410 dedica·

102 2429 191 2497 donis,
210 2430 273 2497 qnia
289 2430 347 2484 veri
365 2435 427 2484 sunt
444 2437 563 2484 rectores
581 2427 718 2482 ecclesiae.

140 2502 181 2556 10.
201 2500 338 2569 Capellam
357 2515 406 2555 seu
418 2507 537 2555 rectores
556 2506 602 2554 aut
619 2506 742 2567 pastores
759 2497 896 2565 hospitali-

103 2585 148 2622 um
172 2569 348 2638 domuumque
366 2571 552 2639 religiosorum
571 2577 618 2625 ant
634 2569 802 2637 monialium,
827 2582 896 2636 quae

103 2639 138 2694 ad
155 2641 264 2696 chorum
282 2658 336 2696 non
353 2649 416 2697 sunt
429 2642 570 2711 obligatae,
589 2641 634 2709 qui
652 2656 686 2695 ex
699 2639 808 2709 speciali
826 2653 896 2694 oom-

104 2711 229 2768 missione
247 2712 379 2768 0rdinarii
397 2729 451 2768 nou
468 2719 571 2768 tantum
584 2712 694 2768 Missam
712 2709 811 2766 ibidem
828 2709 896 2763 cele-

105 2783 198 2853 brant,
222 2783 369 2839 sedetiam
391 2785 482 2838 munia
505 2784 636 2852 quaedam
657 2782 897 2853 6666611666-

106 2861 181 2923 cent,
209 2861 323 2923 possunt
340 2863 367 2911 et
385 2855 483 2911 debent
508 2855 542 2910 de
559 2855 660 2912 titulari
685 2861 713 2910 ct
731 2851 897 2908 dedicatione
