2152 3234
183 192 225 234 biii
359 194 392 236 Da
406 195 597 236 sacramentorum
612 193 808 236 administratione.

182 295 302 352 curanda
328 297 518 366 conversione,
547 296 612 351 item
638 295 842 364 promissionem
869 303 989 352 renovet

182 369 273 438 proles
288 383 380 424 omnes
393 369 422 422 in
435 369 565 438 religiono
576 367 707 422 catholica
720 366 859 437 educandi,
878 383 989 423 necnon

181 437 326 508 reparandi
352 455 402 508 pro
430 440 531 494 viribus
558 438 711 495 scandalum
735 439 832 492 ceteris
858 437 990 495 fidelibus

183 511 282 580 datum,
300 516 391 579 potest
409 511 520 566 absolvi.
559 509 646 579 „Dum
664 509 734 564 idem
752 509 797 564 ille
817 507 990 566 demonstra·

181 582 236 651 bit,
262 582 401 650 poenitere
419 597 450 637 se
467 583 669 651 peccaminosae
695 595 760 636 suae
779 581 990 652 coniunctionis,

183 654 284 722 poterit
300 653 352 708 boc
370 653 423 721 ipsi
441 653 565 720 concedi,
592 651 671 707 modo
698 659 760 706 ante
780 651 992 708 Confessionem

184 725 287 780 sincero
306 723 425 778 declaret
437 731 641 792 procuraturum
660 737 689 778 se
702 723 906 782 conversionem
923 740 992 779 con-

182 796 253 864 iugis
271 796 432 864 haereticae,
450 810 581 850 renovare
598 809 628 850 se
642 793 846 862 promissionem
865 792 900 848 de
921 795 992 849 edu-

184 866 270 922 canda
286 867 364 934 prole
387 867 416 920 in
433 867 563 935 religione
582 864 732 920 orthodoxa
750 872 779 919 et
795 871 992 932 reparaturum

182 953 212 993 se
230 936 383 992 scandalum
402 937 461 992 aliis
478 936 602 992 fidelibus
621 936 720 992 datum.
758 935 787 990 Si
804 937 873 991 tales
893 937 991 992 condi·

163 1016 166 1021 “
183 1009 271 1064 tiones
289 1017 457 1078 concurrant,
485 1024 539 1062 non
557 1023 736 1077 repugnamus
754 1023 813 1075 nos,
841 1010 992 1074 quominus

181 1094 246 1148 pars
265 1078 397 1134 catholica
416 1079 648 1134 Sacrameniomm
672 1077 720 1132 fiat
741 1079 907 1147 particeps.“
947 1081 992 1136 lta

181 1149 247 1205 Pius
264 1150 311 1206 VI.
336 1150 365 1203 in
392 1167 442 1205 suo
465 1151 606 1218 Rescripto
632 1149 667 1204 ad
686 1149 765 1205 Card.
788 1149 821 1203 de
843 1150 991 1205 Franken·

182 1220 257 1289 berg,
276 1221 514 1290 Arcbiepiscopum
532 1221 751 1276 Meobiinienscm
770 1220 796 1277 d.
815 1220 841 1277 d.
861 1223 906 1278 13.
922 1223 991 1278 Julii

184 1293 263 1346 1782.
301 1292 446 1348 censemus
470 1300 561 1347 tamen
586 1292 716 1348 eiusmodi
739 1293 913 1361 poenitentes
939 1308 992 1362 per

184 1362 294 1430 aliquod
311 1369 417 1433 tempus
434 1364 589 1432 probandos
607 1377 676 1432 esse,
694 1371 725 1418 11
743 1362 776 1417 de
796 1377 888 1417 eorum
907 1379 990 1432 prae·

184 1432 261 1490 dictis
276 1434 495 1503 dispositionibus
509 1434 673 1491 confessario
687 1433 847 1490 sufficienter
860 1443 989 1490 constare

183 1505 277 1574 possit.
308 1506 435 1573 Quaestio
450 1521 525 1573 vero,
544 1522 578 1560 an
596 1504 632 1560 ad
649 1521 752 1561 sacram
767 1505 990 1560 communionem

182 1578 288 1646 possint
301 1577 413 1645 admitti,
427 1592 532 1646 semper
545 1578 576 1632 da
586 1577 648 1644 foro
662 1582 771 1631 1111111
785 1577 863 1645 iacet,
877 1584 906 1631 et
920 1593 988 1646 pen·

183 1647 229 1704 det
247 1650 281 1703 ab
301 1665 334 1704 11
352 1649 565 1718 circumstantia,
594 1663 629 1702 an
640 1648 680 1702 'in
699 1648 805 1716 publico
824 1646 990 1702 sufficienter

181 1727 336 1788 reparatum
355 1721 390 1774 sit
408 1719 570 1787 scandalum,
589 1734 672 1786 quare
688 1718 829 1774 haedere
844 1720 988 1774 consulen-

181 1791 232 1847 dus
252 1799 294 1847 est
317 1790 482 1858 ordinarius,
508 1791 554 1858 qui
573 1790 686 1860 decidet,
704 1805 835 1858 quasnam
851 1805 903 1859 pro
922 1790 986 1845 foro

182 1863 263 1916 ctiam
282 1869 393 1917 externo
412 1861 578 1917 conditiones
590 1870 729 1930 praestare
744 1860 842 1916 debeat
859 1877 926 1930 pars
938 1877 985 1927 ca·

180 1933 458 2058 1111θῖ111111111111111,
485 1939 515 1988 11
542 1933 621 2002 plene
646 1949 707 1986 111
731 1931 846 1988 ccclesia
862 1933 984 1988 reconci-

250 2121 279 2167 B.
303 2121 340 2168 Do
353 2122 504 2178 praecipuis
518 2121 709 2178 impedimentis
723 2121 914 2168 dirimentibus.

215 2195 408 2278 impedimenta
425 2196 577 2252 dirimentis
583 2197 604 2267 ¹)
629 2196 890 2265 comprehenduntur
906 2197 983 2253 bisce

179 2267 425 2408 ffl’uscznfflm,
443 2339 550 2406 Votum,
570 2337 709 2407 cognatio,
728 2338 843 2407 crimen,

180 2407 273 2464 Cultus
293 2408 444 2479 disparitas,
462 2410 520 2479 Vis,
538 2408 620 2479 Ordo,
638 2410 776 2478 ligamen,
794 2410 938 2480 Honestas,

179 2477 209 2532 Si
228 2480 264 2550 sis
282 2479 384 2548 Affinis,
403 2481 427 2535 si
446 2479 632 2536 Glandestinus
651 2488 679 2535 11
696 2481 795 2550 impos,

180 2574 339 2588 Q

193 2601 272 2656 1)Qui
292 2605 403 2653 „scienter
421 2607 445 2646 ln
458 2607 563 2656 gradibus
582 2597 780 2655 consanguinitatis
799 2608 840 2644 ant
862 2605 979 2646 affinitatis

232 2669 389 2710 constitutione
403 2673 510 2712 canonica
523 2673 655 2721 interdictis,
669 2675 708 2712 aut
722 2683 772 2712 cum
784 2672 917 2712 monialibus
926 2682 978 2712 oon·

231 2734 321 2773 trabaro
333 2737 528 2778 matrimonialiter
542 2749 586 2778 uon
599 2742 702 2779 versatur
715 2740 771 2784 stc.“
792 2741 880 2788 praetor
892 2736 977 2787 pcccati

231 2803 318 2840 reatum
331 2802 447 2841 incurrunt
460 2813 488 2842 ox
501 2804 590 2844 docroto
605 2804 665 2848 Ocno.
679 2805 783 2856 goanoiis
796 2802 918 2846 rioms·
926 2812 978 2854 poo-

231 2875 283 2905 nam
297 2867 536 2910 excommunicationis.
