2146 3234
167 155 209 198 640
321 159 354 199 De
367 159 497 208 quibusdam
511 160 561 200 aliis
575 160 713 200 sacerdotnm
727 159 811 202 officiis.

205 263 229 312 d.
249 257 351 314 Eorum
368 273 435 312 vero
453 259 625 326 praecipuam
644 274 734 314 curam
752 266 836 329 gerat,
855 260 902 328 qui
919 260 969 315 hu·

167 330 253 385 manis
271 329 377 384 auxiliis
396 329 524 399 desdtuti,
550 329 660 398 benigni
678 346 709 384 ac
727 331 833 398 providi
851 332 970 400 pastoris

168 401 307 456 cantatam
326 407 354 455 et
372 415 482 469 operam
499 401 646 468 requirunt.
672 401 788 469 ¹Quibus
806 403 829 457 si
847 418 902 457 non
920 411 973 472 pot

167 479 222 528 test
239 472 298 542 ipse
324 487 479 527 succurrere
504 471 537 526 de
563 487 621 540 suo,
645 479 673 528 ot
697 473 880 542 eleemosynas
905 473 967 543 illis,

167 550 248 612 prout
267 542 355 612 debet,
373 543 397 598 si
414 542 527 598 farmus
546 544 679 613 suppetit,
700 559 819 613 erogare,
839 553 969 613 quantum

166 614 225 688 fieri
243 621 342 684 potest,
360 615 418 669 sive
435 629 485 682 per
503 615 630 683 caritatis,
654 615 698 687 vel
713 615 835 674 ¹alterius
852 617 969 674 nominis

168 685 420 755 confraternitatem,
444 686 466 741 si
490 685 519 739 in
543 701 577 740 ea
594 686 701 741 civitate
725 687 770 741 rel
793 687 853 742 loco
877 686 970 758 luerit,

80 789 82 801 ·
167 758 224 813 sive
249 771 299 826 per
325 758 453 826 privatas,
483 757 539 812 sive
565 772 614 826 per
642 757 764 826 publicas
782 757 909 814 collectas
940 767 969 814 et

170 828 353 912 eleemosynas
384 829 491 883 illorum
522 828 727 885 necessitatibus
758 829 968 886 succurrendum

169 900 279 1025 mgb&
296 969 388 1039 primis
413 978 500 1026 autem
519 970 683 1039 spiritualem
708 971 904 1039 aegrotantium
923 987 968 1027 cu·

167 1057 225 1096 ram
244 1042 379 1110 suscipiat,
398 1057 555 1109 omnemque
581 1041 744 1109 diligentiam
769 1043 798 1095 in
823 1057 855 1097 ao
874 1050 968 1113 ponat,

164 1120 199 1167 ut
216 1113 244 1166 in
261 1112 307 1166 via
324 1113 417 1168 salutis
436 1129 483 1168 eos
496 1113 601 1181 dirigat,
620 1120 701 1180 atque
714 1129 732 1167 a
745 1113 883 1169 diabolicis
901 1115 966 1170 insi·

168 1183 219 1238 diis
232 1183 388 1238 salutarium
401 1183 614 1242 adiumentomm
633 1183 779 1252 praesidio
790 1183 918 1241 defendat
935 1201 968 1241 ac

94 1302 96 1312 ,
166 1261 282 1312 tueatur.

204 1329 229 1380 7.
248 1325 368 1380 Accedat
385 1333 474 1382 autem
491 1326 527 1381 ad
544 1334 684 1395 aegrotum
701 1327 740 1380 ita
758 1334 877 1396 paratus,
895 1327 969 1382 utin

91 1407 93 1411 ·
169 1405 296 1465 promptu
313 1398 412 1453 habeat
430 1405 587 1467 argumenta
604 1398 639 1452 ad
652 1396 868 1466 persuadendum
886 1407 967 1466 apta3

167 1483 199 1522 ac
216 1469 374 1536 praesertim
393 1469 551 1524 Sanctorum
574 1469 705 1537 exempla,
729 1484 798 1536 quae
822 1468 968 1536 plurimum

167 1540 272 1595 valent:
294 1540 389 1608 uiribus
408 1556 469 1596 eum
486 1541 515 1594 iu
532 1540 647 1597 Domino
671 1540 831 1608 consoletur,
857 1541 967 1609 excitet,

167 1626 200 1666 ac
217 1619 329 1666 recreet.
348 1612 539 1681 Horremrquo,
564 1619 594 1666 ut
612 1625 716 1666 omnem
742 1626 817 1680 spem
844 1627 921 1665 suam
939 1611 968 1666 in

167 1681 228 1738 Deo
247 1690 339 1752 ponat,
356 1690 527 1751 peccatorum
545 1698 654 1738 suorum
677 1683 822 1751 poeniteat,
848 1680 967 1736 divinam

166 1754 375 1810 misericordiam
393 1754 525 1823 implorat,
553 1760 581 1809 et
598 1753 758 1809 infirmitatis
777 1769 888 1822 poenas,
906 1761 966 1808 tan·

168 1840 247 1893 quam
265 1833 405 1894 paternam
422 1825 474 1880 Dei
491 1825 670 1880 visitationem
688 1825 822 1894 patienter
839 1824 918 1895 ferat
938 1831 967 1880 et

167 1895 333 1952 adsalutem
352 1913 427 1952 suam
451 1897 607 1964 provenisse
626 1896 726 1964 credat,¹
749 1902 779 1951 ut
801 1897 884 1951 mlum
909 1911 967 1950 mo·

167 1981 266 2035 rosque
285 1983 349 2023 suos
367 1968 461 2022 melius
478 1968 607 2022 instituat.

203 2039 228 2091 8.
247 2037 352 2093 Deinde
371 2055 424 2106 qua
441 2055 491 2107 par
508 2047 550 2094 est
573 2039 716 2107 prudentia
733 2046 761 2093 et
783 2039 893 2093 caritate
917 2037 967 2093 ho·

167 2108 265 2163 minem
283 2109 318 2163 ad
336 2126 438 2165 sacram
458 2109 660 2165 Confessionem
676 2109 821 2179 inducam)
849 2116 877 2164 et
904 2124 968 2164 con·

166 2177 286 2235 dientem
311 2180 410 2250 audiat,
435 2181 540 2236 etiamsi
564 2181 629 2236 velit
650 2182 733 2237 totius
759 2182 830 2236 vitae
854 2188 969 2249 peccata
1055 2179 1056 2199 ¹

180 2309 202 2362 ¹)
217 2312 340 2362 Regulares
354 2312 383 2351 ab
397 2311 512 2352 Ordinarlo
531 2311 559 2351 ad
579 2311 729 2352 confessiones
752 2311 880 2362 approbati,
903 2309 968 2350 nulla
1054 2297 1055 2308 ¹

219 2377 319 2426 indigent
338 2377 429 2427 parochi
447 2377 536 2418 licentia
556 2379 583 2418 ad
598 2378 718 2417 audiendas
738 2377 807 2426 ipsius
821 2376 969 2426 parochiano·

219 2455 268 2483 rum
282 2444 437 2490 confossiones,
457 2445 523 2483 etlam
538 2445 674 2496 infirmorum,
693 2446 715 2482 ot
729 2443 795 2482 etlam
810 2442 966 2484 inacccssas.

219 2510 320 2560 (clemens
335 2511 360 2549 X.
376 2512 400 2549 in
414 2510 499 2550 donatii.
514 2509 625 2560 Superum
640 2510 712 2548 Bened
729 2509 749 2548 X
752 2509 765 2548 l
767 2509 788 2547 V.
804 2509 829 2547 dc
842 2507 890 2557 spu.
900 2507 968 2550 dioec„

219 2577 254 2618 lib.
270 2575 298 2618 ll.
313 2587 358 2626 cop.
373 2574 405 2619 14.
420 2587 439 2618 n.
455 2576 474 2619 5,
498 2577 541 2616 cir.
554 2577 622 2614 nourr
635 2576 661 2615 de
674 2576 720 2614 iure
733 2574 860 2624 regularium
874 2577 922 2616 tom.
933 2571 967 2613 ΙΙ.

149 2631 153 2638 ’
216 2651 239 2690 ρ,
258 2638 332 2687 840.);
352 2639 467 2679 dnmmodo
486 2640 612 2689 relinquant
633 2639 771 2688 schedulam,
798 2639 832 2677 vel
851 2637 968 2678 notificent

219 2706 274 2754 ipris
288 2705 402 2754 parochis,
416 2705 475 2753 quod
488 2706 640 2745 Poanltantles
655 2703 820 2744 Sacramentum
839 2704 968 2744 nolmmodl

217 2771 285 2810 inerit
299 2771 327 2810 ab
341 2771 372 2810 ela
386 2771 535 2811 ministratum
557 2771 584 2822 (S.
599 2773 621 2815 0.
639 2773 728 2822 capotii·
747 2772 820 2822 Bcpul.
841 2773 967 2822 prospecti·

218 2835 252 2877 13.
267 2837 322 2887 sept.
337 2835 396 2876 1641.
412 2839 470 2887 apud
484 2839 583 2880 Blaaarrl
597 2838 735 2882 Collectanea
749 2844 792 2880 etc.
806 2847 855 2890 pag.
870 2834 914 2890 π.)
