2152 3234
293 194 326 236 De
340 193 481 234 sacramento
495 171 606 234 extremas
618 193 739 238 tinctionis.
878 192 919 234 tot

120 297 189 353 Oleo
225 313 302 353 sacro
337 297 440 352 occulte
474 297 563 352 delato
598 302 726 364 sequatur
753 297 919 352 sacerdotem

118 369 253 425 Viaticum
267 375 433 437 portantem
452 376 480 424 et
498 376 642 437 postquam
655 366 774 422 infirmus
787 369 919 424 viaticum

119 442 272 509 sumpserit,
290 441 433 508 inungatur
452 455 468 494 a
486 439 634 495 sacerdote.

157 515 199 566 14.
218 512 249 565 In
268 510 361 565 eadem
379 509 531 566 infimitate
547 512 599 566 hoc
613 509 813 565 Sacramentum
826 508 919 563 iterari

118 599 174 637 non
200 581 288 651 debet,
312 582 364 637 nisi
387 581 512 636 deonna
536 583 578 651 sit,
605 587 637 636 ut
661 582 692 651 si,
718 597 777 635 cum
798 579 919 636 infirmus

120 653 294 722 convaluerit,
312 654 409 707 iterum
426 653 454 706 in
467 653 614 722 periculum
631 653 724 708 montis
742 650 841 706 incidit.
850 651 870 720 ¹)

158 729 200 779 15.
220 725 342 792 Quinque
360 739 425 778 vcro
444 726 564 793 corporis
581 731 674 792 partes
691 723 836 792 praecipue
854 721 918 790 ungi

120 795 228 864 debent,
246 811 314 863 quas
331 795 416 850 veluti
429 811 555 850 sensuum
568 796 745 850 instrumenta
757 793 858 848 homini
871 807 918 847 na·

118 874 181 922 tura
198 866 305 921 tribuit:
330 881 427 935 nempe
444 867 522 935 occdi,
541 881 628 936 aures,
646 881 735 934 nares,
755 881 793 934 os,
819 871 846 919 et
863 879 918 918 ma·

118 955 186 1006 nus;
206 945 324 993 attamen
342 936 425 1006 pedes
450 938 531 992 etiam
555 945 583 992 et
605 953 684 994 renes
708 935 824 1005 ungendi
843 942 918 1004 sunt3

119 1009 169 1064 sed
186 1024 282 1063 renum
299 1009 389 1064 unctio
414 1009 442 1062 in
459 1009 629 1079 mulieribus,
656 1009 804 1064 honestatis
823 1006 918 1076 gretia,

118 1095 227 1150 semper
241 1080 378 1148 omittitur,
397 1087 477 1146 atque
495 1081 576 1135 etiam
593 1081 621 1134 in
633 1081 707 1147 viris,
726 1078 833 1148 quando
846 1077 918 1132 infir-

117 1168 179 1206 mus
198 1150 334 1206 commode
346 1151 448 1205 moveri
461 1167 516 1206 non
528 1157 626 1220 potest.
650 1151 704 1206 Sed
714 1151 771 1207 sive
785 1151 813 1204 in
825 1150 918 1204 mulie·

117 1223 209 1291 ribus,
234 1222 336 1277 sivein
353 1223 419 1277 viris
437 1223 490 1277 alia
508 1223 628 1291 conponis
653 1238 717 1291 pars
741 1238 791 1291 pro
809 1222 918 1278 renibus

117 1295 183 1362 ungi
201 1308 256 1348 non
274 1293 362 1348 debet.

157 1367 200 1420 16.
219 1365 316 1419 Manus
333 1379 415 1432 vero,
443 1379 512 1431 quae
537 1363 658 1430 reliquis.
671 1362 782 1418 infirmis
806 1363 918 1418 interius
1002 1380 1004 1388 ’

117 1437 184 1504 ungi
204 1435 309 1505 debent,
328 1435 492 1504 presbyteris
510 1435 628 1489 exterius
645 1443 788 1502 ungantur.

157 1510 200 1561 17.
219 1507 290 1561 Dum
308 1507 408 1575 oculos,
428 1517 515 1575 aures,
539 1512 567 1560 et
584 1506 637 1559 alia
654 1506 774 1574 corporis
791 1505 918 1574 membra,

121 1593 191 1645 quae
209 1579 287 1646 paria
304 1585 374 1646 sunt,
400 1576 525 1632 sacerdos
543 1577 627 1644 ungit,
651 1584 754 1645 caveat,
780 1591 814 1630 ne
833 1576 917 1630 altero

119 1649 239 1718 ipsorum
257 1647 418 1716 inungendo,
437 1647 602 1702 Sacramenti
616 1646 729 1702 formam
742 1647 817 1715 prius
831 1645 918 1700 absol·

119 1727 174 1788 vat,
189 1735 269 1788 quam
282 1720 359 1775 ambo
374 1719 526 1774 huiusmodi
537 1719 614 1786 paria
623 1719 742 1772 membra
752 1717 917 1786 perunxerit.

157 1793 198 1846 18.
219 1791 247 1844 Si
257 1791 317 1858 quis
327 1797 416 1844 autem
425 1791 460 1845 sit
470 1791 558 1858 aliquo
568 1789 687 1844 membro
696 1789 841 1856 mutilatus,
851 1803 915 1856 pars

117 1863 178 1918 loco
192 1863 231 1916 illi
244 1862 367 1930 proxima
383 1862 534 1930 inungatur,
553 1860 646 1915 eadem
660 1860 803 1915 verborum
821 1858 916 1913 forma.

159 1936 201 1989 19.
226 1933 314 1988 Huius
339 1941 428 1986 autem
447 1931 610 1986 decrementi
627 1930 728 2000 forma,
755 1946 809 1998 qua
826 1937 918 1985 sancta
962 1977 964 1983 .

119 2004 244 2058 Romana
261 2005 375 2058 ecclesia
392 2005 488 2072 utituur,
514 2003 638 2058 solemnis
662 2003 709 2056 illa
730 2003 849 2070 precatio
868 2007 917 2070 est,

120 2091 200 2144 quam
211 2074 336 2130 sacerdos
347 2074 381 2128 ad
391 2075 508 2144 singulas
518 2074 657 2129 unctiones
667 2073 783 2142 adhibet,
796 2089 855 2127 cum
865 2073 917 2127 ait:

154 2147 222 2200 Per
238 2147 341 2201 istam
360 2154 513 2200 sanctam
531 2145 747 2211 unctionem,
776 2150 808 2199 et
826 2159 917 2200 suam

116 2217 312 2285 piissimam
331 2215 629 2283 misericordiam,
648 2215 834 2283 indulgeat
851 2215 918 2270 tibi

115 2287 302 2358 Dominus,
328 2287 507 2355 quidquid
524 2303 586 2355 per
604 2288 730 2356 visum,
757 2288 831 2342 sive
856 2301 918 2355 per

116 2359 292 2430 auditum,
311 2367 363 2415 etc.
381 2358 579 2426 deliquisti.
614 2359 708 2412 Amen.

201 2469 261 2514 Ordo
274 2469 407 2514 ministrandi
421 2470 583 2513 Sacramentum
597 2473 708 2514 extremae
723 2470 838 2514 tinctionis.

424 2539 468 2592 (lix
481 2540 525 2583 Bit.
539 2540 612 2587 Rom.)

154 2613 178 2664 1.
210 2609 342 2664 Sacerdos
370 2611 455 2680 icitur
479 2609 683 2664 Sacramentum
706 2611 917 2676 ministraturas,
979 2642 986 2656 ι

121 2686 256 2752 quatenus
273 2681 334 2748 deri
347 2683 458 2750 poterit,
479 2683 582 2750 parari
598 2687 672 2736 caret
690 2681 766 2750 opud
782 2681 918 2748 infirmam

131 2805 154 2856 l)
169 2806 212 2848 Gir.
225 2805 305 2850 Bsnad.
314 2806 373 2849 xlv,
389 2808 414 2846 de
427 2807 475 2856 Spar.
490 2808 556 2847 dioec.
575 2807 613 2850 lid.
627 2806 647 2850 8.
663 2819 707 2857 cap.
717 2806 737 2849 8.
751 2818 772 2848 a.
786 2803 808 2844 8.
823 2806 846 2844 et
859 2802 879 2842 t.
895 2804 918 2842 et

171 2872 253 2920 augeo.
269 2871 401 2912 Pastoralbt
416 2883 435 2914 a.
450 2868 510 2912 leto.
525 2881 584 2911 num.
599 2869 633 2912 ie.
