2146 3234
328 176 361 216 Do
375 173 516 216 sacramento
529 176 670 219 Matrimonii
858 175 900 220 6οῚ

97 277 207 334 thorum
226 282 254 331 et
270 274 470 346 habitationem,
489 275 536 331 nbi
553 276 667 345 primum
680 282 754 332 certo
773 277 897 334 constite-

98 349 135 404 rit
159 348 193 402 de
217 347 324 415 publica
348 346 471 402 nullitate
495 347 667 416 Matrimonii,
692 354 723 402 ut
748 347 902 404 scandalum

98 419 245 487 auferatur,
265 417 351 473 donec
368 417 528 473 revalidatio
546 417 606 472 fieri
624 424 713 487 queat.

135 489 249 558 Quando
273 488 494 558 impedimentum
519 495 561 544 est
592 489 731 558 occultem,
761 490 900 546 renovatio

99 577 246 616 consensus
261 560 328 615 olam
341 559 466 615 iacienda
483 567 526 616 est
543 561 614 615 inter
631 567 771 628 utramque
789 567 902 631 partem,

98 631 242 687 dummodo
262 639 342 686 antea
359 633 387 685 iu
407 630 476 690 facie
492 632 621 702 eeclesiae
633 631 832 686 Matrimonium
844 631 902 686 fue-

99 704 136 758 rit
153 703 315 766 celebratum
333 703 410 757 iuxta
424 718 546 757 normam
566 702 730 772 Tridentini3
749 703 903 772 praesentia

100 775 172 829 enim
188 774 300 842 parochi
318 781 346 828 et
363 775 474 829 testium
500 773 583 830 semel
609 774 729 829 adhibita
750 775 804 828 iam
821 772 902 829 fidem

99 845 164 900 faoit
181 845 209 899 in
227 844 286 901 foro
305 852 417 900 externo
438 844 471 900 de
491 845 662 900 Matrimonia
677 845 729 900 rito
747 851 902 914 contracto;

99 917 161 971 hinc
180 916 207 970 S.
225 917 436 971 Paenitentiaria
450 931 559 987 semper
576 923 674 987 monet,
692 924 723 972 ut
736 922 839 972 secrete
853 915 901 972 fiat
997 956 999 962 -

98 987 238 1043 renovatio
258 1002 413 1043 consensus.

136 1059 336 1114 Matrimonium
354 1073 419 1112 vero
441 1058 474 1113 ob
494 1057 714 1127 impedimentum
732 1059 828 1114 aetatis
841 1059 900 1114 irri-

97 1137 163 1199 tum,
182 1130 205 1184 si
224 1129 322 1198 adepta
339 1130 457 1198 legitima
484 1136 572 1184 aetate
599 1130 787 1185 contrahentes
805 1131 902 1184 revali-

72 1215 74 1220 ·
98 1200 164 1256 dare
181 1201 323 1269 voluerint,
349 1200 377 1254 in
394 1199 481 1254 iorma
500 1200 651 1255 Tridentini
676 1216 783 1269 semper
805 1202 901 1256 revali-

98 1271 215 1327 dandum
234 1279 282 1340 est,
302 1271 407 1326 etiamsi
421 1278 501 1326 antea
514 1271 542 1324 in
554 1270 624 1325 facie
639 1273 767 1327 ecelesiae
779 1267 832 1327 iam
841 1272 899 1328 iue-

97 1343 134 1398 rit
158 1350 337 1412 contractum3
366 1358 428 1397 nam
454 1341 583 1397 eiusmodi
606 1342 813 1413 Matrimonium,
839 1361 900 1399 eum

99 1415 153 1469 hoo
169 1414 357 1482 impedimento
370 1429 461 1469 coram
474 1413 587 1468 ecclesia
598 1413 701 1482 initum,
719 1415 825 1470 nonnisi
842 1416 899 1470 vim

99 1485 265 1554 sponsalium
281 1485 388 1539 retinet.

138 1555 304 1625 Singularem
321 1571 387 1610 vero
405 1554 574 1623 prudentiam
599 1560 627 1609 et
651 1555 801 1609 cautionem
818 1571 898 1625 paro·

7 1615 8 1622 ¹
99 1627 169 1682 chus
187 1627 231 1682 vel
249 1626 427 1682 confessarius
446 1625 580 1695 adhibeat,
604 1625 710 1694 quando
729 1641 763 1680 ex
781 1626 852 1682 facto
869 1628 899 1681 in

102 1697 277 1754 Confessione
296 1699 340 1753 vel
349 1697 456 1752 aliunde
470 1697 560 1766 allato,
580 1703 697 1752 attamen
710 1697 822 1768 occuito,
841 1697 899 1752 Ma·
951 1709 952 1712 ’

7 1801 8 1832 ,
101 1769 254 1824 trimonium
267 1769 412 1824 invalidum
425 1783 485 1824 esse
497 1769 628 1837 intelligit.
651 1768 810 1836 Priusquam
829 1769 899 1822 enim

101 1839 267 1896 Matrimonii
284 1841 433 1895 nullitatem
458 1841 565 1908 utrique
583 1840 627 1894 vel
646 1839 767 1894 alterutri
785 1854 819 1893 ex
837 1855 900 1894 con·

101 1912 209 1980 iugibus
218 1911 378 1982 manifestat,
396 1911 474 1981 plura
485 1912 537 1980 ipsi
552 1910 714 1966 attendenda
726 1916 796 1980 suut,
814 1911 899 1966 relate

101 1989 159 2039 tum
177 1982 212 2037 ad
229 1984 363 2052 coniuges,
382 1990 439 2037 tum
456 1981 492 2036 ad
508 1981 689 2051 impedimenti
705 1988 836 2039 naturam.

137 2054 233 2109 Relate
258 2053 293 2108 ad
317 2054 443 2122 coniuges
467 2053 657 2122 dispiciendum
676 2053 740 2108 erit:
767 2053 792 2123 a)
810 2059 900 2108 utrum

99 2126 173 2180 bona
190 2141 225 2180 an
238 2126 310 2179 mala
322 2124 375 2180 fide
390 2125 577 2195 contraxerint,
596 2131 692 2195 unum,
711 2129 853 2193 postquam
870 2125 899 2178 iu

63 2248 67 2252 ,
98 2197 278 2265 cognitionem
296 2194 477 2264 impedimenti
495 2195 659 2265 devenerint,
675 2195 853 2252 'nihilominus
870 2195 899 2250 iu

98 2268 327 2322 consummatione
354 2267 411 2321 eius
437 2268 678 2335 perseveraverint,
702 2281 737 2320 an
760 2282 823 2334 pro,
836 2282 898 2321 con·

98 2339 212 2393 amentia
222 2354 271 2394 sua
280 2338 314 2393 ab
324 2353 375 2393 usu
384 2337 548 2392 Matrimonii
557 2352 617 2392 sese
627 2337 817 2406 abstinuerint3
833 2337 861 2404 b)
875 2338 900 2392 si

98 2424 154 2462 una
170 2416 274 2464 tantum
298 2425 361 2478 pars
388 2408 569 2478 impedimenti
592 2409 714 2463 notitiam
738 2408 838 2462 habeat
854 2407 898 2464 vel

98 2478 219 2550 dubium,
237 2480 323 2536 altera
340 2487 419 2551 parte
436 2481 464 2534 in
482 2479 555 2534 bona
571 2478 625 2533 fide
642 2480 744 2548 relicta,
772 2486 861 2533 utrum
880 2495 897 2534 a

99 2550 217 2618 petendo
241 2550 330 2621 debito
360 2566 421 2607 sese
450 2551 623 2619 abstinuerit;
657 2550 680 2618 o)
705 2549 898 2618 explorandum

99 2621 160 2688 erit,
177 2622 324 2689 prudenter
341 2628 432 2678 tamen
451 2629 479 2676 et
496 2621 694 2690 circumspecte,
712 2627 802 2676 utrum
828 2621 898 2676 eius-

99 2691 173 2748 modi
192 2693 317 2762 coniuges
334 2691 447 2763 pacifice
465 2692 627 2762 cohabitent,
652 2707 687 2746 an
705 2692 795 2762 potius
812 2692 898 2746 inimi-

98 2764 179 2820 citiae
198 2770 225 2818 et
242 2764 325 2834 rixae,
348 2763 497 2819 discordiae
525 2769 553 2818 et
571 2763 633 2818 odia
649 2763 720 2819 inter
738 2776 784 2818 eos
803 2762 900 2834 adver·
