2152 3234
325 183 358 224 De
372 184 514 225 sacramento
528 185 688 225 Poonltantiae.
866 185 907 229 tet

106 292 190 354 atque
219 285 407 354 abrogationes
432 293 506 342 ratas
532 292 561 340 et
584 284 681 359 firmas,
700 302 731 342 ao
757 290 907 356 respective

105 365 167 411 rata
185 363 265 424 atque
286 355 363 411 firma
382 372 442 412 esse
462 365 488 414 et
506 355 573 426 fore,
592 373 708 426 suosque
725 359 861 427 plenarios
880 369 908 416 ct

103 429 225 497 integros
236 427 346 484 effectus
356 427 477 483 obtinere
488 428 595 500 debere,
614 444 645 484 ac
658 444 755 497 reapse
773 430 907 500 obtinere;

103 500 198 566 sicque
217 505 244 553 et
260 516 315 553 non
334 500 412 553 aliter
441 500 469 553 in
487 500 641 568 praemissis
659 515 708 568 per
726 515 907 570 quoscumque

103 570 210 624 ludices
235 569 399 639 Ordinarios,
422 577 450 625 et
473 571 628 640 Delegatos,
655 572 735 625 ctiam
760 571 907 645 Causarum

102 641 203 696 Palatii
220 641 531 711 ApostoliciAuditores,
550 658 581 696 ao
601 642 628 696 S.
646 643 679 696 R.
698 643 731 696 E.
743 642 907 714 Cardinales,

101 713 186 767 etiam
204 711 238 766 de
256 713 355 766 Latere
369 713 495 782 Legatos,
515 730 546 768 ac
561 714 733 782 Apostolioee
746 714 823 769 Sedis
832 715 907 770 Nun·

102 783 165 854 tios,
185 798 217 837 ao
235 784 344 851 quosvis
363 783 430 839 alios
449 799 615 853 quacumque
638 786 856 856 praeeminentia,
876 801 907 841 ao

103 860 239 923 potestate
266 853 416 924 fungentes,
453 863 480 910 et
504 855 649 925 iuncturos,
673 856 778 912 sublata
803 857 851 926 eis,
880 864 908 913 et

104 941 198 980 eorum
217 926 325 980 cuilibet
349 927 444 993 quavis
470 927 547 982 aliter
571 926 705 981 iudicandi
731 934 758 983 et
774 929 905 997 interpre-

104 996 181 1051 tandi
198 995 334 1066 facultate,
364 1004 391 1052 et
409 999 575 1068 auctoritate,
601 998 720 1068 iudicari,
747 1015 779 1053 ac
802 999 906 1055 definiri

106 1067 220 1136 debere;
248 1075 275 1122 et
292 1069 396 1123 irritum
422 1076 502 1137 atque
526 1071 606 1124 inane
625 1085 684 1124 esse
703 1085 734 1124 ao
752 1070 811 1126 iore
830 1071 905 1142 quid·

105 1139 171 1208 quid
189 1154 271 1207 super
288 1140 331 1194 his
350 1155 367 1193 a
385 1155 519 1208 quoquam
532 1141 626 1208 quavis
641 1143 807 1212 auctoritate,
826 1144 907 1198 etiam

103 1217 249 1279 praetextu
268 1211 409 1266 cuiuslibet
426 1212 566 1281 privilegii,
586 1219 633 1266 aut
650 1213 849 1270 consuetudinis
866 1215 907 1268 in·

104 1281 201 1336 ductae
220 1281 264 1336 vel
281 1281 456 1351 inducendae,
475 1298 554 1351 quam
573 1283 684 1337 abusum
709 1298 768 1338 esse
788 1285 905 1340 declara·

102 1369 175 1422 mus,
191 1353 305 1407 scienter
323 1353 367 1407 vel
384 1354 539 1422 ignoranter
556 1354 697 1421 contigerit
715 1357 848 1410 attentari.
899 1419 905 1424 ,

138 1441 203 1496 Non
225 1443 392 1498 obstantibus
419 1443 581 1512 praemissis,
609 1443 721 1510 aliisque
745 1443 926 1510 quibuslibet·

103 1513 323 1584 ordinationibus,
338 1515 579 1582 constitutionibus,
589 1513 743 1582 privilegiis,
754 1515 834 1568 etiam
844 1529 904 1582 spe·

103 1585 165 1638 ciali
184 1591 211 1639 ct
227 1584 365 1639 individua
382 1586 516 1641 mentione
535 1585 629 1654 dignis,
655 1600 776 1639 necnon
794 1600 904 1639 consue-

105 1655 243 1716 tudinibus
262 1657 399 1724 quibusvis
419 1657 499 1711 etiam
517 1655 776 1725 immemorabilibus,
795 1655 903 1710 ceteris·

104 1742 158 1796 quo
177 1729 316 1782 contrariis
336 1729 553 1796 quibuscumque.

140 1815 215 1870 Nulli
233 1832 297 1885 crgo
316 1818 422 1872 omnino
440 1818 576 1873 hominum
593 1817 674 1871 liceat
694 1817 763 1872 hanc
779 1816 905 1886 paginam

104 1883 223 1942 Nostrae
251 1889 468 1959 Constitutionis,
500 1888 695 1957 Ordinationis,
732 1887 904 1958 limitationis,

107 1959 314 2026 suppressionis,
329 1959 518 2030 derogationis,
537 1961 681 2016 voluntatis
693 1957 846 2029 infringere,
861 1959 906 2014 vel

105 2029 133 2084 ei
151 2045 219 2084 ausu
227 2031 370 2085 temerario
385 2033 526 2087 contraire.
545 2032 574 2086 Si
584 2032 643 2100 quis
658 2030 808 2086 autemhoo
819 2037 904 2088 atten-

105 2106 165 2154 tare
183 2103 402 2171 praesumpserit,
420 2103 628 2172 indignationem
641 2101 834 2170 Omnipotentis
852 2101 905 2158 Dei

105 2179 135 2226 et
151 2171 297 2228 Beatorum
314 2173 387 2228 Petri
414 2182 442 2229 et
464 2175 542 2230 Pauli
566 2173 757 2244 Apostolorum
784 2173 850 2245 eius,
873 2187 904 2229 se

103 2243 211 2298 noverit
226 2245 402 2300 incursurum.

141 2331 242 2386 Datum
260 2333 363 2388 Romae
381 2332 453 2401 apud
472 2333 498 2387 S.
517 2333 635 2403 Petrum,
654 2347 723 2387 anno
741 2331 902 2387 Inoamatio·

103 2401 146 2456 nis
163 2403 319 2458 Dominicae
332 2403 474 2460 Millesimo
493 2402 718 2472 octingentesimo
732 2403 905 2472 sexagesimo

104 2472 193 2542 Nono,
212 2475 314 2542 Quarto
332 2474 396 2530 idus
415 2475 540 2545 octobris,
557 2474 731 2531 Pontificatus
744 2475 838 2531 Nostri
855 2488 902 2528 an·

102 2559 140 2600 no
157 2546 286 2616 vigesimo
304 2553 410 2614 quarto.

459 2723 557 2737 wwww

157 2933 262 2978 munais
275 2886 420 2980 sacerdotnm.
449 2935 532 2988 (adsto
546 2935 595 2988 VL)
763 2937 797 2992 14
