2138 3226
165 184 206 227 220
333 185 444 232 Quaedam
456 195 496 234 pro
510 184 620 224 exercitiis
635 183 791 233 spirltunllbns.

166 289 242 346 Horu
279 289 331 354 1¹s2
348 287 441 341 Lectio
459 302 492 340 erc
509 286 666 339 Institutione
684 284 791 340 monet.

205 403 221 430 „
276 363 293 414 2
347 359 495 412 Rosomuro
513 357 682 410 etLitooioe
700 356 875 410 Muraenae
893 355 967 425 (pag.

257 457 264 466 ·
348 431 427 498 177.),
455 429 587 496 Vesperoe
604 433 631 482 et
655 427 876 496 Completorium:
903 426 968 481 dein

347 507 451 568 tempus
468 499 594 582 liberum

203 615 220 713 J:
273 575 327 710 {yn
345 572 519 767 {imitatam
526 570 912 710 ,etrlffissspcsdgssotoezff
932 641 968 695 ii-

364 730 446 767 emm.

203 828 219 855 „
274 787 328 850 5½
345 785 499 839 Meditotio.

204 899 220 926 ,‚
274 858 327 920 6½
345 856 471 910 Examen
488 854 679 908 meditationis.

204 971 220 998 ‚,
275 925 328 990 ott
347 926 452 994 Goeoo‚·
470 925 532 980 dein
544 926 678 979 relocatos
695 926 788 978 animi.

205 1041 221 1068 „
276 998 329 1064 7½
348 998 448 1052 Cantus
457 997 586 1051 Miserere
600 996 670 1066 (pag.
680 996 751 1066 224.)
762 1003 789 1050 et
795 997 965 1054 Benedictio.

205 1111 221 1139 „
275 1069 455 1138 81J2Poocto
479 1067 662 1122 meditationis
687 1069 829 1122 musione.
866 1068 967 1123 Preces

348 1140 522 1208 vespertinae.
542 1138 613 1208 (pag.
634 1138 810 1209 177.-182.).
838 1139 969 1194 Eeomeo

349 1211 532 1265 eonscientiae.

205 1323 221 1351 ,‚
276 1284 293 1335 9
346 1281 504 1340 Demetitis.

209 1352 313 1408 Ultimo
329 1353 381 1421 die,
400 1353 534 1420 completa
549 1351 722 1407 meditatione
740 1366 801 1405 oum
812 1350 970 1423 reflexione,
1049 1413 1053 1420 ,

171 1424 223 1478 erit
241 1423 289 1482 SS.
314 1424 415 1480 Missae
439 1422 610 1492 Sacrificium,
637 1423 687 1478 sub
713 1437 765 1490 quo
790 1424 971 1481 exercitantes

171 1494 298 1550 secedent
316 1495 351 1550 ad
369 1495 397 1553 S.
416 1495 640 1550 communionem.
678 1493 783 1548 Deinde
810 1494 858 1549 fiet
874 1496 970 1550 ultima

172 1567 366 1634 Considcrotio,
381 1573 477 1636 postea
487 1566 643 1620 recitabitur
658 1566 695 1620 Te
707 1567 797 1620 Deum
811 1566 881 1635 (pag.
896 1568 969 1638 225.)

170 1646 199 1694 et
228 1653 322 1707 preces
349 1638 384 1692 ad
415 1637 569 1692 lucrandam
598 1636 789 1705 indulgentiam
819 1638 969 1706 plenariam

171 1709 242 1779 (pag.
263 1709 347 1778 173.);
376 1709 482 1764 demum
500 1708 628 1763 exercitia
645 1707 835 1763 concludentur
852 1709 969 1764 Benedi-

170 1782 258 1836 ctione
276 1797 336 1835 oum
354 1780 402 1835 SS.
421 1780 602 1834 Sacramento.

206 1851 378 1907 Notanda.
416 1852 445 1905 1⁰
464 1851 603 1906 Silentium
621 1851 746 1919 religiose
770 1858 829 1905 tota
847 1849 891 1905 die
910 1867 966 1907 ser·

170 1921 287 1976 vandum
304 1929 354 1980 est.
381 1923 411 1976 2⁰
429 1923 529 1977 Curent
546 1937 646 1991 omnes,
675 1930 706 1978 ut
722 1930 843 1994 tempore
862 1924 969 1990 possint

170 1992 265 2048 edesse
282 1995 311 2047 in
329 1994 462 2049 exercitiis
481 1993 670 2048 communibus.
694 1993 724 2047 3⁰
742 1993 804 2047 Non
821 1993 884 2047 lieet
903 1995 969 2050 seri·

170 2064 234 2118 bere
254 2065 303 2119 sub
321 2065 526 2133 praeparatione
545 2063 732 2133 meditationis,
746 2079 833 2132 neque
848 2065 898 2119 sub
913 2081 969 2122 me·

171 2134 300 2191 dudone
325 2143 352 2190 et
375 2135 546 2192 conferentia.
583 2136 614 2189 4⁰
631 2135 694 2190 Non
711 2137 774 2190 licet
792 2135 966 2194 deambulare

170 2206 199 2260 in
216 2221 318 2270 museo,
343 2222 378 2262 ne
405 2207 451 2262 olii
468 2207 618 2263 turbentur.
656 2208 685 2261 5⁰
703 2206 824 2261 Officium
848 2207 969 2263 divinum

171 2277 281 2331 alternis
306 2278 394 2333 choris
420 2278 549 2333 recitatur
567 2279 596 2332 in
619 2279 741 2333 ecclesia.
778 2279 808 2333 6⁰
826 2277 967 2336 Confessio

170 2348 273 2403 institui
297 2357 388 2418 potest
412 2365 577 2418 quecumque
600 2351 676 2418 hora,
706 2357 819 2418 excepto
844 2357 967 2420 tempore

169 2418 280 2487 Missae,
297 2422 512 2488 praeparationis
523 2420 773 2490 admoditationern,
786 2420 968 2478 meditationis

171 2497 199 2544 et
216 2489 405 2546 conterentiae.
442 2492 472 2546 7⁰
496 2492 609 2546 Praeter
633 2492 745 2547 Missum
770 2493 967 2550 communitatis

169 2561 244 2616 nulla
261 2562 412 2617 celebratur
430 2563 483 2618 ulia
502 2564 535 2617 ob
554 2564 773 2618 exercitantibus.
805 2563 907 2618 Ultima
924 2564 969 2620 (lie

169 2630 201 2686 fit
219 2632 374 2688 Communio
399 2636 539 2703 generalis.
577 2635 608 2687 8⁰
626 2635 654 2688 Si
678 2649 732 2702 qua
759 2635 894 2703 exemptio
919 2652 967 2692 ne·

170 2704 288 2760 cessaria
305 2706 347 2776 sit,
365 2705 480 2762 facultas
488 2707 589 2774 petitur
603 2705 753 2775 opresside
766 2706 968 2778 exercitiorum,

169 2775 245 2831 cuius
264 2782 313 2845 ost,
332 2777 444 2832 sollicite
463 2792 565 2848 curere,
584 2785 615 2832 ut
633 2778 721 2833 omnia
740 2777 773 2832 ub
786 2777 909 2834 omnibus
923 2795 966 2835 or·

170 2845 260 2902 dinate
278 2847 352 2906 finnt.
