2152 3234
334 211 366 251 De
380 210 521 251 incremento
534 211 678 254 Matrimonii.
865 209 907 254 stt

104 311 307 382 contrahebant,
336 318 364 367 et
381 327 441 367 cum
460 328 493 368 ea
511 312 636 368 continuo
660 311 693 366 in·
713 311 844 368 adulterio
861 313 904 368 vi·

103 384 213 438 vehant.

140 455 211 509 Huic
228 454 384 523 gravismmo
403 454 473 508 malo
491 461 522 509 nt
535 459 688 508 occurreret
706 469 738 508 ac
754 453 908 509 mederetur

104 525 263 580 Tridentina
276 525 407 595 Synodus,
421 525 546 580 Sessione
561 527 605 579 24.
620 525 653 579 de
666 523 775 583 reform
789 525 908 581 Matrim

104 601 208 665 cami
233 613 349 664 sequens
375 596 511 651 decretum
534 596 610 652 tulit:
641 596 695 666 Qui
712 597 798 662 aliter,
823 613 905 664 mecm

99 673 232 737 praesent
232 685 246 721 e
258 669 388 736 percote,
414 668 455 722 net
472 669 527 722 alio
546 667 684 722 suendae
701 668 764 724 cie
751 669 839 736 meins
851 684 904 736 po-

104 740 187 807 rochi,
205 739 247 792 oet
267 738 410 793 Ordinerii
433 740 550 806 licentia,
576 745 601 793 et
626 739 730 793 dnobus
752 739 794 792 cel
817 739 905 793 tribue

104 811 216 865 unctus
239 811 448 864 Matrimonium
473 809 629 864 contrahere
658 811 835 879 attentabunt,
861 826 906 864 eos

104 887 201 935 sonmo
219 881 346 950 Synodns
364 881 402 934 ad
420 883 458 936 sio
476 881 687 935 contrahendam
701 883 809 935 omnino
827 882 904 934 inita-

103 953 169 1006 biles
183 952 281 1020 reddit,
301 958 325 1007 et
338 953 493 1006 huiusmodi
505 957 658 1006 contractus
671 955 763 1007 irritos
777 958 802 1006 et
814 953 904 1006 nultos

105 1039 160 1078 esse
177 1023 304 1091 decernit,
318 1029 403 1092 prout
412 1039 456 1078 eos
460 1026 601 1092 praesenti
613 1024 716 1078 derrew
729 1025 903 1091 irritassent

103 1101 129 1148 et
147 1095 290 1153 annotini.
303 1134 310 1150 .
322 1135 346 1149 ..
364 1096 481 1163 Insuper
494 1095 646 1163 parociam
658 1096 699 1149 oei
716 1097 801 1151 aliem
815 1111 901 1149 sacer-

103 1165 200 1233 dotern,
220 1168 267 1234 qni
284 1181 344 1220 cnm
361 1168 464 1220 minore
481 1168 588 1221 testium
600 1183 711 1224 numero
810 1167 902 1220 huius·

102 1237 179 1291 niceti
197 1239 349 1291 contonat
364 1237 543 1305 interfuerint,
563 1278 627 1294 ...
645 1239 764 1306 oranter
788 1239 902 1292 arbitrio

104 1306 249 1362 ordinarii
268 1310 368 1376 puniri
387 1310 532 1377 pracepit.
575 1308 703 1362 Deseruit
727 1310 846 1377 insuper,
873 1316 904 1363 nt

102 1379 261 1433 huiusmodi
277 1379 447 1434 demoenm'
435 1396 465 1432 en
488 1395 653 1448 unoquoque
673 1380 807 1448 parochio
824 1395 904 1434 ιιιιιιιι

103 1450 188 1504 robur
200 1455 266 1519 poet
282 1452 396 1520 trioima
419 1451 477 1504 dies
498 1451 594 1504 hocne
617 1451 732 1519 incipiet
750 1467 768 1504 a
787 1449 831 1504 die
844 1455 904 1519 pri-

103 1537 165 1575 mae
177 1522 402 1590 publicationis
389 1539 420 1576 an
438 1521 530 1575 eadem
543 1515 678 1589 parociis
698 1521 790 1588 factae
813 1537 904 1576 nume·

103 1592 264 1647 tancies.—
274 1593 306 1646 In
315 1594 367 1648 hoc
377 1592 485 1648 decreto
496 1592 613 1648 ostendit
623 1592 703 1648 conc
718 1591 791 1646 Trid.
802 1607 831 1646 se
849 1609 904 1647 non

103 1663 211 1717 irritare
230 1663 316 1719 solnm
334 1663 542 1734 Sacramentum,
561 1663 610 1718 sed
628 1663 708 1717 etiem
726 1670 904 1733 contractum

103 1734 158 1788 imo
171 1734 232 1790 ideo
246 1735 454 1804 Sacramentum,
468 1737 531 1803 quia
545 1742 721 1803 contractum
741 1742 904 1789 contractum

103 1820 170 1860 vero
189 1821 218 1861 se
229 1807 352 1874 irritare,
370 1805 507 1861 reddendo
525 1822 655 1876 personas
672 1805 804 1860 inhabiles
822 1805 905 1860 edsio

103 1877 323 1932 contrahendum.
341 1879 378 1932 Et
395 1879 434 1932 ita
450 1878 516 1932 nihil
533 1879 577 1931 hic
596 1877 709 1932 ecclesia
726 1877 905 1946 praesumpsit

105 1949 178 2002 mrsu
195 1950 334 2004 materiam
353 1955 400 2003 aut
417 1947 529 2004 formam
548 1949 726 2016 Sacramenti;
744 1955 846 2002 tantum
864 1947 903 2002 ie·

104 2020 149 2088 cit,
169 2026 199 2073 ut
217 2037 277 2074 oum
294 2021 463 2088 requirantur
481 2036 612 2090 personne
631 2021 765 2089 legitimae
784 2026 811 2074 et
828 2019 903 2074 habi·

104 2091 154 2156 lea,
173 2092 226 2144 inm
242 2092 346 2146 habiles
364 2108 419 2146 non
436 2092 497 2161 sint,
517 2107 585 2160 quae
604 2092 670 2146 alias
688 2091 808 2146 fuissent.

139 2162 184 2215 Ex
202 2161 279 2217 dictis
297 2163 425 2232 sequntur,
451 2171 603 2218 contractus
620 2163 797 2218 clandestinos
815 2162 905 2217 irritos

103 2233 384 2300 esseinomnibns1)
410 2241 437 2288 et
461 2233 525 2289 solis
553 2234 686 2302 parochiis
712 2241 739 2288 et
764 2235 839 2301 locis,
858 2233 904 2287 ubi

102 2303 215 2358 Consilii
229 2303 364 2360 decretum
378 2304 513 2376 (quatale)
526 2305 723 2375 promulgatum
736 2304 802 2373 fuit;
823 2320 903 2372 quam

117 2483 140 2535 ¹)
155 2485 208 2524 Pius
221 2483 284 2524 VIII.
299 2485 364 2525 Brevi
378 2486 407 2525 ad
422 2485 517 2535 episcop.
533 2485 625 2525 Rhenum.
640 2486 661 2525 cl.
677 2486 698 2525 d.
711 2485 747 2526 25.
762 2486 825 2529 Mart.
841 2485 903 2531 1830.

156 2551 227 2591 voluit
236 2554 259 2590 et
270 2552 389 2599 mundavit,
403 2555 429 2590 ut
443 2552 601 2600 „Matrimonia
614 2554 690 2601 mixta,
704 2563 760 2601 quac
774 2554 868 2603 posthac
881 2554 904 2593 in

157 2615 223 2656 hntun
249 2617 375 2665 provincius
397 2615 531 2655 dioecesibus
551 2617 732 2656 contraherentur
751 2629 794 2657 non
816 2620 905 2657 remota

157 2681 229 2720 formu
243 2692 257 2720 a
271 2681 399 2721 Tridentino
413 2680 510 2720 Concilio
525 2682 668 2730 praescripto,
692 2681 711 2720 si
725 2682 806 2721 starium
820 2682 904 2722 nullum

156 2745 217 2785 alind
231 2747 304 2785 obstat
319 2745 447 2785 canonicum
466 2746 568 2786 dirimens
588 2745 773 2795 impedimentum,
794 2757 834 2795 pro
849 2747 903 2786 rutis

157 2823 183 2850 nc
197 2812 256 2850 veris
270 2811 385 2851 connubiis
399 2810 545 2855 trabearum·
566 2809 634 2860 (Cotto.
645 2824 705 2863 prov.
722 2812 791 2852 Coton.
805 2825 826 2856 a.
841 2811 901 2853 1860.

155 2879 188 2916 iit.
203 2877 235 2916 ΙΙ.
250 2887 295 2926 cop.
310 2875 352 2926 17.)
