2152 3234
9 557 12 636 i

9 757 11 836 i

344 161 376 201 De
390 162 530 201 sacramento
544 162 687 204 Matrimonii.
873 158 914 202 tat

110 265 161 320 bsts'
174 279 303 332 expresso
321 264 392 317 inter
401 279 535 331 personas
548 263 739 318 deminutae
756 269 782 318 st
799 263 833 318 de
853 265 914 320 iesse

110 337 149 390 od
167 334 380 390 condatensium
397 335 507 389 bobstee.

147 406 244 461 Omnia
257 405 400 474 sponsalia,
420 406 476 460 sive
490 406 596 474 publice
611 405 667 460 sivo
682 404 846 460 clandestine
860 407 914 462 sint

110 484 257 545 contracta,
285 477 358 532 hisce
378 476 572 532 conditionibus
589 477 696 545 vestita,
725 491 791 530 vers
809 484 836 531 et
854 484 914 532 rata

110 550 268 618 subsistunt,
287 555 314 602 et
331 565 365 602 eo
383 549 443 602 s'ssre
455 550 580 603 naturali
591 563 700 617 manem
717 547 846 602 inducunt
867 549 913 602 ob·

108 620 267 690 ligationem
289 626 345 672 tum
370 619 543 674 contrahendi
566 619 765 674 Matrimonium
790 625 912 687 tempore

109 689 242 760 praefixo,
271 690 314 743 vel
333 706 466 759 congruo,
491 698 548 745 tum
565 707 619 745 non
636 689 792 746 transeundi
808 689 842 744 ed
861 690 914 744 siia

110 768 194 829 vota;
213 777 247 815 ex
259 763 319 815 isere
332 763 461 815 woootoo
476 769 565 817 autem
576 763 684 830 pariunt
696 761 913 829 impedimentum

104 833 241 903 publicae
257 833 418 901 honestatis,
447 833 519 901 quod
537 833 666 902 perdurat
684 833 764 887 etiam
783 831 913 901 sponsali·

109 907 162 959 bus
181 904 291 972 solutis,
318 901 459 959 dummodo
477 920 541 960 vere
568 919 660 960 omnes
679 904 766 958 diotae
784 903 913 958 conditio·

108 976 187 1045 nes²)
207 974 326 1031 oderant.

150 1045 285 1113 Obligatio
305 1047 468 1114 sponsalium
487 1046 566 1101 etiem
581 1047 730 1101 iuramento
748 1045 913 1101 firmatorum

110 1134 147 1174 et
163 1123 280 1184 utroque
293 1123 375 1186 porte
393 1120 497 1173 totlitur
514 1124 561 1172 eut
579 1119 755 1186 exstinguitur
762 1129 773 1172 ε’

150 1193 175 1242 1.
193 1189 248 1242 Per
265 1204 423 1244 eonsensum
438 1196 530 1244 mutuo
550 1188 639 1258 (etiam
653 1190 710 1244 sine
724 1189 814 1257 oense)
833 1203 911 1243 revo-

110 1267 210 1316 catum
246 1262 273 1316 2.
291 1260 345 1313 Per
359 1259 508 1316 dissensum
520 1260 599 1314 unius
613 1261 698 1329 partis
712 1260 881 1328 pubertatem
889 1260 911 1330 ²)

111 1330 239 1398 adeptae,
267 1331 290 1384 si
307 1331 430 1399 impubes
448 1332 588 1399 contraxit,
616 1338 737 1399 tempore
757 1339 846 1386 sutem
863 1332 911 1384 im·

110 1401 263 1471 pubertatis
282 1402 387 1457 solvere
401 1403 558 1472 prohibetur
577 1403 717 1470 (Ferrorte
733 1419 807 1456 aum.
827 1405 867 1456 19.
887 1407 912 1456 et

110 1475 173 1540 20.)
211 1474 236 1526 3.
254 1472 308 1527 Per
326 1475 523 1543 susceptionem
541 1489 576 1528 ss.
590 1472 727 1540 ordinum,
745 1473 790 1527 vel
808 1471 913 1541 profes·

111 1543 216 1598 sionem
233 1544 393 1612 religiosam.
430 1549 456 1600 4.
481 1546 535 1600 Per
552 1541 795 1613 impedimentumi)
818 1543 914 1597 Metri-

128 1706 150 1760 ι)
164 1709 288 1758 sponsatis,
307 1719 364 1758 quse
377 1709 433 1749 sunt
448 1709 499 1748 dnm
512 1709 588 1749 subest
605 1709 783 1758 impedimentum
802 1706 913 1756 dirimens,

167 1786 195 1814 ex
214 1775 361 1815 decisionibus
380 1771 402 1813 S.
418 1774 440 1817 (ι.
455 1775 479 1816 (ι.
494 1773 521 1823 (e.
536 1771 603 1823 512,
618 1776 668 1828 Deo,
684 1771 752 1825 1733.)
771 1775 823 1814 sunt
844 1772 913 1822 uuile,

167 1851 208 1884 neo
221 1841 312 1890 pariunt
330 1840 507 1891 impedimentum
524 1840 626 1888 publicae
643 1841 779 1889 honestetis‚·
807 1840 914 1888 iuduunt

165 1907 242 1945 tamen
256 1905 382 1945 absolutam
391 1905 550 1954 obtigsstonem
564 1906 705 1954 exspectandi
717 1908 819 1945 eventum
826 1904 914 1954 petitio·

167 1971 202 2010 nis
217 1971 243 2011 de
254 1972 374 2012 obtinenda
383 1971 555 2021 dispensatione,
568 1972 587 2011 si
602 1972 781 2021 impedimentum
789 1973 819 2012 ιιι
827 1972 914 2020 dispen-

167 2041 244 2084 sabile.
272 2041 325 2092 (Cir.
339 2042 423 2083 Sroos'ssi
436 2033 638 2092 troct.12.disp.2.
653 2055 698 2093 cop,
708 2041 730 2081 2.
746 2055 780 2094 qss.
793 2041 808 2082 4
822 2046 844 2082 et
856 2043 914 2082 Asso·

166 2107 220 2146 teoto
233 2108 287 2146 iaris
301 2108 383 2158 Pontis.
397 2109 439 2148 Ser.
455 2109 500 2151 ΙΙΙ.
514 2109 552 2148 soi.
568 2107 625 2156 122.)
653 2106 770 2157 Sponsalia
787 2118 837 2147 enm
850 2110 914 2158 perte

166 2172 292 2212 acatholica
305 2175 421 2213 eontracta
434 2175 460 2212 ut
474 2172 604 2223 sponsalitia
619 2173 706 2212 omniuo
721 2173 782 2212 nulla
796 2175 854 2222 sunt,
868 2176 915 2212 tem

166 2238 190 2276 in
199 2237 248 2276 ioro
259 2240 357 2287 externo,
371 2249 437 2287 quam
445 2240 540 2286 interno,
556 2237 643 2278 etiamsi
654 2239 768 2278 cautiones
778 2243 914 2288 opportunae

167 2303 254 2353 adsint,
267 2315 308 2344 neo
324 2305 424 2344 nascitur
436 2315 463 2344 ex
477 2305 504 2343 iis
518 2304 572 2343 tides
582 2303 719 2353 sponsalitia,
733 2304 792 2353 quie,
807 2305 864 2353 quod
878 2315 914 2345 ve·

166 2369 232 2407 titum
246 2371 292 2419 est,
315 2380 379 2409 nemo
399 2371 473 2418 potest
487 2369 609 2418 spondere3
630 2370 731 2410 contrabi
749 2372 823 2408 tamen
840 2372 915 2420 potest

168 2433 273 2482 obligatio
287 2435 389 2483 moralis,
416 2445 460 2483 qua
474 2434 509 2474 vel
523 2435 616 2483 petendo
631 2435 660 2474 sit
675 2435 819 2484 dispensatio,
833 2436 868 2474 vel
881 2435 914 2474 ia·

168 2499 245 2539 otends
260 2501 377 2544 restitutio.
400 2501 454 2540 Post
467 2501 654 2550 dispensationem
667 2501 741 2541 selide
755 2502 840 2549 quidem
855 2505 913 2551 sunt,

169 2565 207 2606 sed
219 2567 307 2607 isoiiius
322 2568 444 2616 solvuntur,
459 2567 511 2616 quie
525 2567 617 2607 eeclesia
631 2567 700 2608 mixta
714 2567 855 2608 Matrimonia
868 2579 913 2608 uon

168 2634 283 2682 spprobat,
299 2633 337 2674 sed
350 2635 437 2674 tantum
450 2633 566 2682 permittit.

128 2693 151 2749 ¹)
166 2697 237 2758 Rubos
255 2699 340 2747 iaetus,
361 2699 425 2739 debet
440 2699 524 2740 resilire
539 2698 621 2748 statim,
640 2699 655 2739 i.
669 2711 688 2739 s.
703 2699 791 2738 eireiter
804 2699 861 2739 inter
874 2701 914 2740 tri·

170 2765 237 2804 duum
251 2776 265 2806 a
279 2765 313 2806 dis
328 2765 459 2814 oognitionis
472 2767 520 2804 turn
532 2765 664 2815 pubertatis,
678 2768 725 2804 tum
738 2765 852 2814 privilegii.

128 2828 151 2882 ⁸)
165 2829 206 2878 Qui
221 2832 323 2881 apposnit
336 2831 521 2883 impedimentum,
535 2843 576 2883 per
589 2843 613 2872 ss
627 2833 691 2872 debet
705 2830 781 2870 mediis
797 2831 914 2872 ordinariis
