2146 3234
327 170 360 210 De
374 169 513 211 Sacramento
527 171 668 215 Matrimonii.
856 169 898 212 608

101 301 135 312 -
151 269 180 325 Si
198 276 287 325 antem
300 268 437 338 Oratores,
455 270 499 325 vel
518 270 612 326 saltem
630 287 698 326 unus
717 287 809 327 eorum
827 271 896 328 falso

98 343 179 410 iuret,
196 340 319 409 negando
344 355 374 395 se
397 341 523 396 habausse
549 341 697 410 praefatam
715 359 798 412 spem,
818 359 897 412 quam

100 427 197 468 revera
214 407 316 480 habuit,
335 411 508 481 dispensatio,
528 419 555 466 et
572 411 634 466 inde
653 413 818 481 subsequens
837 415 896 469 Ma-

99 483 255 539 trimonium
271 482 389 537 invalida
406 489 482 552 sunt,
502 485 565 550 quia
585 483 661 539 deest
674 499 749 539 mens
764 492 791 539 et
804 485 897 539 volun·

99 563 143 610 tas
162 553 340 622 dispensandi.
367 555 461 610 Potest
478 562 568 609 tamen
585 555 683 610 talibus
698 555 760 609 dein
773 557 899 626 succurri,

99 627 166 694 quin
184 627 288 693 seipsos
314 624 450 680 diffament
467 626 644 680 iuramentum
655 655 658 658 ·
669 625 767 681 falsum
792 626 898 694 publice

103 695 253 752 confitendo
279 704 308 751 et
332 697 395 764 quin
421 697 454 751 de
472 713 543 752 novo
562 697 787 766 dispensationem
806 704 900 766 petant

100 784 151 838 pro
169 767 228 823 ioro
248 774 367 836 externo,
386 769 410 823 si
423 783 518 836 nempe
532 769 664 823 scribatur
677 785 728 837 pro
747 769 785 824 eis
804 769 839 823 ad
857 785 900 825 sa-

100 855 173 894 cram
182 839 424 907 Poenitentiariam,
439 839 578 908 allegando
591 839 706 894 fideliter
720 855 817 910 casum,
833 855 897 908 qua·

100 911 163 965 liter
181 926 240 964 cum
262 911 329 978 ipsis
351 909 386 964 ad
410 911 574 979 praecedens
599 909 696 966 falsum
719 911 897 966 iuramentum

102 981 285 1050 dispensatum
311 980 399 1050 fucrit,
425 989 452 1036 et
476 981 604 1051 rogando,
629 989 666 1052 ut,
693 999 752 1037 cum
771 981 896 1037 delictum

99 1068 199 1107 novum
223 1058 250 1106 et
273 1052 424 1107 invaliditas
449 1053 612 1108 Matrimonii
635 1053 740 1122 publice
767 1055 896 1109 connecti

93 1124 216 1178 existant
241 1123 352 1190 occulta,
377 1123 533 1193 dispensare
559 1124 682 1193 dignetur
710 1123 744 1178 ad
770 1124 895 1180 evitanda

97 1193 226 1250 scandala
235 1195 423 1248 verosimiliter
441 1196 543 1250 oritura
557 1211 591 1250 ex
605 1211 697 1250 eorum
710 1198 896 1266 separatione3

98 1281 164 1321 casu
182 1265 251 1319 enim
269 1267 307 1320 ita
324 1273 433 1320 narrato
452 1267 521 1321 solet
539 1266 566 1320 S.
579 1267 790 1322 Poenitentiaria
807 1268 835 1322 in
853 1283 895 1323 se-

99 1343 173 1391 creto
188 1335 356 1406 dispensare,
376 1336 517 1392 dummodo
532 1353 594 1405 spes
606 1337 653 1392 illa
666 1337 765 1408 habita,
785 1345 812 1393 et
824 1341 896 1394 iura·

100 1413 218 1462 mentum
236 1407 305 1463 falso
324 1407 473 1476 depositum
488 1408 575 1462 adhuc
587 1408 640 1462 sint
652 1409 763 1478 occulte,
783 1416 810 1463 et
819 1425 895 1465 scan-

99 1477 163 1533 dala
181 1493 215 1532 ex
233 1479 402 1546 separatione
421 1479 607 1533 verosimiliter
625 1479 689 1533 oriri
706 1487 825 1547 possent.

137 1550 278 1606 7⁰Dicta
295 1551 420 1604 mulier
439 1549 625 1604 diffamata
638 1550 896 1619 etinnuptare·

100 1628 273 1690 maneret,
299 1621 497 1689 graviaque
524 1620 606 1675 inde
632 1620 803 1676 scandala
824 1637 897 1688 pos·

5 1683 7 1758 ξ
101 1698 182 1746 sent
199 1693 462 1746 verosimiliter
480 1692 627 1746 exoriri.
646 1691 690 1746 Ad
708 1691 897 1746 verificandum

5 1767 7 1836 ζ
100 1763 171 1817 lianc
189 1763 334 1818 clausulam
352 1779 406 1818 non
424 1770 466 1818 est
483 1778 602 1832 necesso,
627 1769 658 1817 ut
681 1762 812 1820 scandala,
830 1769 897 1817 tem·

5 1843 6 1858 ³
100 1848 168 1903 pore
181 1834 374 1902 impetrationis
385 1834 429 1888 vel
439 1835 617 1889 exsecutionis
626 1834 775 1888 litterarum
790 1833 896 1902 dispen-

100 1905 213 1961 sationis
238 1911 299 1960 actu
322 1906 376 1959 iam
400 1906 516 1974 vigeant,
541 1906 585 1959 vel
608 1913 681 1960 certo
709 1913 736 1960 et
759 1905 898 1960 evidenter

101 1983 231 2030 eventura
248 1976 398 2045 credantur,
417 1976 465 2032 sed
483 1976 578 2032 sufficit
595 1976 741 2044 probabilis
758 1977 839 2031 timor
856 1991 898 2032 se·
956 2015 960 2028 .

100 2054 257 2102 cuturorum
265 2047 458 2118 scandalorum,
467 2065 493 2101 v.
503 2064 528 2116 g.
542 2048 738 2102 inimicitiarum
747 2048 816 2103 inter
830 2047 896 2103 Ora·

99 2125 190 2173 torum
208 2119 427 2188 consanguineos,
451 2119 495 2173 vel
517 2119 723 2174 incontinentiae
747 2118 898 2188 Oratorum,

100 2190 145 2244 vel
172 2189 243 2258 quod
269 2191 364 2244 mulier
388 2187 524 2245 diffamata
549 2206 603 2244 non
620 2191 707 2258 possit
723 2191 835 2259 amplius
854 2191 899 2244 alii
935 2203 939 2208 ·

102 2268 287 2330 competenter
303 2260 404 2315 nubere
430 2269 458 2314 et
475 2261 527 2316 hoc
544 2262 603 2329 ipso
622 2261 759 2316 subiaceat
776 2261 896 2330 periculo

100 2332 316 2388 incontinentiae.
340 2331 410 2385 Hinc
428 2333 491 2402 quia
509 2347 580 2399 casu,
600 2347 652 2398 quo
671 2334 767 2401 copula
784 2334 837 2387 iam
855 2340 897 2387 est

100 2403 216 2472 publica,
238 2410 432 2470 consequenter
456 2400 551 2457 mulier
569 2402 712 2472 diffamata,
738 2404 782 2458 vel
805 2404 898 2458 Matri·

101 2474 219 2528 monium
236 2475 289 2529 iam
307 2474 357 2528 faut
375 2481 548 2540 contractum,
566 2473 699 2528 ordinarie
714 2473 899 2530 scandalorum

101 2544 222 2613 pericula
240 2553 302 2600 sunt
318 2545 443 2614 timenda,
468 2546 520 2600 nisi
539 2543 716 2614 dispensetur,
743 2553 834 2614 potest
852 2561 897 2600 ex·

101 2621 209 2671 secutor
233 2617 291 2670 sine
315 2617 440 2685 scrupulo
466 2623 494 2671 et
520 2616 604 2670 multa
620 2616 744 2686 indagine
761 2618 790 2670 in
807 2617 898 2671 huius·

101 2685 175 2742 modi
193 2687 298 2742 casibus
316 2687 480 2757 dispensare,
499 2687 605 2756 quando
618 2687 744 2742 scandala
762 2688 898 2742 exoritsua

5 2773 6 2780 ¹
102 2757 212 2812 fuerunt
229 2758 359 2827 allegata3
383 2759 454 2828 quia,
480 2773 550 2827 quae
575 2758 709 2813 ordinarie
735 2759 898 2827 contingunt,

100 2843 208 2898 semper
224 2829 389 2898 probabilem
409 2838 520 2886 causant
546 2830 668 2885 timorem
685 2830 819 2885 ulterioris
838 2845 900 2884 con-
