2124 3230
300 155 364 196 mens
379 156 503 198 celebreudl
517 157 608 198 itisssm
623 157 746 202 solemnem
882 155 923 198 389

122 253 262 310 decenum
276 272 293 310 s
305 257 428 322 sinistris,
443 265 586 326 entequcm
607 257 734 314 ascendat
747 257 782 312 ud
798 259 891 328 eliens,
901 260 922 330 ²)

122 325 184 380 iecit
202 343 262 382 cum
280 328 345 396 ipsis
364 329 557 384 confessionem
576 336 607 384 ut
625 345 707 397 supre
726 330 796 398 (pag.
812 331 892 399 313.).

156 398 205 452 De
223 399 478 454 incensatione.
486 401 507 470 ²)
523 399 655 455 Sacerdos
668 401 740 454 fecte
753 400 921 457 confessione

121 469 241 524 escendit
259 486 319 524 cum
336 471 463 526 ministris
482 471 518 526 sd
535 471 650 526 medium
669 472 770 540 ulteris,
789 472 835 526 ubi
850 471 920 528 dicto

120 539 239 596 Oramus
252 547 284 607 tc,
303 542 428 609 Molee,
448 549 476 597 et
494 543 613 611 esculeto
632 544 718 612 ultori,
736 544 813 611 ponit
831 543 920 598 incen-

122 626 180 664 sum
186 613 215 666 in
224 613 396 681 thuribulum,
407 614 573 668 ministrante
581 614 692 669 diesem
702 615 852 669 naviculum
858 612 879 684 ³)
894 621 921 669 et

119 682 301 737 thurifericrio
319 685 491 738 thuribulum.
528 685 585 755 (SS.
606 685 778 740 Secremento
797 685 919 752 exposito

119 753 170 808 boc
188 770 244 809 non
261 753 292 809 iit
304 756 333 808 in
346 756 433 810 medio
448 757 548 825 citeris,
568 756 616 812 sed
636 757 769 812 tentillum
785 757 920 811 conversis

118 823 235 880 humeris
262 825 297 880 ed
320 843 403 882 cornu
421 828 574 896 Evangelii,
599 827 668 882 iocis
692 844 757 883 vero
784 827 819 882 sd
837 843 920 882 cornu

118 895 259 963 Epistolee
278 913 365 953 verse
403 898 576 966 Gardellini.)
609 900 745 954 Diecouus
764 915 858 968 pamm
880 899 920 952 in·

117 967 230 1024 obustus
249 984 345 1024 versus
364 969 543 1024 celebrantem
561 971 639 1025 dicit:
658 971 822 1038 Benedictio,
838 975 921 1038 peter

115 1039 265 1106 reverende,
295 1048 323 1094 et
340 1041 505 1111 osculaturi)
531 1043 655 1098 cochlear
679 1050 707 1098 et
731 1059 826 1098 menus
851 1042 919 1096 cele·

131 1240 153 1289 ι)
168 1243 194 1282 Iu
208 1242 313 1290 ingressu
328 1241 458 1282 celebrantis
479 1245 500 1281 et
519 1243 670 1283 ministrorum
689 1243 717 1282 ed
731 1243 816 1292 altere,
838 1243 919 1296 inquo

168 1311 232 1358 patet
255 1309 430 1356 sacromentum,
452 1319 526 1348 omues
546 1309 624 1348 debent
645 1309 790 1358 genuflectere
812 1310 835 1348 in
853 1309 919 1358 pleno

169 1374 269 1423 cupellee
285 1377 378 1422 utroque
397 1385 454 1423 genu
474 1376 495 1413 st
515 1374 579 1414 simui
598 1381 664 1424 ceput
685 1373 792 1422 profunde
805 1373 913 1412 inclinare

169 1442 239 1480 Facta
253 1451 305 1479 sero
320 1441 456 1480 consessione
471 1441 553 1490 absque
572 1440 617 1479 ulie
632 1439 782 1488 genuflexione
797 1441 919 1479 escendunt

168 1505 197 1544 sd
211 1506 288 1553 eltsre,
303 1506 341 1544 ubl
355 1507 457 1554 deinceps
470 1506 622 1554 genuflectunt
635 1504 700 1542 unico
714 1514 777 1552 genu,
792 1508 817 1541 ut
831 1504 919 1552 expedi-

170 1571 240 1610 tiores
255 1571 306 1609 sint.
335 1569 461 1620 (Gardells'ei
476 1573 498 1609 et
512 1569 562 1610 Gon.
574 1573 632 1620 port.
646 1570 676 1608 Π.
692 1571 724 1607 ili.
739 1567 771 1610 14.
785 1581 805 1606 ss.
821 1568 852 1617 5.)

127 1631 149 1684 ἱ)
164 1635 333 1682 Qusudoliiisse
346 1639 450 1676 cantetur
460 1635 508 1675 sine
519 1636 633 1683 ministris,
647 1645 693 1673 nou
706 1637 779 1682 potest
793 1634 919 1674 thurificari

168 1701 247 1739 nitere.
276 1699 305 1751 (Β.
321 1701 346 1744 R.
362 1701 383 1740 c'.
397 1701 434 1742 22.
448 1703 497 1741 Jan.
513 1700 570 1748 1701,
584 1700 616 1744 18.
630 1700 680 1738 Dec.
695 1697 765 1748 1779.)

127 1762 150 1816 ³)
164 1766 192 1806 In
205 1765 248 1804 beo
260 1765 348 1806 rubrics
367 1778 412 1806 non
435 1767 523 1816 dicitur,
544 1766 646 1806 cochleas
659 1775 752 1804 secuum
771 1765 798 1804 de
817 1765 919 1805 nevicuie

167 1835 282 1880 occeptum
296 1833 416 1874 celebranti
431 1844 478 1874 esse
493 1833 635 1882 trudendum,
656 1832 695 1873 sed
708 1833 843 1872 solummodo
857 1833 919 1872 nevi·

166 1899 240 1938 cnlsm
254 1909 302 1939 esse
315 1899 482 1940 ministrandam
496 1901 510 1944 i.
525 1911 543 1940 e.
564 1901 689 1950 offere-isdem
704 1911 747 1938 esse
768 1899 885 1940 metocides
899 1903 919 1939 et

167 1965 262 2004 coclclecr
278 1966 301 2004 s'ss
316 1965 386 2004 sudem
400 1967 496 2006 ascens.

125 2027 146 2081 ⁴)
161 2021 309 2072 eommnmtsr
328 2033 425 2080 tenetur,
447 2032 568 2072 omittendo
592 2043 640 2072 esse
677 2033 753 2072 oscule
771 2041 860 2079 monus,
881 2041 917 2070 co·

166 2097 260 2137 chieeris
273 2101 295 2136 et
305 2098 419 2145 thuribuli,
434 2098 520 2147 quando
537 2099 650 2140 celebrans
663 2099 721 2138 inire
735 2100 826 2138 bilssem
840 2106 915 2136 eorem

165 2164 267 2212 exposito
286 2165 320 2206 SS.
336 2165 475 2206 sacramento
489 2165 633 2214 impositurus
652 2168 686 2204 est
700 2165 812 2204 incensum
826 2163 914 2214 inttbu·

165 2229 268 2268 ribuium.
280 2231 383 2278 Quemvis
397 2241 449 2270 vero
463 2232 563 2282 exposito
573 2231 714 2272 sacramento
724 2231 797 2276 omitti
807 2230 911 2276 debeant,

165 2296 242 2335 oscuie
255 2307 333 2336 menus
347 2298 371 2338 ei
383 2307 464 2345 rerum,
479 2308 535 2346 ques
550 2297 670 2338 celebranti
683 2297 833 2345 porriguntur,
848 2293 913 2337 nibil·

165 2363 252 2402 ominus
266 2363 420 2412 subdiaconus,
435 2364 492 2402 dicte
502 2364 601 2413 Epistola
615 2364 751 2404 osculabitur
765 2373 843 2402 meuse
854 2361 911 2414 cele·

164 2429 251 2468 brentis
265 2439 325 2468 ruore
340 2429 405 2471 solito
420 2431 442 2468 et
459 2429 488 2468 eb
501 2430 549 2478 ipso
568 2431 720 2477 benedicetur;
742 2429 846 2468 dissonus
861 2436 913 2465 vero
990 2447 991 2450 =

164 2495 257 2542 recipiet
270 2494 444 2534 benedictionem
458 2497 509 2534 ente
519 2494 662 2544 ilsengeiinm
675 2496 773 2534 demere
787 2496 809 2532 et
823 2502 913 2532 menum

163 2559 296 2598 celebrentis
315 2559 466 2607 osculebitur,
489 2560 547 2608 sicut
572 2561 660 2609 etipse
682 2561 795 2600 celebrans
816 2558 912 2598 osculeri

164 2624 229 2664 debet
243 2625 323 2664 librum
335 2624 449 2672 livsngelii
462 2636 476 2664 e
490 2625 624 2666 subdiacono
638 2627 681 2675 ipsi
694 2626 799 2666 deletum,
827 2625 912 2664 Rursus

163 2689 268 2730 decenus
290 2690 317 2729 ed
336 2688 473 2729 oblationem
490 2691 626 2730 osculebitur
645 2693 759 2740 petonem,
783 2689 874 2730 culicem
889 2691 912 2728 et

163 2765 253 2794 menum
262 2755 402 2803 celebrentis,
417 2757 464 2794 tum
477 2755 501 2794 iu
510 2755 552 2796 tius
562 2754 671 2794 Oretionis
682 2755 808 2794 Dominicus
823 2755 911 2794 eusdem

163 2826 266 2868 petonem
279 2822 302 2858 et
316 2829 404 2859 menum
418 2820 519 2859 similiter
532 2819 673 2860 osculebitur.
701 2819 762 2858 Unde
775 2821 850 2868 petet,
872 2819 910 2858 ille
