2108 3226
333 179 409 220 Tertia
422 178 544 228 mmmm
557 180 622 220 sodo.
835 175 875 222 181

92 277 173 332 tentiae
186 285 214 333 et
231 279 325 334 omnia
341 281 460 336 membra
478 282 598 351 corporis
617 281 678 350 mei,
700 281 801 350 tibique
824 283 876 340 soli

89 348 115 401 ait
124 349 206 404 honor
219 357 248 405 et
261 351 359 420 gloria,
379 367 396 406 a
409 368 470 421 quo,
489 369 539 421 per
552 369 640 422 quem,
660 360 688 406 et
700 353 729 406 in
742 369 795 420 quo
813 361 875 410 sunt

88 420 168 489 omnia,
186 422 232 489 qui
252 438 283 477 es
298 423 376 478 Deus
395 423 550 480 benedictus
570 430 598 479 et
615 423 757 479 laudabilis
774 426 802 478 in
816 441 874 481 sae·

85 489 133 543 cula
149 493 328 548 saeculorum.
364 494 460 549 Amen.

113 561 221 617 oblatio.
261 565 366 620 Servus
384 572 447 620 tuus
466 581 532 636 sum,
554 565 670 621 Domine
689 565 727 618 mi
746 565 829 634 Deus,
848 572 876 621 et

83 647 124 698 pro
138 635 237 690 tributo
258 637 399 692 servitutis
417 652 492 692 meae
512 637 612 705 aliquid
637 637 686 690 tibi
704 635 802 690 offerre
819 637 875 691 vel·

81 702 131 772 lem,
148 706 220 774 quod
239 708 385 762 maiestate
398 715 447 762 tua
460 708 574 777 dignum,
595 709 697 775 tibique
710 707 875 775 acceptabile

20 783 22 818 s
81 772 151 844 loret3
168 777 219 832 sed
239 778 350 832 excedit
363 794 468 834 omnem
480 779 634 834 facultatem
652 793 739 834 meam
756 778 875 833 debitum

81 860 163 926 meum,
181 848 249 916 quia
267 857 374 904 tantum
390 850 440 904 tibi
458 850 552 919 debeo,
572 851 711 919 quantita
725 851 808 919 vales,
827 850 875 918 qui

79 915 184 974 ufimtars
204 935 245 975 es.
284 921 323 975 Et
341 936 375 974 ex
392 937 435 976 ms
454 923 561 989 quidem
578 922 645 975 nihil
661 937 779 992 possum,
807 921 875 976 nihil

79 1003 141 1057 sam3
157 991 250 1046 habeo
270 998 362 1046 tamn
380 1008 414 1046 ex
432 993 519 1061 gratia
536 999 584 1047 tua
601 992 699 1047 donum
715 993 874 1063 praeclaris·

79 1059 170 1139 uuum,
188 1063 295 1116 Filium
309 1071 392 1133 tuum,
406 1064 550 1118 Dominum
564 1064 658 1119 Jesum
671 1064 813 1133 Christum,
828 1064 874 1133 qui

78 1136 109 1184 ita
124 1147 152 1186 se
170 1134 240 1187 mihi
262 1134 484 1204 communicavit,
512 1142 542 1189 ut
561 1150 610 1203 ago
628 1135 656 1188 iu
673 1135 719 1190 illo
739 1143 766 1191 et
782 1136 827 1190 ille
845 1136 874 1190 in

78 1217 113 1256 me
129 1204 171 1262 sit
202 1205 299 1273 Quare
317 1206 402 1260 verba
414 1206 566 1274 Prophetae
585 1206 625 1260 tui
644 1207 779 1274 aptissime
796 1223 873 1262 osun-

78 1274 152 1344 pabo,
182 1283 211 1330 et
232 1275 335 1331 dicam:
361 1277 479 1331 Benedic
505 1277 593 1331 anima
610 1292 671 1330 mea
687 1277 818 1347 Domino,
847 1283 875 1332 et

79 1347 165 1414 amnia,
185 1362 261 1415 quae
274 1349 346 1402 intra
359 1361 401 1400 me
416 1355 485 1418 suut,
503 1348 604 1403 nomini
618 1356 710 1403 sancto
725 1350 791 1404 eius.
810 1349 873 1417 Ipsa

79 1417 140 1471 anim
157 1418 251 1473 Filius
268 1425 331 1473 tuus
351 1416 429 1486 digne
447 1436 496 1488 pro
515 1435 558 1473 me
576 1419 676 1473 nomini
700 1426 747 1474 tuo
765 1418 873 1474 benedi·

80 1494 123 1557 cet,
139 1495 226 1557 taque
243 1490 343 1544 amabit
356 1496 384 1544 et
396 1490 562 1558 glorificabit.
590 1491 681 1558 Ipsum
694 1491 775 1558 igitiu
789 1489 873 1544 offero

79 1557 120 1612 tibi
134 1561 211 1616 velut
230 1561 379 1630 thymiama
396 1562 547 1618 suavissimi
571 1561 661 1616 odoris
681 1560 715 1614 ad
732 1561 874 1614 maximam

79 1635 144 1686 tuam
161 1632 280 1701 gloriam
308 1640 336 1686 et
363 1632 507 1702 honorem,
534 1634 562 1686 iu
580 1634 726 1700 gratiarum
743 1631 875 1686 actionem

79 1715 121 1767 pro
138 1704 276 1758 universis
294 1702 431 1758 beneficiis
448 1705 515 1772 tuis;
532 1705 562 1758 iu
579 1703 763 1758 remissionem
780 1717 874 1770 pecca·

79 1779 160 1829 torum
172 1791 298 1830 meorum
310 1781 338 1828 et
350 1775 433 1830 totius
446 1775 553 1842 mundi;
577 1774 612 1828 ad
631 1772 798 1842 impetranda
810 1773 875 1826 mihi

80 1849 103 1897 et
119 1848 253 1915 omuibus,
271 1862 322 1913 pro
336 1846 433 1912 quibus
448 1847 523 1900 oravi
539 1853 567 1900 et
580 1861 658 1900 orare
673 1844 767 1914 debeo,
787 1845 875 1899 omnia

28 1953 30 1959 ,
81 1915 195 1972 subsidia
221 1917 295 1972 vitae
313 1917 469 1985 temporalis
494 1925 521 1972 et
539 1923 681 1984 aeternae,
707 1923 734 1970 et
750 1932 800 1984 pro
819 1917 874 1970 aui·

81 1988 168 2045 nabas
188 1988 307 2043 omnium
325 1986 442 2041 fidelium
461 1988 653 2042 defunctorum.
682 1987 800 2057 Suscipe,
819 1989 874 2042 Do·

80 2059 151 2130 uina,
161 2076 233 2114 -cum
248 2059 301 2113 hac
315 2059 495 2114 sacratissima
512 2059 647 2114 oblatione
662 2060 776 2113 animam
788 2074 875 2113 meam

82 2136 105 2183 et
120 2147 219 2200 corpus
238 2145 337 2197 meum,
357 2145 448 2185 omnes
465 2132 538 2185 vires
558 2137 586 2184 et
609 2129 719 2185 affectus
737 2146 820 2199 meos,
845 2138 876 2184 ut

82 2201 124 2256 dm
135 2209 301 2273 perpetuum
315 2201 499 2256 holocaustum
517 2202 615 2269 iugiter
633 2201 729 2256 ardens
741 2201 875 2256 maiestati

80 2277 145 2330 onae.
174 2274 299 2342 Praesta,
318 2279 349 2326 ut
362 2272 488 2341 deinceps
501 2288 552 2326 nec
565 2272 691 2341 membra,
709 2289 759 2327 nec
772 2287 874 2341 seusus,

81 2357 122 2400 nec
139 2346 288 2415 potentias,
313 2343 462 2416 uecvitam
479 2343 602 2412 habeam,
627 2344 679 2398 nisi
696 2351 726 2398 ut
743 2351 770 2398 te
790 2358 875 2397 amem

82 2417 235 2472 eserniam
254 2415 312 2468 tibi.
345 2415 387 2468 Tu
405 2415 538 2483 sapientia
555 2429 623 2483 mea,
641 2421 671 2468 tu
688 2415 735 2468 lux
752 2429 812 2468 mea
831 2429 876 2481 es;

81 2492 105 2540 tu
120 2486 253 2544 fortitudo
267 2500 330 2539 mea
348 2493 375 2540 et
390 2487 473 2540 robur
485 2501 588 2554 meum;
608 2484 674 2540 doce
687 2501 738 2554 me,
756 2485 876 2539 illumina

81 2571 123 2629 me,
142 2558 293 2616 corrobora
310 2571 361 2626 me,
379 2564 410 2610 ut
423 2572 581 2626 cognoscam
600 2564 627 2610 et
644 2556 740 2610 faciam
753 2556 875 2609 volunta-

81 2635 125 2684 tem
143 2638 230 2685 tuam.
268 2626 359 2681 Offero
384 2643 426 2682 me
451 2629 501 2682 tibi
522 2629 551 2681 in
576 2642 683 2682 servum
707 2631 875 2694 perpetuum,

81 2715 171 2770 meque
191 2706 280 2754 totum
297 2699 405 2767 resigno
418 2699 447 2752 in
460 2699 657 2767 beneplacitum
670 2705 753 2766 tuum,
773 2697 877 2750 abiecta

80 2775 145 2828 omui
164 2771 199 2826 de
227 2785 271 2824 me
297 2785 360 2824 cura
385 2776 412 2825 et
430 2769 615 2826 sollicitudine.
653 2766 787 2836 Quidquid
812 2767 877 2820 mihi

84 2844 190 2900 evenire
209 2841 372 2911 permiseris,
400 2857 416 2896 a
434 2841 524 2895 diviua
541 2856 623 2894 mauu
639 2846 688 2894 tua
704 2836 877 2891 libentissime
891 2895 894 2905 ¹
