2108 3226
349 157 426 198 Allere
440 157 562 206 gratiarum
574 158 640 196 ectio.
854 153 895 196 iel

13 271 14 332 ζ
90 279 136 317 oro
155 269 240 330 aeque
260 262 393 329 obtestor,
419 267 449 314 ιιι
471 274 559 314 meum
582 260 611 312 in
636 275 683 313 cor
700 259 804 315 vividos
821 259 893 330 fidei,

91 335 148 402 epei
175 342 204 388 et
231 333 355 386 caritatis
380 347 475 386 sensus
502 337 581 398 atque
606 345 699 384 veram
724 338 895 398 peccalorum

91 421 211 459 meorum
224 403 429 472 poenitentiam,
449 417 534 468 eaque
548 401 707 455 emendandi
718 401 896 457 firmissimam

13 491 14 538 1
91 477 260 530 voluntatem
278 475 348 528 velis
366 475 530 542 imprimere,
557 472 619 526 dum
644 488 740 540 magno
759 473 839 526 enimi
858 473 896 526 ei-

13 613 14 618 ,
92 546 163 601 iectu
182 554 210 601 et
240 545 335 600 dolore
360 551 407 599 tua
432 546 547 612 quinque
573 545 686 598 vulnera
710 559 813 598 mecum
837 545 896 612 ipse

94 617 251 684 considero,
280 633 312 670 ac
330 624 419 670 mente
438 615 614 684 contemplor,
639 614 704 668 illud
729 629 794 682 pree
813 615 897 670 oculis

94 689 211 757 habens,
240 687 314 755 quod
338 688 392 740 iam
409 688 437 740 in
455 701 502 740 ore
520 703 569 740 suo
588 687 706 754 ponebat
723 685 813 739 David
830 686 896 740 Pro-

94 761 176 827 pheta
194 759 229 813 de
248 767 290 828 te,
321 775 337 813 o
355 759 425 812 bone
443 759 524 812 Jesu:
550 758 692 812 Foderunt
709 773 807 811 manue
824 773 898 812 meae

96 837 120 884 et
136 831 222 899 pedes
245 845 333 897 mecm
357 829 595 884 dinumeraverunt
619 830 711 882 omnio
738 845 800 882 cese
828 843 898 883 mea.

96 903 149 969 (Pe.
168 906 212 971 21,
235 905 278 955 17.
299 902 353 968 18.)
724 900 871 951 (Indmgmt.)

300 1061 402 1104 Altera
414 1063 591 1116 oratiarum
604 1063 694 1105 aeuo.

98 1149 194 1189 Allectus
210 1149 244 1197 pii
259 1159 286 1187 ex
300 1159 364 1186 secra
378 1147 491 1198 Scriptura
505 1151 527 1188 ei
540 1149 576 1192 SS.
592 1150 683 1190 Petrum
701 1150 790 1200 ecrlptie
804 1151 898 1194 collecti.

131 1255 241 1322 Inveni,
260 1268 340 1321 quem
358 1253 443 1322 diligit
461 1255 549 1308 anima
566 1271 639 1324 mea,
657 1257 731 1310 tenui
749 1271 823 1325 eum,
847 1271 899 1310 nec

99 1325 243 1393 dimittam,
271 1332 302 1378 ιιι
319 1323 478 1380 fiducialiter
503 1325 591 1380 dicere
616 1343 725 1394 queam:
755 1328 818 1382 vivo
837 1343 896 1396 ego,

98 1398 150 1450 inm
167 1413 225 1451 non
243 1411 303 1464 ego,
327 1397 395 1450 vivit
410 1414 476 1452 vero
494 1398 522 1451 in
539 1413 582 1451 me
602 1398 737 1454 Christus!
776 1399 862 1467 Nunc,
881 1413 898 1451 o

100 1469 179 1537 Jesu,
207 1468 317 1533 requies
336 1483 419 1537 mee,
435 1485 505 1522 nunc
524 1468 633 1524 dimittis
652 1485 759 1524 servum
777 1476 853 1522 tuum
869 1469 898 1522 in

100 1555 181 1607 pace,
201 1539 266 1605 quia
284 1537 409 1594 viderunt
428 1540 498 1594 oculi
515 1541 568 1593 mei
582 1541 699 1594 salutare
718 1549 808 1607 tuum,
826 1540 855 1592 in
871 1547 899 1594 te

100 1627 169 1663 nunc
188 1607 280 1662 deficit
305 1610 393 1664 anime
416 1625 494 1678 mee,
521 1611 598 1665 inte
623 1628 694 1664 nunc
720 1610 836 1664 exsultat
854 1625 901 1663 cor

100 1697 196 1735 meum.
234 1680 336 1734 Verum
354 1682 413 1748 quis
431 1682 496 1735 mihi
522 1681 580 1750 dat,
606 1698 622 1735 o
640 1683 715 1736 Deus
734 1680 821 1735 cordis
838 1681 899 1748 mei,

101 1753 170 1806 utin
184 1752 312 1819 amplexu
324 1759 371 1806 ιιιο
386 1753 454 1806 etin
472 1753 562 1808 osculo
581 1753 655 1821 pecie
673 1753 760 1806 laetus
778 1752 898 1806 moriar?

136 1823 159 1876 0
179 1823 262 1876 Jesul
282 1831 411 1892 osancte,
429 1825 564 1893 innocens,
582 1823 728 1892 impollute,
748 1830 900 1891 apeceato·

101 1895 175 1948 ribus
190 1902 341 1963 segregate,
360 1895 442 1950 coelis
462 1897 608 1950 excelsiori
627 1902 657 1948 ιιι
674 1895 772 1948 venisti
790 1894 824 1948 ed
841 1909 899 1963 me,

102 1966 128 2018 in
145 1979 235 2019 meam
252 1966 412 2020 malevolam
430 1967 544 2020 animam
568 1967 688 2021 intrastil
726 1965 791 2031 Quis
808 1967 900 2033 loque·

102 2043 146 2090 tur
162 2037 314 2104 potentiam
332 2044 359 2091 et
371 2037 580 2092 misericordiam
593 2039 684 2092 tuam?
720 2037 825 2104 Ecquid
843 2037 900 2104 tibi,

102 2107 227 2175 Domine,
245 2122 295 2160 rex
313 2109 423 2177 gloriae,
448 2125 507 2162 cum
523 2109 575 2162 hoc
592 2107 693 2174 foetido
713 2109 899 2176 sterquilinio?

103 2177 213 2233 OJesu
230 2179 282 2232 mil
311 2195 390 2246 quam
414 2179 569 2234 admirabile
595 2187 636 2234 eet
660 2195 757 2233 nomeu
780 2187 855 2234 tuum
872 2179 901 2232 in

102 2251 230 2304 universa
247 2253 334 2303 terrei
371 2251 476 2319 Venite,
504 2250 593 2304 audite
613 2267 712 2319 omnes,
739 2251 785 2318 qui
801 2251 901 2305 timetis

102 2320 205 2390 Deum,
236 2327 263 2374 ei
286 2321 401 2376 narrabo
430 2328 530 2389 quante
555 2320 650 2376 fecerit
677 2323 780 2376 animae
805 2323 899 2376 meae!

103 2393 211 2460 suscepi
224 2392 433 2447 misericordiam
446 2393 498 2447 Dei
515 2393 568 2446 mei
580 2393 609 2446 in
620 2393 708 2447 medio
722 2393 815 2461 templi
834 2393 899 2460 ciue,

103 2464 221 2532 quinimo
239 2463 328 2531 ipsum
341 2464 504 2532 Angelorum
517 2465 668 2533 Dominum,
687 2465 827 2532 ipsumque
842 2479 901 2532 gre·

102 2535 200 2590 ciarum
218 2533 320 2588 fontem
337 2535 366 2588 in
383 2535 470 2589 medio
485 2535 572 2590 cordis
586 2538 639 2589 mei
652 2536 767 2602 suscepi.
787 2535 901 2602 Stupen-

104 2605 165 2660 dum
184 2604 355 2660 beneficiuml
383 2607 537 2660 annuntiate
549 2607 614 2661 ·hoc
631 2607 660 2660 in
676 2606 803 2660 universa
819 2613 901 2673 terre,

103 2684 132 2731 ut
150 2678 238 2731 omnis
257 2677 366 2745 epiricus
384 2677 476 2732 laudet
492 2678 635 2732 Dominum
653 2679 754 2730 meuml

138 2747 160 2802 0
179 2749 298 2802 Domine
310 2749 398 2804 Deusl
436 2748 458 2802 0
480 2749 607 2803 altissime
627 2763 709 2816 super
726 2761 830 2802 omnem
848 2752 901 2800 ter-

103 2833 168 2890 rem,
193 2818 358 2874 mortificans
376 2827 403 2874 et
420 2819 571 2889 vivificans,
596 2818 730 2874 deducens
749 2816 784 2870 ad
801 2815 901 2869 inferos
