2146 3234
340 147 373 188 lle
387 147 530 188 sacramento
544 145 686 191 Mruunonll,
871 142 912 188 609

15 293 16 296 ,
115 263 151 306 ex
169 264 222 318 quo
241 249 333 319 oritur,
351 249 473 304 notitiam
490 249 590 318 veniat,
606 250 747 318 poenitens
764 249 911 308 monendus

117 327 167 390 est,
185 327 216 375 ut
234 321 321 376 altera
344 326 421 389 parte
440 320 474 375 de
492 321 614 375 nullitate
635 320 798 376 Matrimonii
815 322 911 377 certio·

116 399 177 448 rata
195 392 229 446 ab
247 407 298 446 usu
323 390 441 447 eiusdem
465 391 606 460 abstineat,
630 391 715 447 donec
739 392 913 447 revalMctur.

116 462 202 518 Simul
220 461 379 531 declaretur,
401 462 468 516 nihil
485 463 538 531 ipsi
555 461 723 531 profuturam
740 463 768 516 in
786 462 845 518 foro
864 477 910 518 ex-

115 541 193 590 terno
209 533 372 589 Matrimonii
388 534 623 604 impugnationem,
648 540 742 603 utpote
760 534 836 590 cuius
853 533 911 590 nul·

116 606 178 661 litas
195 605 305 673 probari
322 611 446 673 nequeat

151 679 194 731 da.
214 674 326 743 Quando
344 691 409 730 vcro
427 675 644 744 impedimentum
662 674 797 730 detectum
814 674 911 730 infore

117 754 228 802 externo
246 747 355 816 probari
373 753 470 816 potest,
498 756 526 802 et
550 762 584 802 ex
601 762 691 802 rerum
709 745 860 801 conditione
880 746 913 801 ti·

117 835 176 872 mor
187 818 278 887 intrat,
296 833 331 872 ne
345 819 479 887 coniuges,
497 818 584 873 minus
597 816 707 886 pacifice
721 818 851 886 viventes,
866 823 915 873 aut

117 889 195 945 ambo
214 896 261 944 aut
278 901 348 957 pare
359 889 497 957 hucusque
515 890 607 956 inscia,
625 888 788 944 Matrimonii
806 887 914 944 molesti

115 961 170 1016 iam
192 960 285 1028 iugum
310 959 450 1014 abiiciendi
474 961 641 1016 occasionem
673 959 834 1016 laetabunda
857 975 936 1026 am,

116 1032 249 1100 plectatur
268 1038 296 1086 et
313 1031 533 1086 convalidationia
550 1031 639 1086 media
656 1037 779 1100 respuat3
797 1031 870 1099 item,
889 1029 912 1086 si

115 1102 332 1172 impedimentum
349 1102 439 1156 taliter
456 1117 490 1156 ex
514 1102 610 1158 delicto
628 1103 777 1172 proveniat,
801 1110 831 1157 ut
849 1116 914 1171 pare

116 1174 245 1229 innocens
263 1173 336 1228 nullo
354 1173 433 1228 modo
459 1173 597 1229 certiorari
623 1175 709 1242 possit
733 1172 766 1228 de
790 1173 913 1229 nullitate

116 1243 281 1300 Matrimonii
300 1245 401 1313 absque
419 1244 508 1299 delicti
516 1245 680 1299 revelatione
699 1253 727 1300 et
743 1245 852 1298 maximi
865 1259 914 1313 pe·

116 1315 202 1370 riculo
216 1315 343 1384 scandali,
356 1322 420 1370 tunc
434 1315 469 1369 ad
486 1315 618 1370 Maiorem
630 1315 868 1371 Poeuitentiarium
886 1321 915 1371 et

118 1387 269 1454 respective
288 1385 323 1440 ad
336 1357 511 1441 'Ordinarium
528 1385 717 1441 recurrendum
735 1394 785 1453 est,
803 1394 841 1455 ut,
860 1402 913 1470 quo

119 1457 224 1512 meliori
241 1465 332 1525 potest
348 1457 436 1526 modo,
462 1456 495 1512 de
520 1464 671 1526 opportuno
688 1428 806 1512 remed’io
824 1457 914 1526 provi·

120 1527 224 1595 deutur,
238 1529 366 1612 exposito.
375 1527 496 1584 distincte
511 1536 538 1583 et
551 1527 666 1586 dilucide
683 1544 748 1584 casu
761 1544 820 1582 cum
832 1528 914 1583 omni·

12 1655 13 1660 1
119 1599 170 1654 bus
189 1599 399 1669 circumstantiis,
417 1600 457 1654 ite
469 1607 559 1654 tamen
572 1606 650 1654 caute
670 1605 697 1654 et
715 1599 914 1669 circumspecte,

119 1676 151 1725 ut
169 1670 283 1738 sigillum
301 1671 492 1726 sacramentale
510 1670 583 1725 nrrllo
602 1669 681 1725 modo
700 1669 829 1724 laedatur.

155 1741 198 1796 Ab
216 1757 271 1796 una
288 1742 358 1796 enirn
375 1748 453 1810 parte
471 1750 572 1796 comum
590 1748 639 1810 est,
664 1741 693 1795 ιιι
710 1738 913 1810 dispensationi·

118 1811 178 1881 bus,
204 1819 261 1867 tum
286 1828 304 1866 a
328 1812 356 1867 S.
380 1813 603 1880 Poeuitentiaria,
627 1820 684 1868 tum
709 1813 743 1867 ab
772 1810 914 1866 Ordinario

118 1883 250 1953 obtentis,
284 1884 353 1937 hauc
379 1883 525 1938 clausulam
559 1883 720 1952 praescribi:
753 1883 914 1951 ‚pudorata

116 1963 207 2010 tamen
225 1954 299 2023 prius
318 1955 403 2010 altera
425 1963 502 2023 parte
527 1953 560 2009 de
584 1956 705 2010 nullitate
729 1955 826 2022 prioris
851 1967 913 2009 con·

116 2041 221 2094 sensus,
240 2025 289 2080 sed
306 2025 345 2080 ita
363 2032 448 2094 caute,
472 2034 503 2081 ut
525 2025 619 2081 latoris
637 2025 760 2081 delictum
778 2040 913 2093 nunquam

116 2095 291 2166 detegatur“;
309 2097 376 2150 haec
394 2097 513 2152 clausula
537 2112 603 2152 vero
628 2112 683 2152 non
707 2103 749 2152 ιιι
765 2096 838 2151 nuda
855 2102 913 2151 tan·

114 2167 253 2224 tummodo
271 2167 426 2222 confessarii
443 2168 590 2236 instructio,
609 2167 658 2223 sed
677 2167 793 2223 conditio
807 2167 913 2236 dispen-

116 2240 236 2307 sationis,
262 2253 331 2306 quae
349 2239 525 2307 praetermitti
547 2239 620 2294 nullo
638 2238 718 2294 modo
735 2245 833 2308 potest,
853 2255 913 2294 curn

114 2311 245 2365 innitatur
268 2310 321 2364 iuri
345 2311 484 2378 communi,
509 2309 581 2378 quod
606 2309 759 2379 expostulat
780 2325 878 2364 novum
896 2325 915 2364 a

116 2381 272 2450 coniugibus
291 2395 456 2449 consensum,
474 2380 589 2449 indeque
612 2380 819 2436 declarationem
835 2379 913 2436 nrrlli·

115 2452 188 2520 tetis,
207 2467 241 2506 ne
259 2452 361 2520 primus
380 2467 524 2506 consensus
552 2452 586 2506 ob
604 2451 821 2520 impedimentum
838 2452 913 2506 inva-

115 2521 186 2577 lidus
203 2529 368 2592 permaneat,
387 2521 436 2578 sed
452 2530 484 2578 ut
500 2523 528 2576 in
545 2524 633 2578 locum
647 2523 705 2579 eius
723 2538 804 2578 verus
822 2535 913 2578 succe·

117 2591 165 2646 dat
188 2592 217 2647 in
236 2593 443 2648 Matrimonium
476 2595 630 2649 consensus.
665 2594 710 2648 Ex
735 2594 821 2648 altera
846 2607 912 2648 vero

116 2669 204 2731 parte,
222 2670 253 2718 ut
269 2663 349 2719 modo
363 2665 544 2748 exposuimus,
562 2665 619 2720 sine
637 2665 800 2733 gravissimis
813 2665 912 2719 incom-

116 2733 205 2788 modis
222 2734 472 2803 impedimentum
464 2751 558 2805 ignaro
585 2736 699 2791 revelari
724 2742 752 2790 et
777 2734 913 2790 clausulae

115 2805 324 2874 dispensationis
349 2805 474 2862 satisfieri
498 2807 607 2876 saepius
634 2806 735 2876 nequit.
776 2803 855 2862 Unde
883 2805 913 2858 in
