2108 3226
159 135 187 186 it
380 136 576 188 arriperetur„
589 135 618 178 ad
630 135 729 178 moram.

158 239 299 296 intentioni
318 237 423 308 applico
441 239 481 294 illi
498 239 542 294 vel
566 239 627 308 illis,
653 238 697 296 cui
713 239 757 294 vel
775 237 870 306 quibus
889 237 961 294 daus

160 313 355 380 eleemosynam
373 311 525 380 specialiter
550 317 578 364 et
595 324 761 378 quocumque
785 308 865 364 modo
890 309 961 365 obli·

159 389 238 451 gatus
256 390 305 438 est.
341 381 391 438 His
408 398 463 436 non
481 382 658 437 existentibus
677 381 795 437 eiusdem
812 381 960 449 proximio-

158 455 233 510 ribus
251 453 454 522 consanguineis
471 453 667 522 indigentibus;
694 453 717 508 si
739 467 790 507 neo
813 452 882 508 tales
901 452 960 506 exi·

159 531 239 596 stant,
256 525 364 594 ipsimet
381 525 455 580 danti
472 525 586 593 applico.

196 599 222 652 3.
240 595 274 652 Si
291 597 380 650 Misso
390 595 509 662 smero
526 596 577 649 sit:
594 594 722 650 Fructum
734 591 864 660 sacrificii,
883 591 961 660 quoti

159 667 214 722 iem
232 667 368 722 celebrare
385 665 503 735 intendo,
520 667 647 735 primario
666 672 694 720 et
708 663 891 734 principaliter
909 679 959 732 ap·

160 739 230 808 plico
248 737 283 794 ad
299 737 473 792 intentionem
487 736 691 804 fundatorisset
708 737 732 792 si
751 737 805 804 (reti
816 733 959 790 ordinarie

157 810 353 880 praesumitur)
382 809 433 863 sibi
459 809 588 877 applicari
604 809 735 876 voluerit,
764 807 816 876 ipsi
834 805 959 874 applico,

162 879 257 950 quodsi
274 881 332 949 ipse
356 896 411 934 non
430 879 557 949 indigeat,
582 894 632 934 nec
648 879 694 934 ille
712 878 826 945 necilli,
852 877 895 932 cui
912 877 958 932 vel

162 952 257 1024 quibus
272 951 401 1021 applicari
413 951 536 1020 voluerit,
555 957 583 1005 et
598 951 622 1006 si
636 966 685 1004 neo
697 951 742 1004 ille
756 964 806 1004 nec
823 948 871 1016 illi,
889 947 960 1004 indi-

161 1030 225 1092 geat
238 1023 283 1077 vel
295 1022 445 1092 indigeant,
464 1023 506 1077 cui
519 1023 564 1077 vel
578 1022 673 1089 quibus
686 1020 813 1075 fundator
831 1027 873 1075 est
892 1036 959 1088 quo·

162 1109 274 1162 cumque
291 1093 371 1148 modo
390 1094 535 1163 obligatus,
562 1099 625 1148 tunc
648 1092 691 1147 his
710 1091 892 1146 deficientibus
910 1104 959 1160 ap·

161 1165 231 1234 plico
246 1165 303 1220 eius
321 1164 528 1232 proximioribus
548 1163 749 1232 consanguineis
771 1161 910 1231 defunctis,
929 1169 961 1217 et

161 1236 206 1318 his
222 1251 276 1319 non
294 1237 478 1320 existentibus,
497 1236 615 1291 eiusdem
627 1235 833 1304 proximioribus
845 1249 960 1289 consan-

162 1321 265 1376 gumers
283 1323 360 1361 vrvrs.

197 1379 223 1432 4.
252 1377 286 1432 Si
302 1378 392 1432 Missa
410 1377 578 1448 applicanda
598 1381 637 1431 eat
649 1377 782 1446 propriae
800 1373 962 1429 celebraretis

160 1449 324 1518 parochiae:
341 1449 469 1504 Fructum
486 1449 566 1504 huius
580 1445 708 1516 sacrificii,
729 1446 801 1514 quod
818 1447 872 1501 iam
890 1446 962 1500 eele-

162 1520 242 1574 brare
254 1521 372 1589 intendo,
391 1520 496 1588 applico
513 1520 640 1589 primario
662 1526 689 1573 et
708 1517 891 1587 principaliter
905 1517 963 1571 ovi·

162 1591 213 1646 bus
226 1608 243 1645 a
255 1591 344 1646 divina
352 1591 522 1660 providentia
534 1606 614 1646 curae
626 1605 703 1644 meae
717 1588 889 1657 concreditis3
904 1587 963 1657 dig·

163 1677 228 1718 nare
248 1677 328 1733 ergo,
347 1679 363 1718 o
381 1663 462 1733 Jesu,
481 1668 574 1732 pastor
592 1666 906 1730 supreme,-peooatores
926 1659 964 1714 ad

163 1739 191 1788 te
210 1741 375 1804 convertere,
393 1734 478 1789 iustos
489 1732 633 1789 iustificare
652 1731 739 1787 adhuc
758 1732 831 1786 etin
848 1737 964 1800 accepta

162 1804 266 1861 iustitia
284 1805 384 1860 eisdem
401 1805 493 1874 largiri
506 1804 748 1875 perseverantiam
766 1801 885 1858 infirmos
898 1801 962 1858 red·

164 1874 229 1932 dere
246 1876 392 1932 incolumes
415 1876 544 1932 eeclesiae
563 1883 626 1930 tuae
652 1882 769 1943 sanctae,
787 1873 832 1928 vel
849 1874 873 1928 si
887 1873 963 1929 salus

165 1947 312 2002 animum
328 1947 536 2003 incolumitatem
553 1945 673 2015 eorporis
690 1952 810 2014 recuset,
838 1943 873 1998 ad
890 1960 962 2000 mor-

164 2025 219 2074 tem
236 2027 356 2074 sanctam
374 2018 483 2074 eosdem
499 2031 678 2087 praeparare3
695 2017 806 2072 tentatis
825 2032 885 2070 oum
902 2023 962 2086 ten-

161 2090 264 2145 tatione
282 2091 347 2146 dare
364 2095 531 2159 proventum,
557 2096 588 2143 ut
604 2089 708 2158 possint
726 2087 872 2155 sustinere;
896 2086 964 2140 affli-

164 2161 213 2216 ctis
232 2162 452 2229 eonsolationem3
471 2160 499 2214 in
509 2174 674 2228 quacumque
689 2159 849 2214 necessitate
864 2157 963 2214 consti·

162 2231 228 2288 tutis
248 2233 375 2287 auxilium
399 2238 426 2286 et
450 2230 649 2299 liberationem
678 2231 706 2284 in
730 2230 815 2284 uteris
832 2229 964 2286 maternis

163 2303 339 2358 existentibus
366 2302 547 2372 Baptismum3
579 2315 724 2370 omnesque
752 2301 824 2355 omni
851 2300 963 2356 benedi·

163 2375 250 2430 ctione
270 2380 298 2429 et
315 2374 402 2442 gratia
418 2373 552 2442 replere3·
567 2389 685 2442 ovesque
711 2389 771 2426 oum
797 2378 908 2440 pastore
927 2371 963 2426 aul

163 2443 269 2500 felicem
285 2445 394 2500 tandem
411 2445 578 2500 aeternitatis
596 2452 703 2514 portum
721 2442 877 2511 perducere.

198 2517 347 2571 Forrtutce
364 2517 509 2570 intentiori
520 2517 675 2585 principaii
691 2514 813 2568 addatur
830 2513 965 2568 cortditio·

163 2593 227 2642 aete
244 2587 424 2642 semicana:
443 2587 614 2657 Seoundario,
633 2587 778 2655 sipossim,
797 2585 865 2641 etin
879 2601 964 2654 quan·

163 2664 220 2713 tum
235 2673 344 2726 possum
358 2659 459 2728 absque
481 2657 621 2728 dispendio
641 2658 712 2712 illius
726 2658 770 2711 vel
782 2656 897 2726 illorum,
912 2655 964 2724 cui,

164 2729 209 2783 vel
235 2728 331 2796 quibus
364 2729 480 2785 fructum
513 2728 635 2786 sacrificii
668 2729 748 2783 huius
779 2726 967 2796 principaliter

165 2799 279 2869 applico,
297 2800 400 2870 pariter
418 2801 523 2871 applico
539 2800 652 2856 eundem
665 2815 745 2854 curae
760 2813 835 2853 meae
854 2812 965 2854 conere-
