2098 3222
162 189 204 235 884
504 193 626 244 appendix.

164 297 292 366 nulloque
303 298 356 353 alio
365 297 471 353 detecto
481 297 680 369 impedimento,
691 303 888 352 contraxerunt
895 297 969 352 illud·

164 385 217 438 que
230 371 258 424 in
272 368 341 424 facie
351 370 480 424 ecclesiae
490 370 706 438 solemnizanmt,
723 376 751 423 et
761 368 863 422 carnali
875 369 970 438 copula

165 447 389 509 consummarunt,
407 441 530 508 incoque
539 456 590 509 per
605 441 697 509 plures
717 455 803 495 annos
816 455 968 508 permanse

163 519 236 580 runt,
245 512 401 580 prolemque
411 519 601 580 susceperunt3
615 510 788 580 postmodum
800 526 867 566 vero
877 511 914 564 ad
926 527 967 566 eo·

165 599 226 638 rum
235 584 358 652 pervenit
365 583 496 652 notidam,
509 598 556 638 eos
567 582 666 651 duplici
675 589 774 650 quarto
784 583 968 651 consanguini-

165 656 230 709 tatis
244 653 331 722 gradu
348 655 461 708 invicem
475 669 535 709 esso
550 655 721 722 coniunctos;
740 661 855 722 propter
868 653 968 721 quoda
1028 703 1029 720 ,

165 727 268 780 carnali
294 726 391 794 copula
418 726 611 782 abstinuerunt.
648 725 716 778 Oum
750 733 858 793 autern,
889 725 969 780 Pater
1028 781 1029 790 ,

166 804 267 865 sancte,
293 795 421 851 Oratores
438 795 554 865 praefati
576 795 605 850 in
622 795 777 850 huiusmodi
795 795 967 851 Matrimonia

166 881 305 922 remanere
323 869 500 936 nonpossint
518 867 620 935 absque
638 866 716 921 Sedis
734 867 914 934 Apostolicaa
932 866 967 920 di-

167 940 347 1008 spensatione,
367 945 394 993 et
412 939 435 994 si
453 937 596 993 divortium
614 939 685 992 inter
703 952 750 993 eos
769 937 858 1006 fieret,
877 939 968 1006 gravia

167 1009 264 1064 exinde
282 1009 409 1065 scandala
434 1017 546 1078 possent
570 1009 759 1065 verosimiliter
778 1009 889 1079 exoriri,
909 1025 967 1078 sup
1028 1025 1029 1054 1

166 1082 268 1150 plicant
284 1081 419 1136 humiliter
437 1081 577 1136 sanctitati
594 1081 708 1135 Vestrae
735 1079 867 1135 Oratores
891 1095 966 1148 prae
1028 1137 1029 1140 ,

165 1151 222 1222 fati,
232 1161 263 1206 ut
270 1167 325 1220 eos,
338 1167 373 1206 ne
383 1151 513 1207 dictarum
525 1153 674 1207 litterarum
683 1149 849 1206 frustrentur
863 1150 966 1220 effectu,
1028 1179 1029 1184 κ

166 1223 302 1292 amplioris
320 1224 424 1291 gratiae
441 1223 534 1278 favore
552 1222 750 1292 prosequendo,
775 1223 866 1277 eidem
890 1223 966 1278 Vica-
1028 1275 1029 1296 ,

164 1294 214 1363 rio,
232 1301 263 1348 ut
278 1295 417 1362 negotium
434 1294 587 1350 huiusmodi
603 1309 781 1362 reassumam,
810 1293 966 1362 litterasque
1028 1341 1029 1360 ,

164 1363 301 1433 praefatas
319 1366 411 1420 valere
430 1366 584 1434 decernens,
608 1381 669 1419 oum
687 1364 790 1419 eisdem
808 1364 966 1422 Oratoribus
1028 1375 1029 1404 i

165 1451 247 1505 super
264 1437 453 1505 impedimento
479 1437 592 1505 duplicis
614 1435 854 1504 consanguinitatis
878 1437 966 1503 quarti
1028 1489 1029 1506 ,

164 1507 264 1576 gradus
282 1507 434 1562 huiusmodi
453 1507 599 1577 dispenset,
625 1507 783 1578 prolemque
803 1515 965 1576 susceptam,

135 1578 136 1581 ’
166 1586 194 1634 et
212 1579 406 1648 suscipiendam
433 1579 529 1634 exinde
553 1579 699 1647 legitimam
723 1578 860 1648 decernat,
886 1577 966 1633 etad
1028 1581 1029 1666 i

165 1651 318 1705 earumdem
345 1651 494 1705 litterarum
523 1651 729 1720 exsecutionem,
764 1657 874 1704 servata
899 1649 965 1704 alias
1028 1681 1029 1696 2

164 1737 256 1776 earum
273 1721 367 1792 forma,
392 1721 522 1791 procedat
545 1722 574 1775 in
600 1719 730 1790 omnibus,
756 1728 784 1774 et
801 1736 853 1790 per
870 1721 967 1803 omnia,

164 1793 284 1862 perinde,
310 1807 341 1847 ac
366 1793 389 1848 si
414 1792 542 1848 Oratores
567 1805 621 1846 non
646 1799 759 1861 quarto,
785 1808 840 1847 non
868 1791 969 1860 duplici

164 1871 260 1934 quarto
279 1863 515 1932 consanguinitatis
540 1862 627 1932 gradu
643 1863 760 1918 invicem
778 1877 838 1918 esse
859 1863 968 1918 coniun-

163 1943 220 1990 ctos
239 1950 404 2004 expressum,
423 1951 454 1989 ae
473 1951 532 1989 eum
550 1935 590 1990 eis
600 1934 718 2003 desuper
731 1933 884 2003 dispensari
894 1949 968 1988 man·

163 2005 254 2060 datum
267 2005 371 2076 fuisset,
390 2007 562 2074 committere,
581 2013 610 2060 et
627 2005 756 2060 mandare
774 2005 924 2074 dignamini
935 2003 968 2059 de

161 2077 248 2146 gratia
276 2077 395 2146 speciali.
431 2078 494 2132 Non
521 2077 690 2132 obstantibus
714 2077 872 2146 praemissis
907 2075 968 2144 illis,

60 2209 62 2214 ¹
162 2163 231 2216 quae
249 2155 299 2203 etc.
335 2149 374 2204 Et
398 2165 457 2203 cum
480 2148 647 2204 absolutione
670 2147 827 2204 aeonsuris
848 2147 884 2203 ad
903 2145 967 2203 effe·

161 2227 232 2274 mum
250 2227 301 2275 etc.
323 2220 362 2275 Et
379 2221 559 2275 committatur
572 2219 714 2274 Ordinatio
734 2227 785 2274 etc.
805 2219 853 2288 qni
873 2217 967 2274 deeor-

159 2299 207 2346 nat
225 2299 253 2348 et
270 2292 408 2360 dispenset
425 2300 476 2350 eto.

159 2434 196 2478 88.
209 2429 335 2476 Pormnla
344 2429 544 2486 supplicationis
553 2441 604 2486 pro
610 2433 701 2485 portam
710 2433 779 2474 ωιονο
794 2429 828 2474 ob
840 2428 966 2484 copula

158 2497 219 2551 post
232 2497 363 2552 obtentas,
387 2497 432 2542 sod
445 2495 681 2610 antahgfflffoni
699 2495 837 2542 mandatu
851 2494 963 2542 littam

234 2642 393 2698 Beatissimo
411 2644 508 2699 Pater!

196 2713 272 2767 Alias
305 2712 446 2769 Sanctitati
478 2715 593 2770 Vestrae
618 2729 668 2784 pro
697 2720 775 2783 parte
806 2712 972 2770 devotorum

158 2783 250 2852 Ipsius
268 2782 413 2838 Oratorum
427 2785 461 2840 N.
476 2793 505 2840 et
517 2786 550 2840 N.
573 2785 704 2841 dioecesis
722 2785 757 2840 N.
777 2786 913 2856 exposito,
931 2785 973 2842 di·

156 2859 229 2908 ctam
239 2853 391 2910 Oratricem
403 2856 493 2912 dotem
502 2857 605 2912 habere
614 2858 702 2914 minus
711 2865 909 2926 competentem
918 2865 973 2914 etc.
