2138 3226
149 172 195 216 2121
403 174 461 216 Ordo
474 175 533 214 vitae
547 173 689 214 sacerdotulis

148 295 208 334 rum
225 277 444 346 emendationem,
462 284 520 332 tum
538 276 572 331 ad
586 277 735 332 devotionis
752 279 947 346 augmentatio-

148 365 210 405 nem
233 365 358 418 magnum
382 350 589 404 emolumentum
617 356 802 416 perceperunt.
840 349 946 417 „Quum

148 421 273 489 comedis,
291 437 346 475 non
361 427 435 475 totus
453 420 585 489 comedas,
606 419 654 474 sed
668 419 791 474 attendas
807 420 950 474 lectioni.“

150 491 190 559 (S.
209 491 388 559 Buuuuus.)
408 493 457 560 „ln
470 493 541 546 omni
555 491 715 546 sacerdotali
729 491 850 544 convivio
863 491 947 547 lectio

149 564 298 618 divinarum
316 563 512 631 Scripturarum
537 563 696 629 misceatur;
724 577 774 630 per
798 563 850 616 hoc
873 563 945 617 enim

149 636 252 690 animae
267 633 440 688 aedificantur
454 633 489 688 ad
501 635 608 700 bonum,
627 641 654 688 et
666 632 773 687 fabulae
786 649 840 686 non
852 649 950 690 neces·

149 707 236 762 sanae
249 705 451 774 prohibentur.“
474 705 565 772 (Oouc.
584 705 665 758 Tulei.
679 705 749 772 ΠΙ.)
769 704 812 758 Ad
825 719 947 760 mensam

147 793 266 846 parcam,
291 775 423 844 frugalem
451 783 479 830 et
510 777 633 843 brevem,
660 777 762 830 utinam
785 775 831 844 pia
854 777 949 844 aliqua

147 848 277 916 lectione,
305 847 399 901 saltem
416 847 517 914 aliquot
540 848 604 901 novi
623 847 788 901 Testamenti
805 847 948 903 versiculis

146 919 287 985 conditam,
305 933 448 986 numquam
465 918 522 972 sine
540 917 724 972 benedictione
744 917 875 986 accedise;
893 934 946 973 nec

146 991 204 1046 sine
222 989 368 1057 gratiarum
386 989 490 1042 actione
509 989 542 1043 ab
561 1004 594 1042 ea
610 989 735 1043 recedite.
766 989 808 1042 Ne
826 1005 946 1056 unquam

145 1077 196 1116 vos
214 1059 311 1114 alicubi
333 1059 434 1127 pudeat
458 1061 510 1114 hoc
533 1061 669 1128 religionis
695 1059 812 1114 debitum
836 1061 947 1116 Christo

145 1131 310 1200 persolvere.
336 1130 438 1200 Quiane
450 1131 585 1185 erubuerit
597 1146 688 1185 corum
699 1131 858 1199 homiuibus,
871 1132 949 1186 bunc

145 1203 220 1270 filius
236 1202 351 1256 bominis
373 1202 504 1256 uubesoei
521 1204 551 1256 iu
570 1203 709 1256 maiestate
731 1217 791 1258 suu.
817 1202 892 1271 (Iino.
907 1203 947 1272 9.)

146 1273 232 1340 Quam
244 1270 379 1326 laudande
395 1274 424 1326 in
441 1273 513 1328 clero
528 1273 667 1341 sobrietas,
687 1279 839 1340 quantaque
854 1289 946 1328 secum

147 1343 226 1399 affert
244 1344 329 1398 omnis
347 1345 452 1412 generis
470 1345 550 1414 bona,
577 1351 633 1398 tam
651 1344 801 1398 damnanda
819 1345 945 1414 ebrietas,

145 1421 273 1482 tantaque
297 1415 397 1470 diversi
421 1417 526 1484 generis
547 1416 674 1484 importat
696 1416 775 1469 mula.
815 1416 878 1484 Vuc,
897 1417 950 1484 qui
1055 1423 1056 1426 ’

142 1493 265 1558 poieuies
282 1488 345 1540 estio
362 1486 400 1540 ud
417 1487 566 1541 bibendum.
586 1487 647 1555 (Isa.
662 1486 697 1556 5.)
722 1487 874 1554 Numquam
892 1501 946 1555 ego

146 1559 249 1613 ebrium
263 1565 366 1612 castum
378 1559 487 1626 putabo.
509 1558 548 1626 (S,
562 1559 765 1627 Hieronymus.)
793 1558 821 1611 Si
834 1558 863 1612 in
873 1557 944 1613 laico

146 1630 263 1684 ebriatus
281 1630 316 1683 sit
329 1645 377 1684 res
395 1628 463 1684 adeo
481 1637 654 1698 portentosa,
676 1630 705 1682 in
723 1629 819 1683 clerico
837 1643 882 1683 res
901 1636 946 1684 est

146 1700 288 1756 admodum
300 1707 452 1756 monstrosa
470 1709 497 1755 et
513 1701 593 1769 plano
610 1698 756 1754 horrenda!

182 1773 243 1827 VH.
269 1772 306 1825 Iu
322 1773 531 1826 recreatabiuibus
548 1778 573 1826 et
590 1772 727 1839 colloquiis
745 1770 870 1824 meorum
886 1786 942 1824 ser-

145 1848 215 1900 vule.
253 1841 281 1896 si
300 1842 400 1898 ordinis
419 1843 591 1898 ecclesiastici
609 1843 660 1896 viri
676 1849 717 1896 tot
735 1857 766 1896 ac
783 1843 866 1897 tantis
885 1841 941 1896 offi-

145 1915 248 1968 ciorum
267 1914 337 1968 curis
355 1914 463 1968 (detenti
480 1921 550 1983 sunt,
575 1921 605 1968 ut
631 1913 677 1966 vix
695 1913 794 1980 aliquid
810 1914 943 1982 temporis

146 1985 274 2054 supersit,
303 2000 355 2051 quo
374 1986 478 2052 possint
495 1986 678 2054 requiescere,
701 1991 791 2038 tamen
807 1993 871 2052 post
888 1985 942 2038 cibi

146 2056 324 2124 sumptionem
342 2056 430 2124 aliquo
450 2056 678 2111 sermocinationis
692 2063 738 2110 aut
756 2056 944 2110 oblectationis

114 2194 116 2200 Ι
145 2141 245 2195 genere
260 2127 384 2181 convenit
397 2134 513 2182 mentem
522 2128 689 2194 animumque
703 2126 806 2181 modice
815 2127 942 2196 relaxari,

146 2197 195 2254 sed
212 2196 317 2252 nonnisi
336 2198 475 2266 colloquiis
494 2206 521 2253 et
539 2199 739 2253 oblectamentis
757 2199 845 2266 licitis,
871 2212 944 2265 quae

109 2326 112 2332 ,
145 2269 215 2338 loco,
233 2268 356 2342 tempori,
374 2285 506 2337 personae
525 2275 679 2338 congruant,
698 2275 725 2323 et
742 2270 770 2323 in
784 2269 880 2337 quibus
893 2269 945 2323 ho-

144 2347 250 2395 nestum
268 2345 296 2394 ct
314 2338 439 2394 decorum
462 2356 572 2408 semper
593 2347 741 2395 serventur.
780 2339 877 2395 Omuiu
896 2341 944 2394 bo·

144 2416 217 2465 neue
232 2410 309 2478 ficut.
329 2410 363 2480 (1.
379 2412 439 2465 Gor.
454 2411 489 2482 4.)
507 2413 544 2466 Iu
557 2413 631 2466 ouuui
641 2413 840 2466 conuersatione
852 2411 945 2465 saucii

145 2483 213 2536 cibis.
241 2481 276 2551 (l.
300 2481 368 2551 Pet.)
405 2482 467 2537 Non
491 2482 563 2551 apud
588 2483 732 2550 quemlibet
757 2481 942 2536 indifferenter

145 2553 260 2609 societas
278 2560 306 2607 et
323 2553 392 2607 ratio
411 2554 482 2607 vitae
499 2553 629 2622 ineunda3
654 2553 702 2608 sed
721 2569 755 2608 ex
772 2553 861 2607 multia
879 2553 944 2608 seli-

144 2623 225 2692 gendi
244 2623 351 2691 quddam
375 2623 462 2679 bonae
479 2624 567 2680 famae
593 2625 758 2694 presbyteri,
783 2625 942 2692 quibuscum

145 2694 248 2749 utiliter
272 2701 299 2750 ct
325 2695 438 2753 iucunde
457 2711 606 2751 sermonem
634 2695 667 2749 de
691 2695 772 2750 rebus
791 2695 825 2748 ad
842 2696 943 2749 bonnm

145 2765 229 2820 vestri
241 2772 328 2821 status
341 2766 537 2834 pertinentibus
546 2765 691 2822 identidem
700 2766 823 2836 poteritis
833 2765 944 2825 habore.

148 2836 203 2908 Qui
227 2837 331 2892 iuuabit
357 2839 473 2892 muiuuu
504 2838 624 2908 fidelem,
651 2839 754 2894 iuueuit
779 2838 944 2892 betausius.
