2108 3226
302 171 379 212 Tertia
391 173 532 221 praeparatio
545 173 574 212 ad
585 174 683 216 lllmtn
853 173 894 218 1⁰8

86 271 147 327 inde
167 271 257 328 offero
287 272 338 326 tibi
356 271 409 326 boc
426 271 585 328 sacnficium
601 274 630 328 in
648 273 794 342 gratiaram
811 277 892 332 actio·

87 359 156 413 nem‚
168 360 223 412 pro
235 352 294 398 tam
308 342 470 398 admirandis
486 344 563 400 donis
576 351 604 399 et
617 345 820 402 charismatibus
833 363 892 406 san·

89 416 227 471 ctissime
245 415 408 468 humanitati
425 415 488 469 Filii
505 416 546 470 tui
564 416 632 471 Jesu
651 415 751 470 Christi
773 417 892 490 cossads3

8 547 9 552 η
88 493 117 541 et
133 502 186 554 pro
206 486 311 554 pietate
329 485 377 538 illa
393 487 589 557 magnanimis,
608 502 661 554 qua
678 486 754 541 illum
771 488 848 544 nobis
864 493 893 546 in

8 565 9 574 ¹
89 565 196 624 patrem
211 573 244 610 ae
257 557 422 625 magistrum,
441 557 599 613 adroomuin
613 575 645 613 ac
657 557 832 614 mediatorem
848 560 893 617 de·

89 628 170 696 disti;
188 644 241 696 pro
255 628 402 682 innumeris
416 629 518 696 gratim
533 629 609 685 donis
624 635 652 684 et
664 629 816 700 virtutibus,
836 634 892 700 qui-

89 699 141 754 bus
156 699 262 754 ornasti
278 699 459 754 beatissimam
471 700 622 770 Virginem,
643 701 706 755 Filii
719 701 759 756 toi
772 709 892 775 matrem,

90 779 201 825 sanctos
216 769 337 838 Angelos
358 777 385 824 et
405 785 495 826 omnes
517 773 616 828 electos
629 779 706 840 tuos3
725 780 755 829 et
766 773 836 830 inter
850 790 892 830 ce-

89 848 167 896 teros
185 847 309 896 sanctum
326 841 361 895 N.
380 842 462 911 cuius,
482 842 535 912 (vel
554 851 661 900 sanctos
675 844 744 913 NN.‚
769 839 891 917 quorum)

90 913 174 967 hodie
192 911 357 966 festum'seu
375 914 529 968 memoriam
543 914 661 970 celebrat
674 917 802 985 ecclesia3
819 918 893 989 item,

87 999 138 1052 pro
149 983 275 1038 omnibus
285 982 421 1038 beneficiis
430 986 483 1040 tuis
493 993 521 1040 et
530 987 635 1041 auxiliis
645 987 755 1058 gratiae,
764 989 815 1043 toti
829 1005 891 1045 oon-

87 1054 242 1123 gregationi
258 1053 377 1108 fidelium
393 1062 508 1125 moiun,
530 1057 559 1110 in
576 1071 675 1125 genere
692 1060 735 1113 rel
752 1060 781 1114 in
799 1062 890 1130 specie

90 1126 207 1194 collatis,
225 1132 253 1179 et
269 1125 303 1180 iis
322 1127 444 1195 maxime,
466 1127 562 1194 quibus
579 1129 794 1196 praedestinatos
811 1147 889 1201 prae-

89 1198 168 1252 venis
181 1203 211 1250 et
219 1198 400 1266 prosequeris,
414 1213 514 1265 eosque
524 1198 665 1254 efficaciter
677 1201 705 1256 in
717 1201 798 1257 finem
811 1220 889 1259 suom

89 1268 194 1336 dirigis
224 1268 379 1323 Peculiares
397 1285 503 1336 quoque
521 1271 622 1338 gradis
640 1272 775 1340 perhanc
794 1275 891 1342 gratis-

89 1340 186 1394 simam
212 1339 374 1393 oblationem
399 1340 462 1394 Filii
486 1342 526 1394 tui
550 1358 601 1410 ago
626 1343 674 1398 tibi
698 1360 748 1413 pro
767 1346 890 1402 omnibus

90 1409 230 1466 benefieiis
248 1411 311 1480 tuis,
330 1411 396 1464 mihi
413 1427 430 1465 a
446 1412 577 1480 principio
591 1414 663 1468 vitae
681 1431 757 1470 meae
775 1417 804 1470 in
821 1417 891 1472 hano

92 1497 178 1550 usque
206 1481 302 1535 horam
324 1489 379 1536 tarn
403 1482 549 1538 liberaliter
576 1486 720 1554 praestitis,
746 1489 891 1556 praecipue

91 1568 166 1622 vero,
181 1551 256 1620 quod
269 1568 312 1607 me
326 1552 463 1621 indignum
480 1562 657 1626 peccatorem,
675 1557 749 1612 nullo
762 1573 823 1612 meo
837 1573 891 1613 me·

92 1625 153 1693 rito,
172 1622 222 1680 sed
237 1624 295 1678 solo
315 1624 482 1693 beneplacito
496 1625 623 1682 bonitatis
636 1634 708 1696 tuae,
723 1627 757 1682 ad
770 1629 823 1684 linc
836 1628 891 1684 offi-

92 1697 161 1750 cinm
174 1694 352 1763 sacerdotale,
373 1696 439 1764 ipsis
459 1697 539 1751 etiam
551 1698 662 1766 Angelis
675 1699 838 1767 venerabile,
857 1700 892 1754 ad

91 1767 166 1835 baec,
185 1767 295 1833 inquam
313 1774 484 1822 sacrosancta
496 1770 622 1837 mysteria
637 1769 763 1838 Corporis
785 1777 812 1825 et
826 1770 891 1826 San·

92 1839 179 1906 guinis
199 1837 263 1891 Filii
280 1837 321 1891 tui
338 1837 477 1892 tractanda
495 1855 527 1894 ac
545 1839 733 1910 dispensanda,
756 1842 828 1896 inter
844 1844 892 1898 mi·

91 1910 191 1965 nistros
205 1915 269 1963 tuos
283 1924 420 1964 assumere
434 1910 557 1978 dignatus
575 1911 666 1981 inei-is,
685 1911 720 1966 ad
739 1911 846 1967 laudem
864 1920 892 1970 et

91 1981 205 2049 gloriam
222 1980 338 2034 numicis
356 1981 396 2034 tui
414 1988 442 2036 et
459 1981 495 2035 ad
511 1980 598 2038 fidelis
615 1983 709 2052 populi
727 1984 848 2040 salutem.

125 2052 298 2118 Praeterea„
317 2051 381 2118 quia
403 2052 489 2106 Filius
507 2058 569 2114 taus
594 2061 636 2109 est
661 2056 816 2123 propitiatio
840 2072 891 2125 pro

92 2123 210 2190 peccatis
223 2122 324 2176 nostrie
338 2129 366 2176 et
377 2124 459 2178 totius
472 2124 571 2194 mundi,
586 2109 670 2180 offero
683 2126 740 2196 tibi,
759 2143 775 2182 o
790 2143 892 2182 snnime

92 2193 179 2261 Dens,
207 2194 260 2248 boc
285 2191 444 2248 sacrificium
468 2195 550 2249 etiarn
571 2197 600 2249 in
625 2197 804 2264 expiationem
828 2215 891 2268 pee-

92 2272 212 2319 catorum
232 2271 260 2318 et
279 2263 488 2320 satisfactionem
506 2283 556 2335 pro
573 2267 691 2337 imuriis,
716 2271 891 2339 contumeliis,

93 2335 266 2404 blasphemiis
281 2343 309 2389 et
321 2337 439 2404 peccatis
453 2337 583 2406 omnibus,
598 2354 666 2405 quae
678 2341 779 2407 passim
791 2341 820 2394 in
833 2347 891 2396 toto

93 2407 188 2462 mondo
208 2405 277 2462 fiunt
295 2415 389 2476 contra
401 2408 514 2476 gloriam
531 2410 644 2464 nominis
662 2411 710 2479 tui,
728 2411 791 2479 heu,
811 2427 891 2478 quain

93 2479 174 2532 multa
188 2485 216 2533 et
231 2478 338 2546 gravia!
357 2478 405 2533 sed
418 2480 504 2534 maior
517 2486 559 2535 est
572 2480 644 2549 apud
657 2487 685 2536 to
698 2482 889 2552 misericordia,

94 2549 250 2619 etcopiose
274 2548 346 2617 apud
363 2549 461 2605 Filium
485 2557 561 2604 tuum
585 2551 749 2621 redempti03
774 2553 827 2608 imo
847 2569 891 2608 co-

94 2621 194 2688 piosior
213 2620 336 2676 omnibns
360 2621 451 2675 mundi
475 2623 627 2678 criminibus
652 2623 799 2678 satisfactio
823 2624 890 2682 eius.

93 2689 134 2746 En
147 2691 264 2759 Sanguis
287 2691 351 2745 Filii
367 2692 407 2745 tui
425 2693 522 2747 clamat
548 2692 583 2748 ad
600 2701 628 2748 te
647 2692 680 2748 de
698 2701 779 2762 terra,
797 2695 890 2762 utique

94 2777 143 2817 uon
161 2762 317 2830 vindictam,
336 2762 384 2818 sed
401 2764 515 2818 veniam.
551 2765 645 2832 Parce,
667 2765 790 2832 Domine,
808 2780 890 2832 parce

94 2834 191 2902 populo
209 2841 267 2903 tuo,
283 2848 362 2902 quem
380 2834 493 2890 redemit
502 2835 587 2892 Filios
603 2842 665 2892 tuus
684 2835 818 2902 Sanguine
833 2850 890 2889 suo.
