2152 3234
172 183 214 228 498
347 185 380 226 De
394 183 585 224 &mementorum
599 183 799 224 administratione.

173 287 302 342 cramenti
321 285 376 356 (ubi
393 283 475 340 fucrit
492 285 631 355 instituta),
650 300 699 340 seu
717 285 785 340 alios
798 285 859 353 pios
871 285 973 340 Gbristi

172 357 274 427 fideles,
293 358 339 425 qui
357 373 460 412 sacram
477 357 674 412 Eucharistiam
692 373 752 410 cum
769 357 855 411 cereis
873 357 972 412 seuiu-

172 429 281 484 tortitiis
299 429 465 496 comitentur,
491 435 519 481 et
535 426 678 482 umbellam
704 443 752 482 seu
775 427 973 497 baldachinum,

173 501 220 555 ubi
237 501 332 555 haberi
353 505 451 568 potest,
477 497 606 557 deferant
642 497 828 568 Praemcueat,
847 505 878 553 ut
896 500 974 568 aegri

173 571 323 626 cubiculum
340 570 489 639 mundetur,
509 571 581 624 etin
599 584 632 624 eo
650 577 761 638 paretur
778 583 871 624 mensa
887 570 974 626 linteo

173 643 273 698 mundo
292 649 427 711 cooperta,
444 642 472 694 in
491 655 544 709 qua
561 641 756 696 sancdesimum
774 641 978 696 Sacramentum

174 714 301 770 decenter
318 713 476 782 deponatur.

210 788 236 840 8.
254 786 387 839 Parentur
415 783 556 838 luminaria
582 798 614 837 ac
637 782 690 838 duc
717 783 834 852 raacurla,
860 782 978 838 alterum

170 873 235 910 cum
259 856 330 925 vino,
362 855 474 910 alterium
498 870 558 909 cum
588 869 666 923 aqua,
697 862 839 922 praeterea
863 854 978 909 linteum

173 927 300 982 mundum
317 934 380 981 ante
397 933 491 994 pectm
510 925 720 980 communicandi
744 933 868 994 ponatur,
893 932 977 994 atqua

174 999 240 1053 talia
253 997 288 1052 ad
302 1005 424 1052 ornatum
437 998 498 1066 loci,
515 1012 566 1065 prc
584 997 712 1064 cuiusque
730 996 866 1052 facultate.

210 1073 235 1124 9.
254 1069 307 1124 Ubi
324 1083 390 1123 vero
409 1069 589 1137 convenerint,
614 1069 660 1136 qm
677 1068 874 1124 Eucharistiam
893 1069 976 1122 comi-

174 1141 257 1196 taturi
270 1146 341 1208 sunt,
359 1139 484 1194 sacerdos
494 1138 602 1194 indutus
616 1139 809 1208 superpelliceo
819 1140 838 1209 ί)
853 1146 881 1193 et
894 1139 975 1209 stola,

175 1212 248 1281 etsi
266 1210 359 1266 baberi
376 1218 474 1280 potest,
498 1211 609 1279 pluviali
636 1211 689 1264 albi
713 1211 819 1279 coloris,
844 1209 977 1278 acolythis

176 1297 224 1338 reu
242 1282 353 1352 clericis,
381 1289 428 1336 aut
455 1282 535 1336 ctiam
560 1281 723 1351 presbyteria
749 1281 782 1351 (si
799 1281 875 1336 locus
893 1279 973 1350 ieret)

175 1354 369 1422 superpelliceo
387 1354 489 1422 pariter
505 1352 606 1407 indutis
624 1355 772 1421 comitatus,
791 1351 926 1422 decenter,
946 1359 974 1406 et

175 1425 209 1480 de
227 1440 302 1480 more
321 1431 445 1492 acceptae
463 1425 565 1492 aliquot
578 1424 722 1492 particulas
736 1429 916 1493 consecratas,
929 1423 975 1478 vel
1057 1447 1058 1450 ¹

174 1513 255 1550 unam
273 1504 376 1551 tantum
396 1495 429 1566 (si
446 1495 551 1564 lougius
579 1502 626 1549 aut
649 1493 778 1550 difficilius
805 1495 858 1549 iter
882 1495 919 1550 ait
935 1493 976 1548 ia·
1057 1535 1058 1552 .

175 1567 308 1636 ciendum)
327 1575 410 1637 ponat
423 1565 566 1636 inpyxide,
586 1581 634 1621 eeu
647 1581 732 1634 parva
745 1561 875 1636 custodia,
895 1581 977 1633 quam

174 1640 284 1710 proprio
302 1655 352 1694 suo
371 1639 497 1706 operculo
516 1638 648 1706 cooperit3
667 1643 694 1692 ct
703 1637 792 1692 velum
803 1637 918 1694 aericum
931 1652 976 1691 su·
1057 1641 1058 1662 i

174 1711 337 1837 pgrimponit
346 1711 430 1834 31ipsc
449 1707 659 1834 rcroblsacerdos
670 1708 806 1834 limplcsito
819 1707 975 1833 'Sibiuprim

175 1786 1002 1922 titillationitttdiic,ii”lut0²ii⁰2.

175 1925 273 1979 bellam
291 1937 340 1979 seu
357 1923 543 1978 baldachinum
560 1923 664 1991 subeat,
687 1921 759 1977 nudo
778 1921 895 1990 capite²l
913 1935 977 1990 pro·

176 2009 309 2051 cessurus.

177 2081 338 2092 -—--—-.-.

229 2111 336 2150 iaciendIs
350 2122 434 2152 necnon
450 2113 471 2150 ct
485 2109 602 2150 Decretum
619 2108 763 2159 exemptionis
778 2107 981 2158 Gongregaticnnrn
1057 2147 1058 2160 ,

229 2177 255 2216 B.
269 2178 299 2220 lii.
312 2177 350 2226 V.;
365 2178 458 2226 denique
472 2177 538 2219 Kbln¹
553 2175 716 2216 Pastoralblatt
729 2171 789 2216 1867.
803 2185 862 2218 num.
876 2171 898 2216 2.
925 2173 981 2222 (Gir.
1057 2185 1058 2190 ¹

230 2241 291 2282 Coae.
303 2254 362 2293 proc.
378 2241 419 2282 Col.
434 2255 454 2282 a.
469 2240 531 2283 1860.
543 2254 566 2292 p.
584 2239 637 2288 141.)

191 2305 212 2360 ι)
227 2307 288 2355 Quod
303 2309 322 2348 ai
335 2307 384 2357 quis
398 2309 507 2356 parochus
522 2307 565 2347 loci
579 2308 688 2347 rationem
702 2307 792 2347 obstare
805 2308 868 2356 putet
881 2305 923 2353 (sc.
940 2315 981 2345 cnr

230 2384 275 2413 non
288 2374 375 2424 publice
388 2373 553 2414 administretur
566 2373 684 2414 secundum
699 2370 817 2422 rubricas),
832 2382 859 2412 ea
872 2371 900 2410 de
913 2381 938 2410 re
952 2371 982 2412 ad

231 2439 369 2482 Ordinarium
382 2441 513 2490 perscribat,
532 2441 570 2490 qni
583 2440 684 2489 expausis
699 2439 832 2487 rationibus,
845 2437 899 2486 quid
913 2447 980 2486 agen

231 2507 284 2548 dum
297 2507 333 2555 sit,
346 2509 434 2549 statuet
462 2505 535 2556 (Oeae.
546 2519 606 2558 prov.
622 2506 665 2546 Ool.
679 2518 696 2545 a.
712 2503 772 2546 iaco.
786 2517 808 2554 p.
824 2501 880 2553 115.)
958 2527 962 2540 .

193 2569 215 2626 1)
229 2573 280 2614 Sive
293 2574 334 2620 die,
348 2573 394 2614 sire
408 2576 474 2613 nocta
488 2572 516 2624 (S.
532 2574 558 2614 R.
573 2573 596 2614 0.
610 2571 645 2617 28.
661 2573 710 2615 Jas.
725 2570 808 2620 1700.)‚·
830 2570 914 2619 absque
929 2580 979 2618 spe·
1057 2581 1058 2592 ¹

231 2639 283 2678 ciali
297 2638 357 2678 sedis
371 2638 512 2687 apostoncae
532 2638 607 2688 gratia
627 2637 739 2677 nonlicet
759 2637 792 2676 uti
812 2635 871 2686 pileo
885 2635 980 2686 (bireto)

230 2714 301 2752 noque
314 2702 394 2752 pileolo
408 2713 483 2751 parvo.
496 2703 527 2752 (S.
542 2704 568 2744 R.
583 2703 606 2742 0.
621 2701 654 2746 18.
669 2703 723 2753 Aua.
739 2700 811 2750 1695.)
827 2701 868 2740 Die
877 2697 911 2746 la
921 2702 981 2752 Sept·

231 2764 291 2811 1857.
318 2768 338 2809 s.
353 2767 378 2810 B.
393 2766 416 2807 0.
438 2769 546 2808 commisit
564 2767 674 2818 lipiscopo
691 2768 767 2814 Mella,
787 2769 812 2808 ut
829 2777 870 2820 pro
889 2777 931 2808 nuo
946 2776 980 2806 ar·

230 2834 298 2874 bitrio
317 2834 340 2872 et
362 2833 479 2882 prudentia
495 2833 624 2882 indulgeat,
646 2833 706 2884 qnod
725 2833 817 2884 parochi
831 2863 888 2880 ....
904 2831 978 2883 capite

230 2899 288 2950 pileo
301 2900 405 2948 cooperto
419 2897 529 2941 viaticum
543 2899 628 2939 deleme
641 2900 737 2942 valeant.
