2138 3226
386 177 464 218 Procas
478 180 624 228 vunertlnoe.
864 177 904 223 let

91 284 216 348 ,pomata
228 292 298 347 mea,
317 279 390 347 etsi,
409 293 478 346 qnae
491 277 551 348 ieci,
571 278 658 334 adhuc
671 278 795 336 faciende
806 280 904 353 forent,

106 366 160 406 non
176 349 295 404 facerem
307 350 338 404 in
350 357 496 406 aeternum.
524 349 583 405 Hoc
595 351 755 419 praesertim
767 361 907 420 peccatum

109 461 165 490 ...,
191 419 265 488 quod
282 420 392 488 gravius
407 427 435 474 te
456 420 575 490 offendit,
594 438 610 477 o
633 422 720 477 Deusl
749 424 828 493 omni,
853 441 906 492 quo

106 507 216 560 possum
233 491 324 560 modo,
342 492 451 546 cavebo.
476 491 530 547 Sed
542 492 613 547 unde
634 494 699 548 mihi
711 494 792 563 vires,
808 511 907 566 propo-

108 563 160 620 sita
176 563 247 618 haec
265 562 451 630 exsequendi?
486 564 557 618 Novi
576 563 748 633 hagihmtem
767 581 861 636 meam,
879 575 908 624 et

107 641 219 688 uatum
234 642 376 702 corruptae
389 634 597 690 instabilitatem.
629 636 700 690 Velle
712 637 819 704 quidem
828 637 906 693 adin·

106 711 147 760 cet
159 705 235 772 cedei,
254 705 302 758 sed
308 705 438 773 pcifioerc
449 722 505 759 con
517 707 632 761 inuenio.
651 707 694 760 Ad
708 715 735 762 te
748 708 830 776 igitur
843 725 907 764 con·

107 775 190 845 hagio,
213 792 230 830 o
245 775 361 844 Spiritus
375 776 472 846 divine,
492 777 571 832 unica
583 793 645 846 spes
663 785 690 833 et
708 779 791 834 robur
802 780 907 836 animae

106 863 193 902 meae.
222 845 318 901 Omnia
331 863 449 916 possum,
468 849 534 903 situ
546 864 588 904 me
603 848 745 907 confortes
770 850 865 907 Statuo
878 859 908 908 et

106 933 241 988 propono,
260 919 349 973 omnia
366 926 478 987 peccata
494 934 562 989 mea,
586 920 728 976 adiuvante
746 924 833 990 gratia
849 930 907 994 tna,

104 991 243 1114 οοηὶεξιθ
253 998 280 1045 et
288 989 579 1114 peccaugdioccasifones
595 993 664 1076 siout
678 993 905 1079 pestemlfugesej

105 1077 186 1200 tlt,
205 1062 906 1200 tip¹th0t,.¹’l¹lthtthlsthttll0tttl

143 1203 294 1271 Salvanos,
308 1203 431 1272 Domine,
440 1205 589 1274 vigilantes,
604 1206 707 1261 custodi
715 1222 765 1261 nos
771 1206 904 1263 dormien-

10 1341 14 1350 ι
105 1281 157 1344 tes,
168 1281 200 1328 ut
206 1275 347 1341 vigilemus
361 1290 421 1328 oum
429 1275 542 1346 Christo,
554 1283 581 1330 et
587 1278 783 1343 requiescamus
792 1279 905 1349 inpaoe.

144 1345 258 1400 Custodi
275 1362 332 1414 nos,
350 1345 473 1414 Domine,
491 1354 522 1400 ut
538 1348 666 1416 pupillam
684 1349 766 1418 oculi;

142 1417 199 1470 Sub
218 1416 314 1470 umbra
332 1417 434 1470 alarum
451 1424 557 1472 tuarum
574 1425 686 1487 protege
703 1435 761 1474 nos.

139 1488 238 1557 Visite,
265 1502 433 1557 quaesumus,
459 1489 580 1558 Domine,
606 1490 797 1544 habitationem
814 1491 903 1562 istam,

103 1564 133 1614 et
151 1574 246 1613 omnes
264 1558 373 1613 insidias
391 1559 488 1613 inimici
506 1560 540 1614 ab
559 1575 592 1614 ea
608 1561 687 1630 longe
705 1561 822 1630 repelle3
848 1563 903 1616 An·

104 1629 160 1700 geli
172 1630 214 1685 tui
229 1630 314 1684 sancti
326 1630 446 1684 habitent
458 1631 486 1684 in
499 1645 539 1701 ea,
558 1632 603 1699 qui
621 1649 670 1687 nos
687 1632 715 1686 in
733 1648 800 1700 pace
814 1640 903 1688 custo·

104 1701 189 1770 diunt,
207 1707 236 1755 et
253 1700 402 1755 benedictio
420 1709 467 1756 tua
484 1702 519 1757 sit
537 1718 684 1772 supernos
702 1718 816 1772 semper.
850 1703 904 1759 Per

105 1772 244 1828 Christum
261 1772 404 1826 Dominum
420 1779 548 1828 nostrum.
583 1775 679 1832 Amen.

142 1843 165 1899 Ο
184 1843 303 1898 Domina
320 1858 380 1898 mea
397 1850 447 1899 etc.
460 1861 527 1914 pay.
544 1848 570 1899 3.

140 1914 338 1970 Ofidelissime
356 1930 460 1984 comes,
488 1931 505 1969 a
528 1915 588 1970 Deo
611 1915 712 1971 tutelae
734 1930 810 1971 meae
837 1917 903 1972 assi·

103 1993 201 2056 gnate,
226 1993 364 2054 protector
382 1992 409 2040 et
436 1985 560 2042 defensor
587 2003 723 2054 nunquam
739 1987 868 2044 recedens
886 2004 904 2043 a

105 2057 191 2112 latere
215 2071 286 2111 meo.
330 2057 403 2124 oues
430 2057 479 2111 tibi
502 2058 602 2125 gratias
628 2057 743 2114 referam
765 2075 815 2127 pro
839 2058 902 2130 fide,

104 2144 206 2198 amore,
224 2128 422 2196 innumerisque
440 2129 468 2182 in
485 2144 527 2182 me
545 2129 649 2184 collatis
666 2128 821 2186 beneficiis?
860 2131 903 2186 Tu

104 2198 250 2256 dormienti
262 2197 400 2268 advigilas,
412 2207 544 2254 moestum
556 2201 660 2270 solaris,
672 2200 804 2255 deiectum
813 2201 902 2272 erigis,

104 2271 272 2326 inminentia
290 2271 409 2338 pericula
426 2271 533 2340 avertis,
558 2270 648 2324 lutum
665 2271 744 2327 doces
763 2287 866 2342 cavere,
885 2287 903 2327 a

103 2342 225 2410 peccatis
244 2341 392 2410 abstrahis,
417 2341 452 2395 ad
475 2341 574 2396 bonum
591 2343 717 2414 impellis,
745 2343 849 2412 lapsum
867 2342 902 2398 ad

105 2413 301 2482 poenitentiam
318 2413 433 2467 hortaris
451 2413 563 2480 Deoque
582 2414 722 2483 concilias;
745 2414 903 2483 jamdudum

103 2483 229 2539 fortassis
242 2484 270 2537 in
281 2481 414 2538 infernum
426 2483 550 2538 detrusus
570 2483 687 2554 fuissem,
705 2485 757 2540 nisi
774 2487 828 2541 tuis
840 2500 901 2554 pre·

104 2556 181 2610 cibus
196 2555 314 2609 diduam
330 2555 397 2608 iram
411 2570 428 2608 a
441 2570 482 2610 me
501 2557 656 2624 avertisses3
675 2571 718 2625 ne,
735 2571 839 2624 precor,
857 2571 899 2611 me

105 2641 225 2695 uuquam
243 2625 361 2680 deseras.
397 2625 440 2680 Ne
457 2627 485 2680 in
502 2633 613 2695 peccata
630 2619 751 2696 incidam,
777 2627 901 2696 advigila,

104 2703 133 2752 et
151 2697 187 2752 ed
205 2697 318 2753 virtutes
335 2696 453 2768 impelle,
480 2697 508 2750 iu
526 2697 646 2752 adversis
664 2698 766 2766 solare,
793 2699 821 2752 in
838 2713 901 2765 pro·

105 2769 193 2838 aperis
211 2768 333 2835 contine,
359 2769 388 2822 in
404 2769 529 2836 periculis
547 2775 637 2838 tuere,
664 2769 692 2822 in
710 2768 900 2824 tentationibus

105 2839 214 2909 adiuva,
227 2839 305 2894 neiis
313 2854 430 2907 unquam
442 2840 618 2896 succumbam.
637 2840 736 2894 Preces
750 2845 778 2894 et
787 2838 901 2907 gemitus

158 2929 263 2970 Mendela
276 2929 419 2974 secerdotum.
448 2929 531 2980 (Editio
545 2927 593 2980 VI.)
777 2928 794 2980 6
