2128 3228
165 176 207 220 Μ
318 178 351 220 Ile
364 177 495 227 quibusdam
509 175 560 216 allis
574 175 712 216 sacerdotnm
725 175 810 216 officiis.

162 286 237 351 gunt,
246 281 265 351 ¹)
286 279 427 334 dummodo
445 279 513 335 tales
532 279 660 334 ecclesiae
679 279 788 347 proprio
807 283 915 333 rectore
934 283 964 334 at

163 354 220 407 iura
240 351 287 406 SS.
302 352 500 406 Sacramentum
518 352 643 405 continuo
660 348 816 404 asservandi
834 349 967 418 gaudent.

201 423 290 490 Quare
311 430 342 477 ut
358 423 451 476 talium
469 422 641 476 ecclesiarum
665 428 785 476 rectores
802 419 910 476 facilius
931 435 968 475 ex

164 501 253 548 mente
278 494 406 548 ecelesiae
431 499 459 547 et
477 493 512 546 ad
529 491 741 547 aedificationem
765 489 884 546 fidelium
905 491 968 546 iun·

165 567 275 633 otiores,
301 564 334 619 de
353 565 449 632 quibus
466 565 511 618 hic
529 579 617 618 sermo
636 570 685 632 est,
705 563 871 632 (clericorum
890 564 969 619 vices

165 635 318 691 cantoribus
336 635 411 690 laicis
429 634 592 704 gerentibus)
611 649 741 703 peregere
759 635 871 703 possins
899 634 969 689 alte·

167 723 225 762 ram
243 707 386 762 editionem
404 705 467 761 dicti
486 705 701 775 anromonialis,
720 706 764 759 vel
777 705 901 774 Ritualis,
921 705 969 761 vel

165 778 330 834 Memorialis
343 779 451 832 Rituum
469 778 512 831 bic
530 778 638 845 inserui,
657 784 686 831 et
702 776 749 830 ubi
766 791 834 844 opus
852 775 967 832 videba-

166 856 219 920 tur,
238 850 365 904 nonnulla
383 849 411 903 S.
429 849 461 904 R.
481 848 512 906 O.
530 848 640 903 decreta
658 847 752 902 adieci.

246 995 265 1046 l.
293 993 332 1045 De
350 992 393 1056 iis,
412 1003 484 1074 quaa
501 990 673 1046 observanda
692 990 749 1044 alut
767 991 794 1044 lu
811 989 890 1044 iasio

387 1073 589 1129 Purificationis
604 1075 635 1126 Β.
657 1074 692 1127 Μ.
715 1073 747 1126 v.

204 1173 271 1225 Art.
279 1173 298 1222 l.
306 1169 585 1233 Depraeparandis
592 1184 648 1233 pro
656 1167 883 1236 benedictione,
895 1183 969 1234 pro·

167 1245 308 1296 cessione
321 1245 354 1290 et
365 1242 473 1294 Missa.
498 1256 523 1294 c.
548 1240 585 1295 Ia
603 1239 687 1294 abaco
704 1254 752 1293 sca
770 1237 908 1294 credeulm
928 1239 970 1294 al·

166 1315 235 1370 acra
251 1312 377 1366 aalma:
397 1311 423 1380 1)
442 1311 518 1365 Galix
535 1327 585 1380 pro
599 1311 685 1366 Missa
703 1326 763 1364 cum
781 1309 904 1366 omnibus
924 1326 969 1366 or-

166 1385 298 1442 namentis
317 1383 414 1438 coloris
432 1383 494 1452 albi,
512 1383 564 1438 nisi
581 1381 679 1436 festum
692 1381 791 1436 incidat
804 1381 832 1436 in
845 1381 969 1436 Domini·

167 1473 226 1512 oam
243 1454 452 1523 privilegiatam,
481 1455 545 1522 quia
570 1462 634 1508 tunc
661 1451 760 1508 debent
788 1467 848 1507 essa
867 1452 968 1510 coloris

167 1523 288 1584 violacei.
314 1524 339 1593 2)
358 1525 479 1594 Planeta,
494 1525 572 1594 stola,
586 1532 614 1579 et
627 1523 777 1592 manipulus
790 1523 888 1579 coloris
904 1524 968 1594 albi,

167 1600 212 1654 vel
229 1597 350 1665 violacei,
369 1597 437 1652 siin
455 1595 601 1664 Dominioa,
620 1603 650 1649 ut
668 1611 757 1664 supra.
786 1597 815 1664 3)
833 1595 969 1650 Thuribu·

167 1671 223 1728 lum
241 1676 269 1724 et
290 1668 413 1730 navicula
437 1684 497 1721 cum
521 1669 607 1722 thure.
644 1665 671 1736 4)
696 1665 752 1721 Vas
780 1681 866 1733 aquae
885 1665 970 1720 bene·

168 1743 255 1798 dictae
274 1755 334 1794 cum
347 1740 508 1807 aspersorio.
527 1741 555 1806 5)
572 1737 663 1793 Pelvis
678 1754 738 1791 cum
751 1736 868 1792 medulla
880 1737 970 1807 panis,

169 1821 197 1869 et
221 1827 287 1866 vasa
313 1826 362 1879 pro
387 1809 487 1865 lotione
516 1825 641 1864 manuum
667 1816 731 1877 post
755 1807 971 1863 distributionem

168 1882 346 1940 candelarum.
388 1881 414 1950 6)
443 1880 649 1948 Manutergium.
686 1883 703 1933 7
742 1879 880 1933 Pelvicnla
907 1896 969 1934 oum

70 2013 72 2019 ,
168 1953 291 2023 ampullis
309 1952 364 2006 vini
382 1959 410 2006 et
428 1966 529 2021 aquae,
556 1959 584 2006 et
602 1966 682 2020 mapp
746 1949 781 2006 ad
799 1966 893 2005 manus
913 1957 967 2006 ter-

187 2024 278 2079 endas.

167 2042 185 2095 g
204 2097 229 2154 b.
246 2095 283 2150 Ia
300 2093 399 2147 ollam
422 2091 447 2162 1)
466 2092 579 2147 Pallium
597 2091 745 2146 violaceum
762 2089 877 2146 faciliter
894 2107 970 2148 amo-

168 2167 249 2222 ribile
277 2171 305 2220 et
323 2170 443 2233 aptatum
461 2179 542 2232 super
560 2163 633 2218 aliud
647 2163 701 2216 albi
719 2163 825 2232 coloris,
844 2163 970 2218 siMissa

169 2240 221 2295 erit
239 2207 272 2292 de
290 2233 376 2289 Beata
393 2235 488 2288 Maria.
516 2235 542 2304 2)
559 2233 670 2290 Missala
688 2234 718 2288 iu
730 2250 813 2289 cornu
824 2233 969 2302 Epistulae

171 2325 254 2378 super
271 2307 381 2376 pulvino
399 2307 529 2374 violaceo,
547 2306 591 2360 vel
609 2320 693 2374 parvo
711 2305 791 2373 legili.

205 2397 228 2438 c.
246 2381 337 2446 Prope
360 2392 444 2431 cerac
466 2377 607 2445 Epistulae
633 2378 664 2430 in
683 2376 787 2444 plano:
819 2373 844 2444 1)
871 2375 972 2430 Mensa

170 2457 298 2519 cooperta
315 2448 418 2502 mantili
436 2447 506 2517 albo,
524 2455 551 2502 et
568 2461 650 2516 super
668 2461 727 2501 eam
740 2444 866 2500 candelae
885 2445 969 2502 bena·

170 2521 312 2589 dicendae,
340 2519 460 2573 similiter
484 2519 574 2588 aliqua
598 2534 696 2589 mappa
713 2517 812 2572 munda
829 2525 969 2586 cooperta

170 2593 197 2663 2)
217 2591 289 2646 Crux
306 2591 520 2659 processionalis.

206 2663 233 2717 d.
251 2664 288 2717 Ic
304 2662 438 2716 scocula.
458 2662 483 2731 1)
503 2661 568 2716 Tria
583 2659 778 2730 superpellicea
789 2674 839 2730 pro
854 2657 971 2716 clericis.

168 2753 331 2764 n—-ffl

186 2779 207 2828 ¹)
220 2781 351 2885 Ὲιιιιοιίοθιΐθι
372 2783 473 2828 spectant
489 2781 518 2820 ad
536 2789 612 2820 aarum
630 2779 794 2820 confessarium.
822 2779 853 2827 (a
870 2779 896 2819 R.
910 2779 934 2822 0.
948 2776 972 2819 d.

224 2847 279 2896 arpa
294 2846 305 2886 l
350 2845 365 2891 ·)
