2106 3228
225 169 335 211 urana
350 169 509 209 nonnullarum
521 167 694 211 meditationum.
833 163 861 208 lt

74 275 261 328 descensurus
278 280 413 341 montem,
446 278 476 327 ut
502 278 596 339 tangas
613 271 771 339 Dominum,
801 283 856 326 nou

73 355 142 398 exues
153 345 225 412 prius
242 352 358 414 peccata
373 359 426 413 per
443 342 621 410 doloriieram,
640 343 663 396 si
680 348 767 410 potes,
787 341 856 395 Ocu·

71 411 220 470 sessionem?
239 445 274 456 -·-
300 417 397 470 Honor
415 415 550 483 sublimis,
568 414 625 468 vita
642 411 784 480 deformis3
803 411 859 467 dei·

70 482 113 539 fica
128 486 263 556 professio,
283 493 312 542 et
329 487 425 542 illicita
443 485 534 541 actio?
572 485 611 552 (S.
630 484 766 551 umcros.)

101 569 174 610 Puram
190 571 350 611 conscientiam
370 571 428 610 affer
450 571 479 612 ad
497 568 713 610 adminIstratiouem
734 567 859 608 Sacrorum

72 637 141 679 iorum
638 674 641 686 Υ

247 705 291 756 10.
310 703 497 755 meditatio:
517 701 560 755 De
577 706 669 754 morte.

101 787 121 841 Ι.
142 788 172 841 In
187 789 240 844 hoc
258 789 362 844 tributo
380 796 494 843 naturae
513 787 603 842 debito
622 789 673 842 erit
690 788 759 843 sicut
776 801 862 856 popu·

69 857 113 928 lus,
131 860 165 913 sic
179 867 206 914 et
223 861 363 916 sacerdos.
373 859 434 929 (Isa.
447 861 501 929 24.)
516 858 653 913 dictatam
663 865 709 927 est,
723 859 816 930 (Hebr.
826 855 861 928 9.)

69 929 195 984 dictam
213 933 348 1000 orandus,
375 937 487 1000 excepto
506 931 625 984 nemine:
651 931 720 985 sicut
737 929 861 1000 populus,

69 1002 148 1056 sicet
169 1018 220 1056 rex
244 1011 272 1058 et
290 1002 415 1071 pontifex
443 1008 470 1056 et
488 1001 632 1069 sacerdos;
662 1002 716 1055 imo
740 1009 768 1056 et
794 1001 862 1056 haec

67 1088 168 1127 munera
185 1075 275 1128 omnia
294 1081 408 1128 mortem
427 1081 581 1142 aggravant.
619 1073 710 1126 Time?

97 1145 129 1198 u
153 1144 293 1200 &mutam
312 1151 358 1213 est,
377 1145 455 1198 semel
472 1145 557 1212 mori;
574 1145 623 1198 ahi
643 1143 726 1198 semel
742 1149 861 1212 tautrun3

67 1228 125 1282 ergo
142 1217 165 1270 si
182 1217 267 1272 semel
285 1217 402 1284 misere,
427 1231 533 1284 semper
550 1216 655 1270 misere.
692 1215 736 1268 Sic
754 1229 860 1282 semper

66 1287 128 1356 rive,
145 1294 175 1342 ut
192 1288 279 1342 semel
296 1287 421 1341 moriaris
438 1287 522 1340 bene!

97 1359 234 1413 111.ch
252 1360 370 1413 moritur
386 1358 456 1428 pius,
475 1363 591 1426 sanctus,
610 1356 716 1412 zelosus
727 1355 862 1425 sacerdos,

66 1443 159 1483 mernor
175 1430 304 1498 praestiti
322 1429 428 1484 Christo
453 1445 471 1483 a
493 1444 522 1484 se
548 1428 684 1496 obsequii,
710 1428 757 1496 qui
772 1427 863 1481 dicere

67 1502 144 1566 pessit
161 1519 221 1556 cum
239 1502 329 1556 Jobo:
349 1501 437 1564 medo,
463 1499 535 1568 pared
552 1499 716 1567 Redemptor
733 1514 808 1552 meaa
824 1499 863 1552 oi-

68 1572 109 1639 υἰέ,
125 1588 201 1639 quem
223 1573 310 1627 toties
330 1571 384 1625 fide
408 1572 479 1641 viva,
500 1578 588 1624 mente
607 1587 684 1639 pura,
703 1569 784 1625 corde
802 1584 862 1637 per·

68 1639 131 1698 fecto
155 1643 331 1699 contrectavi.
377 1643 453 1696 Male
478 1642 591 1696 moritur
618 1641 745 1696 sacerdos
769 1641 864 1708 malus,

69 1728 160 1770 memor
183 1715 300 1784 impuris
324 1714 462 1782 manibus,
489 1712 623 1781 impudica
646 1713 753 1781 lingua,
783 1711 865 1779 impio

69 1785 140 1840 corde
154 1802 215 1840 eum
229 1803 261 1842 se
277 1785 428 1853 suscepisse
441 1792 578 1854 pastorem
592 1800 677 1851 suum,
691 1799 770 1850 quem
783 1781 864 1852 paulo

69 1865 123 1922 post
139 1859 246 1912 risurus
267 1864 309 1911 est
327 1855 453 1924 iudicem,
480 1863 507 1910 et
533 1871 586 1923 quo
610 1855 707 1909 vultu?
735 1870 751 1908 o
775 1858 869 1910 mors!

70 1942 142 1994 quom
159 1945 261 1984 emera
279 1927 378 1982 talibus
405 1932 444 1981 eet
460 1928 590 1980 monerio
607 1929 674 1980 tua!
698 1925 790 1996 (Eccli.
809 1927 867 1998 41.)

101 2012 158 2052 sieut
171 2013 263 2062 optabis
278 2011 342 2060 mori,
357 2012 389 2050 sic
403 2021 460 2050 nuuc
473 2010 546 2050 rivere
559 2010 640 2050 statue.

253 2110 287 2161 ll.
305 2107 487 2162 Meditatio:
506 2106 550 2160 De
567 2105 678 2159 iudicio.

103 2189 122 2246 L
138 2191 246 2262 Exiguo
264 2191 344 2246 facile
363 2190 517 2244 conceditur
534 2189 730 2258 misericordia3
753 2188 866 2242 derasi·

73 2275 137 2316 mom
154 2280 217 2318 vcro
236 2261 436 2330 iudiciariam
451 2262 652 2330 quipraesact,
671 2261 724 2326 piet.
744 2259 817 2328 (Sap.
829 2259 866 2330 6.)

73 2331 136 2387 sodi
151 2335 216 2405 hoc,
244 2332 388 2400 sacerdos,
416 2333 462 2400 qui
486 2333 645 2387 constitutus
665 2347 694 2387 es
723 2331 865 2386 achi-isto

73 2401 153 2458 iudex
188 2405 330 2472 Audisse?
348 2403 481 2459 timesne?

102 2473 134 2530 u.
151 2477 193 2531 Ibi
209 2475 400 2532 iudicabuntur
418 2490 510 2529 omues
528 2473 645 2528 iustitiae
663 2480 743 2542 tuae,
768 2471 797 2525 id
815 2477 864 2542 est,

75 2548 208 2617 oradones,
236 2545 376 2614 sacrificia,
406 2544 637 2600 Sacramentorum
662 2543 865 2612 administratio,

75 2629 206 2684 aegrorum
215 2635 281 2674 cura
299 2625 328 2674 et
345 2617 471 2686 visitatio,
491 2615 641 2670 exhortatio
661 2623 711 2673 ete.
730 2631 783 2681 quo
797 2614 864 2684 zelo,

75 2701 123 2752 qua
138 2690 331 2758 sollicitudine,
360 2703 414 2756 qua
432 2687 631 2756 opportunitate
651 2686 704 2740 sint
722 2685 867 2754 exercitae,

75 2771 105 2810 tu
121 2761 198 2830 culpa
214 2769 262 2816 tua
279 2760 469 2816 intermissae?
488 2789 523 2798 -
540 2758 671 2823 Venient,
697 2756 807 2810 venient
824 2771 867 2810 sa·

75 2829 190 2888 cerdotes
205 2833 270 2888 mali
287 2831 323 2886 ad
340 2830 457 2885 tribuual
476 2829 590 2896 Christi,
616 2827 739 2882 audietur
758 2825 868 2892 querela
