2130 3242
338 137 371 178 De
385 134 529 176 &ammento
540 135 697 180 Paenitentia.
876 136 918 178 tlt

113 253 182 308 esse,
200 239 235 294 iis
250 237 362 293 eandem
376 237 491 307 differre,
510 237 574 293 deta
586 238 661 306 prius
676 253 767 307 opera,
786 245 817 294 ut
830 253 915 306 aeque
1015 261 1019 270 ·

112 309 202 366 terant
228 309 384 364 dilatiomm
410 317 437 364 et
460 309 576 365 libenter
598 315 783 377 revertantur,
811 311 916 378 quoties

113 381 294 437 confessarius
311 379 457 449 prudenter
474 380 582 450 indicat,
611 380 806 436 absolutionem
824 381 915 436 statim

113 460 141 508 et
157 452 275 506 faciliter
286 452 448 521 impertitum
462 452 501 506 eis
519 451 636 506 futurem
654 466 716 506 esse
728 466 778 519 per
791 449 914 508 accidens

112 524 290 592 occasionem,
315 531 346 577 ut
363 524 460 577 iterum
472 523 642 592 relabantur,
668 522 712 576 vel
729 523 835 590 quoties
854 537 915 576 eon·

111 593 243 650 fossarius
260 593 408 662 praevidet,
428 592 582 666 dilationem
595 609 656 650 esse
674 595 718 648 bic
731 601 760 648 et
771 609 842 648 nunc
855 593 913 648 uni·

111 683 174 721 cnm
191 664 309 720 medium
327 664 527 721 emendationis.
548 697 551 704 .

147 736 294 792 Recidivus
312 738 389 805 signa
406 743 509 790 tentum
527 735 663 791 ordinaria
680 735 780 792 doloris
798 735 914 792 efferens

112 809 219 864 absolvi
236 815 335 876 potest,
354 815 381 862 et
399 808 545 874 generatim
565 807 659 876 debet,
689 809 791 876 quoties
809 807 914 862 ubsola·

111 881 152 934 tio
168 893 226 933 cca
239 879 426 946 petraefontis
443 879 564 946 dulim
580 880 650 934 ratio
669 886 725 946 est,
744 880 807 947 quia
821 894 913 947 quem·

112 951 156 1006 vie
174 957 229 1006 stet
246 950 335 1016 aliqua
352 950 534 1018 praesumptio
560 957 654 1004 cenna
677 950 759 1006 talem
775 950 915 1019 poeniten·

11 1037 12 1052 *
113 1029 178 1090 tem,
197 1035 232 1076 er
252 1021 335 1089 signis
351 1029 441 1076 tamen
455 1019 596 1076 ordinariis
614 1021 715 1076 doloris
742 1023 807 1078 setis
826 1021 917 1090 dispo·

11 1145 12 1162 ,
113 1093 183 1149 durs
205 1091 327 1160 videtur,
354 1107 490 1160 nunquam
514 1099 603 1146 eutem
628 1092 807 1148 confessarius
831 1093 914 1148 talem

112 1164 257 1218 absolvere
275 1161 370 1232 debet,
397 1163 449 1218 nisi
476 1177 582 1218 emnem
599 1179 691 1218 curam
709 1171 737 1219 et
755 1163 913 1220 industriam

113 1233 277 1302 adhibuerit,
295 1241 326 1288 ut
339 1249 400 1288 eum
413 1233 448 1288 ad
461 1233 619 1290 beneficium
632 1235 806 1291 absolutionis
820 1236 915 1292 melius

113 1312 270 1376 praeparet.

148 1376 295 1431 Recidivus
308 1375 414 1432 rediens
428 1391 488 1430 cum
508 1375 599 1430 eodem
613 1392 701 1443 prauo
719 1377 820 1443 habita
839 1377 914 1432 nullo

112 1448 237 1502 adliibr'to
255 1453 368 1514 conam,
386 1447 513 1515 calwpue
530 1446 651 1500 odbddo
676 1447 793 1502 remedio
820 1463 854 1502 ex
871 1449 914 1517 iis,

114 1534 186 1588 quae
204 1517 383 1573 confessarius
401 1519 426 1572 ei
444 1518 665 1587 praescripserat,
689 1534 744 1572 non
762 1525 851 1586 potest
869 1519 916 1572 ab·

114 1590 193 1658 solvi,
211 1590 264 1644 nisi
278 1590 354 1657 sigua
369 1588 469 1644 doloris
490 1588 713 1643 extraordinaria
730 1588 833 1658 afferat,
852 1590 915 1655 quia

114 1661 299 1730 praesumptio
317 1659 435 1728 prudens
453 1666 508 1714 stat
524 1666 617 1714 tonna
630 1659 711 1714 talem
724 1661 914 1728 poenitentem.

151 1732 347 1799 sulphoreae
367 1731 446 1800 plura
461 1737 600 1785 enumeret
614 1729 826 1786 extraordinaria
839 1731 916 1799 signe

114 1803 298 1859 contritionis:

151 1879 177 1931 1.
194 1873 285 1928 Maior
302 1872 380 1928 dolor
396 1871 582 1930 manifestatus
599 1874 809 1941 perlacrymas,
835 1871 915 1928 modo

113 1945 169 2000 sint
186 1959 251 2000 vere
270 1945 494 2013 compunctionis,
522 1952 569 1999 aut
592 1960 642 2012 per
667 1944 751 2000 verba
779 1957 813 1997 ex
834 1943 914 2000 corde
970 1943 972 1948 '

114 2015 304 2084 procedentia,
332 2031 401 2082 quac
428 2015 571 2083 aliquando
594 2016 710 2072 certiora
734 2015 810 2083 signa
834 2029 915 2082 quem

114 2087 247 2156 lacrymae
275 2101 334 2142 esse
359 2094 480 2154 possunt.
517 2090 542 2141 2.
567 2087 656 2142 Minor
674 2102 800 2140 numerus
819 2101 913 2154 peeca-

115 2164 212 2226 torum,
230 2157 349 2225 intellige
367 2173 428 2212 cum
445 2159 585 2226 poenitens
604 2158 686 2212 fuerit
704 2159 732 2211 in
750 2157 851 2212 eisdem
870 2173 915 2212 oc·

115 2229 266 2290 casiouibus
280 2229 511 2284 ostentationibus
524 2229 660 2298 peccandi,
675 2236 722 2283 aut
735 2229 759 2284 si
773 2229 914 2296 poenitens

115 2308 177 2368 post
194 2300 316 2354 ultimam
333 2299 527 2354 confessionem
544 2301 759 2368 perseveraverit
780 2301 809 2353 iu
828 2299 916 2367 gretie

117 2384 165 2439 per
177 2371 295 2426 notabile
307 2377 423 2439 tempus,
441 2377 508 2438 pute
524 2386 574 2439 per
587 2374 622 2424 20
640 2379 687 2426 aut
705 2372 739 2424 25
761 2369 826 2439 dies,
845 2371 916 2438 ipse,
1000 2405 1001 2408 =

117 2442 162 2509 qui
174 2443 250 2511 prius
262 2441 364 2510 pluries
381 2442 409 2496 in
427 2441 595 2496 hebdomada
611 2442 716 2510 prolabi
730 2441 849 2509 solebet3
868 2447 916 2496 aut

116 2527 180 2568 vero
199 2515 222 2569 si
240 2514 363 2581 relapsus
381 2512 463 2568 fuerit
487 2520 549 2581 post
574 2529 697 2581 maguam
721 2513 915 2580 resistentiam

115 2586 262 2640 autetiam
284 2585 307 2640 si
333 2593 476 2652 antequam
501 2583 536 2638 ad
554 2584 749 2642 confessionem
766 2581 914 2652 accederet,

116 2655 161 2710 diu
179 2671 209 2712 se
228 2655 416 2712 abstinuerita
433 2655 519 2723 culpis
536 2655 700 2712 mortalibus.
729 2658 754 2711 3.
768 2654 915 2722 Diligentia

115 2727 235 2781 adbibita
251 2742 301 2794 pro
321 2726 514 2794 emendatione,
531 2734 562 2781 ut
579 2734 659 2794 esset,
678 2727 701 2781 si
714 2725 854 2794 poenitens
873 2723 911 2778 di·

116 2798 229 2867 ligenter
246 2797 413 2854 occasionem
430 2798 569 2866 vitaverit,
597 2797 686 2852 media
713 2813 730 2851 a
747 2794 911 2851 confessario
