2124 3230
175 176 215 220 222
340 181 373 220 De
387 180 535 222 celebratione
547 180 585 225 88.
600 179 681 222 mem
695 179 803 223 recrincli.

175 282 294 350 suscepit
306 282 459 338 celebrandi
472 297 522 350 pro
536 283 613 352 rivis,
631 280 775 338 weimodo
784 295 840 336 aaa
849 295 971 349 supressa

175 353 279 410 &verse
291 355 499 422 praeminuerit
508 355 555 422 qui
573 353 647 410 dedit
665 354 869 422 eleemosynam
885 351 926 420 (S.
936 352 972 412 R.

177 425 206 480 0.
224 428 267 480 29.
286 425 357 483 Noa.
376 427 465 490 1856.)

211 495 402 551 Annirersaria
426 510 461 550 ex
488 495 662 563 dispositione
686 502 845 554 tenammm
872 496 977 550 canori

176 575 290 636 possunt
312 567 340 623 in
368 567 518 635 duplicibus
543 567 623 621 etiam
646 568 792 624 maioribus
819 566 860 634 (S.
882 565 918 620 R.
946 567 977 622 0.

177 642 201 692 1.
219 638 285 692 Dec.
305 640 405 706 1666),
431 653 486 692 non
503 645 595 692 mmen
618 638 640 692 Ι.
658 646 686 694 ct
703 639 738 697 ΙΙ.
756 639 858 707 classis,
886 653 976 704 neque

175 709 368 766 inhominius
386 717 414 764 et
431 709 507 766 iestis
526 709 560 764 de
578 717 737 778 praecepte3
765 711 976 778 periturusque

111 803 113 808 ·
175 778 245 836 infru
271 787 380 836 octavas
390 781 409 850 1)
441 781 604 848 Natiuitatis,
622 781 800 849 Epipbsniua
823 780 975 848 Panisos,

175 851 349 906 Pentecostes
359 858 388 906 et
396 851 523 920 Corporis
534 851 647 920 Christi3
661 853 726 908 item
734 867 784 906 nec
792 851 862 906 ieris
874 858 974 918 quun

176 923 302 988 cinerum,
320 937 370 976 nec
386 921 458 978 inira
474 921 669 978 hebdomadum
685 924 821 990 maiorem,
839 937 890 977 nec
907 923 975 991 rigi·

174 993 222 1056 liis
236 993 391 1049 Natiuitatis
408 994 517 1050 Domini
533 1001 563 1065 et
579 993 762 1050 Pentecosten
795 994 823 1049 Si
842 994 975 1050 eiusmodi

175 1064 387 1120 anniversarium
405 1080 440 1119 ex
458 1065 632 1134 dispositione
660 1065 797 1122 testatoris
816 1064 975 1133 impeditum

175 1133 265 1204 fuerit,
283 1150 338 1190 non
355 1142 447 1204 potest
465 1138 567 1192 cantari
579 1136 666 1194 Missa
678 1136 712 1192 de
726 1135 796 1192 leste
815 1143 976 1192 occurrente

175 1206 219 1260 vel
237 1205 306 1262 ieris
329 1207 499 1276 privilegiata
521 1223 572 1276 per
596 1208 801 1278 applicationem
828 1207 870 1274 (S.
888 1207 923 1264 R.
945 1208 975 1264 0.

175 1280 221 1332 22.
239 1277 306 1332 Dee.
324 1281 425 1346 1753),
443 1279 491 1334 sed
503 1279 714 1336 anniversarium
724 1279 804 1334 debet
812 1279 918 1334 cantari
930 1278 976 1334 die

177 1348 358 1416 subsequente
376 1351 419 1404 vel
436 1350 620 1419 antecedente,
628 1351 650 1419 2)
670 1351 721 1409 etsi
734 1357 874 1408 occurram
887 1349 976 1406 officie

176 1417 210 1476 de
224 1419 324 1488 duplici
341 1422 437 1476 maiori
453 1422 498 1477 vel
515 1422 611 1478 minori
626 1438 682 1478 nou
699 1420 804 1478 feriato.
826 1421 867 1489 (S.
885 1421 922 1479 R.
943 1421 973 1478 0.

116 1529 119 1536 .
175 1493 202 1546 4.
220 1491 296 1546 Maii
319 1495 409 1560 1686.)
448 1492 477 1548 si
500 1508 565 1548 vero
587 1494 739 1562 contuget,
762 1508 810 1550 eas
823 1491 976 1554 *transferri

176 1562 248 1618 rdtra
271 1570 382 1620 cennas
405 1564 596 1633 privilegiatae,
621 1570 684 1618 tunc
707 1565 735 1618 in
758 1561 976 1632 semiduplicibus

175 1639 279 1690 tentum
287 1635 376 1690 locum
384 1635 485 1691 babere
494 1643 615 1703 possunt.
627 1635 669 1702 (S.
677 1635 713 1690 st
725 1634 755 1690 6.
763 1639 791 1702 3.,
799 1636 864 1692 Dec.
880 1637 973 1702 1701.)

176 1703 309 1761 Sacerdos
327 1706 460 1774 obligatus
478 1706 513 1762 ud
531 1706 692 1763 celebranda
716 1706 900 1764 mmusrtsria
916 1704 977 1762 fun·

177 1775 241 1830 duta
258 1777 286 1832 in
300 1776 342 1832 die
357 1777 454 1846 obitus,
472 1784 579 1834 tenetur
597 1778 733 1832 celebrare
745 1777 857 1836 Missam
868 1777 905 1832 de
922 1777 976 1834 Be·

176 1848 264 1914 quiem
284 1847 324 1915 (S.
343 1848 378 1903 R.
399 1848 428 1904 0.
445 1852 492 1904 22.
509 1849 575 1904 Dec.
595 1851 695 1916 1753).
728 1848 804 1904 Idem
821 1847 972 1916 dicendum,

177 1918 201 1974 si
218 1925 314 1986 agaim
331 1918 365 1974 de
383 1919 475 1976 Missis
493 1920 607 1976 amians
625 1919 811 1976 defunctorum
836 1935 893 1976 nou
916 1919 976 1976 irin·

177 1987 255 2057 datis,
273 1990 318 2044 rel
334 1989 453 2048 frendetis
473 1991 530 2048 sine
551 1991 731 2060 assignatione
750 1991 861 2046 dierum
881 1991 911 2046 Si
930 2007 976 2046 su·

192 2125 213 2180 ¹)
226 2129 309 2168 Musae
323 2130 349 2170 do
358 2130 464 2182 Bequlsrn
477 2135 525 2176 turn
539 2142 567 2172 ex
579 2133 623 2182 plis
636 2132 778 2173 lundatornm
788 2131 977 2182 dispositionibus,
1015 2113 1019 2122 ¹

229 2197 277 2234 turn
291 2205 319 2234 ex
332 2194 429 2236 fidelium
447 2196 581 2246 quotidianis
600 2195 750 2237 obletlonibus
770 2207 819 2236 curn
839 2199 907 2238 centn
922 2195 977 2236 cele-

230 2259 328 2300 brandae
341 2261 365 2300 ln
378 2261 477 2302 ecclesiis
487 2263 651 2312 parochialibus
659 2263 831 2304 Arcbldloeeesis
840 2263 977 2307 coloniensis

230 2327 252 2366 vi
265 2328 344 2366 indulti
358 2339 372 2367 e
386 2329 405 2369 S.
421 2329 445 2368 Ρ.
460 2329 499 2369 Ρίο
513 2329 554 2368 lx.
568 2328 603 2368 dle
617 2326 650 2373 15.
658 2329 740 2380 Aprilis
755 2325 815 2371 1858.
829 2331 927 2372 concessi
941 2340 976 2373 ce·

230 2391 312 2433 lebrsrl
330 2395 422 2443 possunt
438 2415 461 2423 -
476 2394 566 2445 speclall
581 2395 670 2436 licentia
691 2405 757 2444 snper
775 2396 817 2436 hoc
835 2397 864 2436 ab
884 2395 977 2438 Ordina-

230 2459 290 2498 ristn
304 2458 375 2507 petits
388 2479 414 2488 -
427 2459 451 2500 ln
464 2460 597 2509 dupliclbns.
611 2471 656 2500 non
669 2471 721 2500 roro
734 2460 753 2506 1.
767 2464 790 2501 et
802 2459 831 2505 11.
846 2462 931 2511 classis,
944 2461 976 2501 ie·

231 2523 313 2638 61ιῖἀῖ
327 2527 445 2574 praecepto
460 2527 581 2576 uerendis,
596 2527 664 2575 ierim
678 2527 761 2576 ricinis
775 2531 797 2570 st
811 2529 896 2570 octaris
909 2528 977 2579 priri-

230 2589 251 2628 le
275 2591 299 2629 st
308 2598 325 2631 s.

195 2649 258 2703 ²)1n
272 2652 422 2694 anniversario
435 2655 545 2696 trsnslsto
562 2657 598 2696 rel
617 2657 739 2706 anticipato
753 2658 822 2700 lissa
839 2660 916 2708 potest
933 2658 978 2698 dlcl
1046 2685 1047 2702 l

231 2720 256 2757 nt
268 2717 292 2757 ln
305 2717 355 2766 lpso
368 2719 519 2760 anniversario
532 2720 563 2773 (s.
577 2722 603 2762 B.
618 2722 639 2765 0.
653 2722 674 2766 5.
691 2723 747 2764 Julii
759 2719 832 2774 1696.)
844 2733 886 2764 nec
895 2722 978 2764 rsrlsri

231 2783 297 2824 debet
315 2782 402 2824 0rstlo:
419 2786 479 2826 osias
497 2788 663 2829 cubantium
683 2791 726 2830 ete.
747 2789 785 2830 ssd
809 2790 922 2832 recltsnds
942 2793 977 2830 est

231 2852 298 2899 prout
311 2850 368 2890 aas
381 2852 404 2892 ln
418 2852 510 2894 nourr.
537 2854 568 2902 <s
582 2855 608 2896 n.
623 2855 646 2896 o.
660 2854 681 2894 4.
696 2855 754 2896 rrae
767 2854 840 2906 resa.)
