2146 3234
176 160 218 204 086
328 163 360 203 De
373 162 504 212 quibusdam
517 161 568 201 aliis
581 161 721 200 sacerdotum
735 161 820 206 ostiolis,

212 262 323 318 Docebo
340 263 446 331 iniquos
463 263 522 319 rias
539 270 600 318 tuas
626 265 638 290 *
663 269 691 317 et
714 263 789 332 impii
814 261 850 317 ad
868 268 896 317 te
915 277 977 318 con·

178 341 326 390 vertentur.

114 443 120 458 .
179 445 183 452 .
214 406 315 460 Libera
336 419 377 459 me
405 403 439 458 de
464 405 644 474 sanguinibus,
675 405 758 474 Deus,
780 404 856 460 Deus
881 403 980 460 salutis

178 491 270 546 meae,
288 478 300 502 *
319 482 347 530 et
365 476 509 531 exsultabit
525 477 617 544 lingua
633 491 694 531 mea
711 476 839 532 iustitiam
856 483 942 531 tuam.

214 548 336 615 Domine,
354 547 426 602 labia
442 549 503 602 mea
520 547 641 616 aperies,
655 549 667 574 *
681 555 710 602 et
723 563 753 603 os
771 561 860 601 meum
875 563 979 601 annun

179 620 257 676 tiabit
273 617 380 673 laudem
398 625 479 674 tuam.

216 690 347 758 Quoniam
371 688 395 744 si
416 689 549 746 voluisses
577 687 744 758 sacrificium,
770 687 905 744 dedissem
931 689 983 744 uti·

180 777 246 831 que:
264 765 276 788 *
294 760 458 816 holocaustis
476 776 530 815 non
549 759 733 815 delectaberis.

216 831 380 886 Sacrificium
397 831 456 886 Deo
476 833 585 900 spiritus
605 831 811 899 contribrdatus3
826 832 837 856 *
852 846 900 885 cor
919 847 983 886 con·

180 905 272 960 tritum
291 910 318 957 et
335 903 509 971 humiliatum,
527 903 611 972 Deus,
629 919 684 958 nor
702 901 842 971 despicies.

216 975 336 1042 Benigne
366 972 423 1043 fac,
450 974 579 1044 Domine,
606 975 634 1027 in
665 973 737 1028 bona
769 973 909 1028 voluntate
934 979 984 1028 tua

183 1045 286 1113 Sion,
304 1052 334 1099 ut
351 1015 524 1100 aedificentur
542 1045 610 1100 muri
628 1045 787 1100 Jerusalem.

218 1116 293 1170 Tunc
303 1115 454 1184 acceptabis
471 1114 629 1170 sacrificium
644 1117 770 1184 iustitiae,
787 1115 940 1171 oblationes
956 1123 983 1170 et

180 1187 373 1242 holocausta:
381 1193 445 1242 tunc
452 1187 590 1256 imponent
602 1203 684 1255 super
693 1188 778 1242 altare
787 1193 863 1241 tuum
871 1185 981 1242 vitulos.

218 1257 310 1312 Gloria
327 1258 403 1312 Petri
421 1266 471 1315 eto.
491 1288 523 1298 -
543 1258 617 1313 Siout
635 1265 694 1314 erat
712 1265 763 1312 etc.
989 1265 994 1284 ⁸

217 1328 325 1384 Deinde
342 1330 429 1398 serpit
446 1335 471 1384 et
488 1335 582 1398 opero
600 1331 688 1398 capite
706 1329 787 1384 dui:

218 1399 301 1470 Kyrie
326 1400 435 1455 eleison.
453 1429 488 1442 -
508 1401 613 1455 Christe
637 1401 746 1456 eleison.
766 1427 800 1440 -
817 1398 902 1468 Kyrie
922 1399 984 1455 elei·

182 1487 242 1528 son.
261 1500 295 1510 -
312 1472 395 1526 Pater
412 1477 512 1528 noster.

223 1543 253 1597 V
271 1543 309 1597 Et
326 1557 360 1598 ne
378 1558 428 1598 nos
440 1541 555 1598 inducas
572 1542 600 1597 in
617 1542 801 1611 tentationem,
820 1548 872 1599 etc

223 1614 254 1670 V.
273 1614 381 1668 Salvum
404 1612 448 1668 iac
464 1627 573 1668 servum
589 1621 665 1668 tuum
689 1614 741 1681 (ool
758 1612 881 1668 ancillam
899 1611 984 1681 tuam)

182 1685 305 1754 Domine,
327 1715 359 1726 -
377 1684 412 1739 ll.
431 1685 506 1740 Deus
523 1701 607 1754 meus,
626 1685 803 1768 sperantem
795 1700 824 1738 in
841 1691 879 1739 te.

223 1758 254 1816 V.
272 1757 346 1811 Nihil
363 1754 511 1825 proficiat
503 1757 624 1812 mimicus
641 1757 670 1810 iu
688 1757 756 1823 eo(
741 1755 793 1823 (oei
808 1756 837 1809 ln
855 1753 930 1838 ιιι.

219 1829 255 1884 R.
272 1829 310 1882 Et
326 1826 396 1883 filius
413 1827 561 1894 iniquitatis
577 1843 633 1882 nou
651 1834 770 1896 apponat
786 1840 884 1881 nocere
905 1825 940 1883 ei.

224 1900 255 1956 V.
273 1900 341 1955 Esto
359 1899 392 1968 ei,
403 1899 533 1982 Domine,
554 1899 636 1954 turris
653 1897 828 1968 fortitudinis,

219 1970 254 2025 R.
272 1970 298 2023 A
316 1968 409 2024 facie
401 1970 507 2024 mimici.
1051 1987 1052 2033 l

224 2041 255 2095 V.
273 2040 396 2110 Domine,
414 2040 513 2096 exandi
530 2041 671 2097 erutionen
687 2055 783 2110 meam,
800 2045 853 2096 etc.

224 2111 255 2168 V.
274 2111 405 2168 Dominus
422 2113 567 2181 vobiscum,
587 2119 638 2168 etc.
1050 2133 1051 2218 p

223 2181 443 2253 ercomenon,
462 2185 506 2238 oui
517 2184 656 2252 proprium
679 2189 721 2238 est
738 2182 859 2238 misereri
877 2196 986 2251 semper
1048 2187 1049 2210 ¹

185 2261 213 2310 et
229 2267 349 2324 parcere,
368 2255 473 2323 suscipe
493 2255 707 2324 deprecationem
720 2261 854 2322 nostram3
868 2259 899 2308 ut
912 2253 986 2308 hunc

184 2325 312 2380 famulum
337 2332 414 2380 tuum
445 2327 498 2392 (uel
519 2327 589 2382 hanc
618 2325 744 2382 famulam
773 2327 873 2394 tuam),
906 2339 988 2392 quern

186 2397 286 2468 (quem)
304 2397 582 2452 excommunicationis
601 2397 734 2453 sententia
751 2396 917 2464 constringit,
936 2396 988 2450 mi·

186 2467 284 2525 ceratio
302 2473 365 2522 tuae
383 2468 492 2536 pietatis
510 2469 654 2524 clementer
672 2468 802 2524 absolvat.
833 2467 887 2522 Per
906 2465 984 2522 Chri-
1048 2441 1050 2494 ¹

185 2548 256 2595 stum
273 2537 417 2592 Dominum
433 2546 562 2596 nostrum.
597 2540 693 2598 Amen.

221 2611 291 2664 Moo
307 2608 380 2664 sedet
396 2610 523 2666 sacerdos
546 2611 584 2666 od
604 2604 774 2680 proficescere
791 2623 943 2676 coucam,
962 2615 988 2664 et

186 2682 274 2748 capite
305 2685 428 2748 cooperto
452 2697 513 2736 eum
537 2683 571 2738 ub
596 2683 702 2738 boereu‘
724 2681 838 2738 absolvit
865 2669 1049 2751 sapaudi

183 2752 352 2878 fominus
377 2827 468 2878 noster
492 2823 573 2880 Jesus
598 2825 720 2880 Christus
746 2829 775 2880 te
800 2823 932 2894 absolvat,
960 2828 990 2880 et
1047 2809 1048 2814 ¹
