2146 3234
232 185 311 227 lilodus
326 186 467 226 benedicendi
481 187 503 226 et
516 175 669 228 introducendi
682 199 819 238 puerperam.
881 187 922 231 628
984 183 986 195 '

160 288 293 343 Innocens
312 287 433 343 manibus
448 295 475 343 et
488 287 586 343 mundo
605 287 694 357 corde,
713 291 725 315 *
743 290 789 357 qui
805 306 860 347 uon
878 307 921 347 ac·

22 413 23 421 ,
125 359 198 428 cepit
216 359 244 412 iu
262 374 331 414 vano
358 359 473 413 animam
498 374 588 429 sumn,
613 374 663 413 nec
685 359 785 414 iuravit
806 362 835 415 in
858 361 920 419 dolo

122 431 246 501 proximo
264 446 322 486 suo.

162 502 213 556 Hic
232 501 344 570 accipiet
359 499 570 556 benedictionem
588 517 605 555 a
621 500 751 556 Domino:
770 504 783 530 ²*
800 507 828 558 et
842 503 920 558 mise·

123 572 267 628 ricordiam
286 587 302 626 a
319 571 379 626 Deo
398 572 508 627 salutari
526 587 583 628 suo.

159 644 234 698 Haec
252 643 449 712 est-generatio
468 643 653 711 quaerentium
673 657 742 713 eum,
760 645 773 669 *
791 658 920 712 quaereu-

124 716 191 770 tium
208 712 304 770 iaciem
321 714 374 770 Dei
391 714 484 769 Jacob.

159 786 282 841 Attollite
300 793 393 854 portas
417 785 551 855 principes
579 791 699 854 vestras,
729 791 757 839 et
781 785 921 841 elevamini

124 864 219 927 portae
239 857 403 912 aeternales:
422 859 434 884 *
452 862 480 912 et
496 857 617 912 introibit
633 857 694 910 Rex
711 856 821 924 gloriae.

159 928 225 996 Quis
251 934 292 984 est
313 929 364 983 iste
382 927 442 982 Rex
460 927 582 997 gloriae?
608 931 620 956 *
645 927 776 983 Dominus
797 927 875 984 fortis
893 933 921 983 et

122 1006 227 1069 potens,
246 1000 375 1054 Dominus
393 1005 489 1067 potens
507 1000 534 1053 in
551 998 663 1068 proelio.

159 1070 281 1126 Attollite
307 1076 399 1138 portas
423 1070 556 1138 principes
582 1077 702 1139 vestras,
730 1076 758 1124 et
780 1069 920 1124 elevamini

123 1149 219 1211 portae
239 1141 404 1196 aeternales:
423 1144 435 1168 *
455 1147 482 1195 et
499 1141 619 1196 introibit
636 1141 696 1196 Rex
713 1141 823 1210 gloriae.

159 1212 225 1280 Quis
244 1219 286 1266 est
302 1211 354 1267 iste
371 1210 431 1265 Rex
456 1211 578 1280 gloriae?
602 1215 615 1239 *
638 1213 769 1268 Dominus
792 1213 920 1268 virtutum

122 1283 182 1351 ipse
202 1288 242 1337 est
260 1281 321 1336 Rex
339 1281 448 1350 gloriae.
486 1281 578 1336 Gloria
594 1282 669 1336 Patri
687 1289 714 1337 et
731 1283 810 1352 Filio,
833 1291 882 1341 eto.

159 1351 274 1420 Antiqui.
304 1351 379 1405 Haec
397 1352 510 1419 accipiet
532 1352 743 1407 benedictionem
761 1369 778 1408 a
794 1354 919 1424 Domino,

124 1429 152 1480 et
169 1421 377 1476 misericordiam
396 1438 413 1476 a
429 1421 489 1477 Deo
509 1423 619 1477 salutari
638 1439 702 1492 suo;
721 1425 785 1491 quia
797 1424 864 1480 haec
878 1432 920 1481 est

124 1493 262 1562 generatio
282 1493 465 1560 quaerentium
482 1493 634 1551 Dominum.

160 1567 185 1617 2.
222 1563 328 1618 Deinde
342 1564 487 1634 porriqeoa
509 1564 547 1617 ool
564 1579 675 1618 monum
700 1565 820 1620 mulieris
837 1572 920 1622 emire-

123 1649 195 1760 νᾶιᾳτη
209 1639 317 1702 portem
342 1635 440 1705 abac,
469 1650 527 1688 eam
551 1634 699 1690 introducit
724 1636 755 1690 io
778 1637 920 1707 ecclesiam,

143 1721 231 1764 went:

159 1776 304 1845 Ingredere
322 1776 351 1830 in
368 1775 495 1844 templum
514 1774 579 1845 Dei,
604 1774 688 1830 ad0ra
703 1775 802 1830 Filium
824 1776 920 1832 beatae

122 1847 227 1902 Mariae
238 1847 364 1915 Virginis,
383 1847 428 1915 qui
440 1847 490 1901 tibi
502 1846 709 1901 foecunditatem
721 1845 814 1901 tribuit
827 1847 919 1916 prolis,

160 1921 186 1974 3.
222 1919 263 1974 Et
279 1920 341 1987 apso
358 1919 479 1988 inpresso
494 1919 646 1988 qeautlectit
667 1933 757 1973 corum
776 1918 871 1986 altari,
895 1923 920 1974 ei

89 2053 99 2066 .
124 1995 200 2057 orat,
227 1991 333 2060 protioa
351 2005 432 2060 operas
450 1989 510 2044 Deo
529 1989 562 2044 de
579 1989 711 2056 bmedciis
733 1988 786 2044 sabi
802 1989 921 2058 cedatis,-

124 2067 149 2118 ει
166 2061 292 2116 sorados
310 2060 391 2115 dciii:

158 2133 241 2202 Kyrie
260 2131 369 2187 eleison.
407 2129 512 2185 christe
533 2129 642 2188 eleison
673 2128 756 2200 Kyrie
775 2131 883 2192 eleison.

158 2204 241 2258 Pater
257 2210 350 2258 noster
369 2203 503 2270 (secreto).

164 2275 194 2328 V.
213 2274 250 2329 Et
267 2287 302 2327 ue
320 2289 370 2328 nos
387 2272 498 2328 inducas
515 2272 742 2342 intentationem,
761 2279 812 2332 etc.

164 2345 194 2400 V.
214 2344 321 2400 Salvam
338 2344 381 2398 fac
399 2344 520 2399 ancillam
537 2351 619 2413 tuam,
637 2342 760 2413 Domine,

160 2415 195 2470 R.
213 2415 288 2471 Deus
306 2431 389 2486 meua,
408 2415 559 2484 sperantem
576 2415 604 2468 iu
622 2420 658 2469 te.

164 2487 196 2545 V.
213 2486 291 2541 Mitte
310 2487 343 2554 ei,
361 2486 484 2556 Domine,
503 2485 629 2539 auxilium
647 2484 680 2540 de
699 2491 799 2557 sancto,

160 2556 195 2611 R.
214 2557 251 2611 Et
269 2556 302 2611 de
321 2557 385 2612 Sion
402 2563 486 2612 tuere
498 2571 565 2613 eam.

167 2627 198 2681 V.
216 2627 290 2681 Nihil
307 2627 430 2696 proficiat
446 2629 566 2682 iuimicus
584 2629 613 2681 iu
630 2641 670 2697 ea,

162 2697 196 2752 R.
215 2698 253 2752 Et
269 2697 340 2754 iilius
357 2699 506 2768 iniqnitatis
521 2714 577 2753 nou
594 2704 713 2767 apponat
730 2712 827 2754 nocero
844 2699 878 2754 oi.

166 2769 196 2826 V.
214 2769 336 2839 Domine,
355 2769 452 2825 exaudi
468 2771 615 2825 orationem
631 2783 727 2838 meam,
745 2775 795 2824 eto.

164 2840 195 2894 V.
213 2839 344 2896 Dominus
360 2841 505 2912 vobiscum,
524 2848 574 2897 eto.
