2124 3230
164 135 206 178 aia
333 137 366 178 De
380 137 526 177 celebratione
540 135 576 179 88.
591 135 673 176 Missae
687 135 795 178 sacrificii.

165 241 194 294 in
211 238 358 294 Dominicis
365 239 387 306 1)
403 253 453 307 per
472 255 585 306 aunum
613 237 644 301 tii
661 237 732 292 inira
750 237 866 292 Octavus
883 235 975 305 privi-

165 311 294 380 legiatae,
328 325 424 380 nempe
454 310 609 364 Nativitatis
637 309 760 377 Domini,
787 309 974 377 Epiphaniae,

165 383 296 450 Paschae,
320 381 495 436 Pentecostes
514 389 541 436 et
560 381 687 449 Corporis
706 380 819 448 Christi;
838 409 872 420 -
891 379 920 449 e)
940 379 973 433 in

166 451 422 508 Commemoratione
442 453 558 507 omnium
580 451 698 506 fidelium
716 450 918 518 defunctorum
945 450 974 519 f)

167 524 290 580 omnibus
304 523 426 593 diebus2)
446 524 542 591 quibus
555 523 732 593 prohibentur
743 523 844 578 Missae
857 522 974 576 votivae

167 595 300 652 solemnes
318 611 368 664 pro
385 609 418 648 re
435 596 519 663 gravi.

200 667 302 722 Missae
320 667 428 720 votivae
447 665 510 720 dum
532 665 716 734 prohibentur,
734 664 847 732 intelligi
865 663 972 720 debent

166 738 266 794 vetitae
286 737 366 792 etiam
383 737 455 807 illae,
473 753 543 805 quae
557 744 604 790 aut
618 752 652 790 ex
665 735 865 802 mansetudine,
884 735 972 789 etiam

165 808 375 876 immemorabili,
394 816 441 862 aut
459 823 493 862 ex
509 807 673 875 fundatione
691 807 822 861 celebrari
840 805 885 860 vel
903 821 973 860 oua·

166 881 223 934 tari
240 879 340 946 solent3
367 879 462 946 hisque
481 879 580 933 votivis
599 878 794 934 substituantur
812 877 914 932 Missae
934 875 971 931 de

166 949 236 1004 festo
254 950 298 1004 vel
324 949 366 1003 die
385 958 549 1004 occurrente.
578 948 618 1017 (S.
632 949 668 1005 R.
684 948 713 1004 0.
730 952 776 1003 22.
796 949 861 1002 Dec.
879 949 971 1017 1753,

165 1023 208 1076 15.
221 1021 303 1076 Febr.
316 1023 396 1075 1727.
411 1028 438 1076 et
457 1025 502 1075 24.
515 1021 573 1076 Jai.
586 1023 677 1088 1683.)
688 1049 722 1060 -
738 1019 767 1074 Si
780 1027 870 1074 autem
879 1025 970 1073 trans·

169 1093 239 1159 sarri
255 1099 383 1160 possunt,
410 1092 606 1148 hanslerantur
624 1091 659 1146 ad
677 1091 747 1146 diem
764 1091 890 1160 liberum,
917 1090 972 1144 hoo

173 1170 223 1231 est,
249 1178 303 1230 quo
321 1162 423 1218 Missae
441 1164 549 1232 votivae
567 1165 689 1233 privatae
707 1163 906 1231 permittuntur.
930 1160 972 1228 (S.

172 1233 208 1288 R.
225 1233 253 1288 0.
268 1237 292 1288 9.
306 1233 373 1288 Deo.
386 1238 476 1303 1634.)

211 1307 253 1360 10.
281 1303 464 1374 obligationes
489 1305 523 1360 ad
547 1305 647 1361 Missas
670 1307 774 1359 votivas
798 1302 973 1359 celebrandas

173 1375 344 1445 recipiendae
362 1393 419 1430 non
437 1385 512 1446 sunt,
538 1377 642 1431 etiamsi
664 1376 770 1430 fundari
793 1376 891 1443 velint,
918 1375 971 1428 nisi

173 1462 224 1515 pro
251 1447 284 1502 iis
312 1447 415 1518 diebus,
443 1449 539 1516 quibus
562 1448 634 1504 licite
661 1448 791 1502 celebrari
818 1443 969 1516 possunt,³)

184 1567 204 1621 ¹)
220 1569 338 1617 Sacerdos,
358 1571 393 1609 oui
407 1570 494 1609 rationo
514 1568 649 1610 infirmitatis
669 1569 740 1608 aliave
759 1567 887 1608 rationabili
901 1577 968 1606 eausa

220 1646 234 1674 a
248 1635 269 1674 S.
285 1635 339 1676 Sede
352 1637 451 1684 potestas
465 1635 526 1674 facta
540 1637 574 1674 est
588 1634 711 1674 celebrandi
725 1634 816 1674 Missam
829 1633 926 1672 votivam
939 1632 966 1671 de

219 1700 246 1741 Β.
254 1701 283 1740 M.
295 1701 320 1743 V.
337 1702 412 1750 potest
425 1700 550 1740 huiusmodi
557 1701 648 1740 Missam
662 1700 773 1740 celebrare
788 1700 853 1738 etiam
868 1699 891 1737 ln
905 1697 967 1736 festis

220 1765 388 1804 solemnioribus
409 1765 444 1804 vol
465 1765 541 1805 diebus
560 1765 706 1814 privilegiatis
730 1777 749 1804 s.
769 1775 790 1814 g.
809 1765 833 1803 in
846 1763 966 1804 Nativitate

218 1831 314 1880 Domini,
338 1831 360 1869 ln
378 1830 435 1870 ieeto
452 1831 600 1880 Pentecosten,
622 1831 645 1870 ln
659 1831 774 1870 Dominisa
790 1831 922 1878 Palinurum,
944 1831 966 1868 et

219 1896 307 1944 quidem
321 1906 406 1944 semper
422 1897 445 1936 ln
464 1897 538 1936 colore
552 1897 614 1946 albo,
635 1907 676 1936 neo
693 1899 782 1936 tenetur
800 1897 880 1936 addere
902 1895 967 1936 &edo

218 1960 254 2000 vel
260 1961 334 2000 Gloria
343 1961 389 2000 slve
396 1963 507 2012 privatim,
522 1964 568 2002 sivo
576 1963 663 2011 publice
676 1964 779 2012 celebret,
793 1961 965 2012 praetereamus

218 2027 242 2068 ln
256 2027 366 2076 sabbatis,
389 2029 496 2078 debetque
511 2031 597 2070 tentum
611 2029 662 2070 illae
676 2029 791 2070 Orationes
804 2031 886 2079 legere,
909 2039 965 2078 quse

217 2094 298 2134 Missae
313 2095 400 2136 votivae
414 2097 559 2146 conveniunt3
573 2096 700 2137 Orationem
714 2097 846 2148 imperatam
861 2097 963 2136 omittere

218 2161 295 2210 debet3
318 2162 343 2212 ¹¹¹.
356 2163 412 2202 festo
426 2164 556 2204 Natiuitatis
569 2164 657 2204 Domini
677 2175 721 2204 non
740 2166 814 2212 potest
826 2167 872 2204 tree
885 2163 963 2206 Missae

218 2226 330 2268 celebrare
345 2228 371 2268 de
385 2228 409 2268 B.
424 2229 454 2273 M.
468 2231 494 2269 V.
510 2229 538 2279 (Β.
553 2231 579 2270 n.
595 2230 616 2270 0.
632 2229 669 2270 28.
683 2230 753 2280 April.
768 2229 838 2276 1866.)

178 2288 200 2342 ²)
215 2291 236 2332 Β.
249 2293 276 2334 R.
291 2291 349 2334 (1.7.
364 2291 424 2344 Sept.
439 2291 500 2334 lato.
515 2296 540 2334 de
554 2296 643 2348 apertuit
657 2297 727 2345 pratia
740 2297 852 2344 permisit,
876 2297 902 2334 ut
914 2305 963 2334 een·
1052 2303 1053 2308 ¹

218 2359 278 2398 tetur
291 2360 361 2398 Missa
375 2360 401 2398 da
412 2359 448 2402 SS.
460 2361 601 2400 sacramento
616 2361 769 2409 lnDominiaa,
784 2361 806 2400 ln
821 2371 864 2409 que
878 2360 903 2402 nt
915 2371 962 2410 pro·

219 2425 303 2473 caesio,
318 2425 369 2474 qula
383 2435 427 2464 non
441 2425 552 2466 habentur
566 2426 697 2466 dalmaticae
717 2430 738 2465 et
756 2425 874 2466 tunicellae
888 2424 964 2465 coloris

219 2490 376 2532 convenientis.

180 2549 202 2604 8)
217 2554 319 2594 Graviter
333 2557 409 2603 poscat
420 2555 532 2603 sacerdos,
547 2555 611 2594 sidia
620 2555 693 2594 differt
703 2555 814 2594 celebrare
823 2555 911 2602 Missae,
924 2565 962 2605 pro

219 2620 298 2670 quibus
313 2620 423 2668 stipendia
437 2619 531 2669 aceepit.
559 2619 643 2660 Dllatlo
658 2625 718 2658 certo
732 2620 824 2660 dicenda
837 2621 871 2658 eat
884 2621 962 2670 gravis,

219 2695 275 2734 quae
289 2689 335 2724 tres
349 2695 435 2724 mensas
449 2686 541 2728 excedit.
569 2678 710 2725 Probabiline
724 2697 767 2726 non
781 2693 859 2736 peccet
867 2687 961 2736 graviter

219 2750 328 2798 mardos,
338 2751 375 2798 qui
383 2749 474 2790 Missam
487 2762 527 2800 pro
540 2751 595 2792 vlvle
605 2753 735 2802 promissam
745 2753 804 2792 intra
816 2752 871 2791 dnos
879 2761 960 2792 menese

219 2815 329 2881 celebrem
345 2814 368 2853 ln
382 2817 457 2856 Missis
472 2819 546 2857 autem
566 2827 607 2867 pro
619 2820 719 2858 recenter
732 2818 840 2860 deiunotia
852 2817 960 2858 celebren-
