2124 3230
385 151 418 192 De
431 151 506 192 Missis
518 151 606 194 votivis.
857 150 898 196 att
939 182 945 196 .

97 254 183 323 plicis,
201 252 336 324 Oetaeae,
360 253 457 310 Feriae
475 251 660 322 valvipatae,
683 269 734 324 pro
752 254 897 321 gratiarum

98 327 212 381 actione.

133 400 159 452 8.
179 396 208 450 si
232 401 297 450 voto
322 395 438 464 petentis
464 397 538 450 nulla
560 409 594 450 ex
618 395 711 450 Missis
746 393 844 450 votivis
869 397 898 452 in

96 467 200 524 Missali
219 467 315 536 positis
335 467 487 536 specialiter
505 473 642 536 congruat,
662 473 709 520 aut
726 465 818 520 doceri
837 482 897 522 eum

97 545 214 608 oportet,
241 538 365 606 petitioni
390 537 514 592 satisfieri
539 537 699 592 celebrando
727 537 838 592 Missam
864 538 898 592 de

96 610 149 679 die,
170 617 218 664 aut
236 608 350 663 dicenda
367 617 409 664 est
426 609 511 671 Missa
528 625 578 678 pro
597 623 764 677 quacumque
782 610 898 664 necessi·

98 689 165 751 tate,
183 681 212 735 in
226 687 350 750 quapoet
358 679 501 736 Orationes
510 688 669 749 praeceptas
679 679 794 734 addatur
805 679 897 734 Oratio

96 767 217 822 congrua
247 767 281 806 ex
307 751 478 807 Orationibus
510 751 623 808 diversis
651 752 679 806 in
705 751 809 806 Missali
836 757 899 820 post

96 824 197 880 Missas
214 822 321 878 votivas
339 824 443 891 positis.
465 853 495 862 -
521 823 550 877 Si
567 839 633 878 vero
652 823 783 878 eiusmodi
804 822 897 894 Missa,

96 893 283 964 proquodam
301 895 460 950 necessitate
485 895 629 963 postulata,
656 909 690 949 ex
716 895 833 962 petentis
851 909 900 948 vo·

96 967 201 1021 lentate
220 966 265 1019 vel
283 981 414 1021 consensu
433 964 545 1020 dicenda
563 967 598 1021 sit
614 967 650 1020 a'a'a
667 965 761 1021 diebus
779 965 898 1020 Domini·

97 1039 144 1107 cis,
165 1037 262 1105 quibus
273 1036 391 1091 Officium
409 1035 440 1091 fit
458 1036 492 1092 de
509 1037 650 1092 Dominica
667 1043 692 1091 ct
709 1037 790 1093 tertia
804 1037 898 1092 Oratio

97 1109 156 1176 „ad
175 1107 281 1162 tabitam
298 1109 491 1175 amedaram)
519 1108 719 1176 praescribitur,
743 1108 811 1162 haec
830 1107 897 1164 sumi

99 1179 211 1234 debebit
229 1194 349 1248 comprare
365 1185 427 1233 coto
442 1181 559 1248 petentia
576 1180 620 1233 vel
638 1193 672 1234 ex
680 1179 772 1236 Missis
790 1179 897 1250 votivis,

97 1251 145 1306 vel
163 1267 199 1305 ex
217 1249 388 1305 Orationibus
406 1249 519 1305 diversis
536 1257 567 1305 ut
585 1267 674 1318 supra.

136 1325 163 1378 9.
182 1322 237 1379 Pro
256 1321 377 1379 omnibus
405 1320 581 1390 dioecesibus,
606 1323 634 1376 in
659 1321 754 1389 quibus
778 1321 898 1377 Societas
949 1385 953 1392 ⁶

98 1391 307 1462 Propagationis
325 1391 388 1447 fidei
404 1407 474 1446 nunc
491 1393 614 1451 instituta
637 1400 679 1448 cst
702 1393 745 1446 vel
763 1393 791 1446 in
808 1401 898 1462 poste·

98 1481 160 1518 rum
180 1465 240 1533 erit,
259 1479 275 1518 a
293 1463 423 1533 Gregorio
441 1463 495 1518 PP.
520 1463 591 1518 XVI.
618 1462 642 1517 d.
668 1467 711 1520 21.
730 1463 799 1532 Aug.
820 1466 897 1519 1841.

99 1549 231 1590 concessa
249 1541 291 1590 est
307 1535 393 1590 Missa
409 1535 500 1589 votiva
517 1535 628 1604 propria
641 1549 694 1603 pro
711 1534 777 1602 fidei
795 1549 899 1602 propa·

99 1608 222 1731 gabaae,
241 1621 309 1673 quae
329 1607 365 1676 (in
384 1607 473 1661 colore
490 1606 620 1676 violaceo)
640 1605 691 1659 dici
708 1613 798 1674 potest
816 1605 899 1658 omni·

119 1693 152 1732 aa
172 1675 275 1746 diebus,
295 1676 390 1744 ombus
403 1677 487 1732 Missa
501 1678 593 1732 votiva
605 1677 711 1746 privata
728 1675 899 1745 permittitur,

100 1755 129 1802 et
152 1749 217 1803 licet
237 1748 317 1803 huius
343 1748 443 1803 Missae
474 1747 615 1804 Orationes
641 1747 740 1802 addere
763 1747 791 1802 in
813 1746 899 1800 Missa

98 1817 230 1876 festorum
247 1820 358 1888 propm'a
382 1819 501 1874 eiusdem
526 1819 669 1888 societatis,
688 1833 784 1886 nempe
802 1818 898 1872 Inven-

98 1891 182 1946 tionis
207 1890 235 1946 S.
262 1889 355 1946 Crucis
385 1897 413 1945 et
437 1891 463 1944 S.
482 1889 618 1945 Francisci
635 1890 755 1960 Xaverii)
775 1889 825 1944 sub
843 1903 897 1943 uua

99 1963 279 2032 conclusione,
299 1961 405 2030 quando
423 1961 490 2016 fiunt
506 1963 560 2018 ritu
577 1963 599 2015 1.
619 1962 650 2019 cb

137 2037 180 2091 10.
198 2033 300 2088 Missae
314 2033 348 2088 de
361 2033 508 2088 Dominicis
518 2033 562 2087 vel
581 2033 614 2086 dc
628 2033 716 2087 Feriis
734 2047 784 2100 per
798 2047 897 2086 annum

100 2101 153 2158 dici
180 2119 237 2158 aaa
262 2111 376 2172 possunt
399 2111 534 2172 tamquam
559 2105 667 2158 votivae
695 2103 735 2170 (S.
761 2103 796 2157 R.
824 2102 852 2158 0.
871 2105 897 2156 3.

100 2175 187 2229 Mart.
207 2178 309 2244 1866).
327 2175 423 2242 Neque
441 2176 504 2230 licet
522 2181 678 2230 occurrente
695 2174 765 2229 festo
775 2175 843 2228 ritus
855 2187 897 2228 sc-

99 2245 250 2315 miduplicis
270 2262 329 2300 cnm
341 2246 418 2316 feria,
438 2247 517 2301 etiam
530 2247 639 2315 maiore,
657 2247 702 2300 vel
714 2245 813 2314 vigilia,
831 2244 898 2300 Mis·

100 2331 157 2402 sam
174 2318 308 2388 privatam
333 2332 406 2372 more
430 2319 519 2372 votivo
544 2317 679 2400 celebrare
706 2316 739 2371 de
763 2317 836 2398 ferto
853 2315 898 2369 vel

99 2387 897 2529 cattariiitiitttttttidtbbfitted:

112 2569 134 2622 1)
149 2573 182 2612 De
195 2585 239 2623 qna
252 2575 373 2614 notandum
387 2575 407 2618 S.
421 2575 447 2617 R.
459 2576 482 2619 O.
496 2575 619 2625 decretum,
639 2587 681 2615 aea
693 2585 758 2626 poree
771 2575 830 2615 hanc
844 2574 897 2615 Ore-

150 2640 233 2680 tionem
252 2641 296 2690 „ad
310 2639 412 2680 libitum“
434 2641 477 2681 dici
490 2641 517 2680 de
532 2641 606 2690 aliqua
620 2641 736 2690 Dmntniee,
758 2651 776 2680 e.
790 2651 812 2688 g.
826 2641 898 2689 prima

152 2704 187 2743 vel
202 2705 297 2744 secunde
311 2708 364 2754 poet
377 2705 533 2754 Pentecosten,
555 2707 626 2755 prime
639 2706 752 2746 Adventus
766 2707 808 2744 ete.
821 2703 856 2743 rel
871 2703 897 2742 de

150 2769 224 2818 aitqua
243 2769 307 2809 Ferte
324 2771 360 2810 vel
380 2772 407 2810 de
429 2771 500 2811 Beato·
528 2769 657 2823 (abab
672 2770 736 2813 nara
751 2765 825 2819 leta.)
852 2767 896 2808 Oir.

149 2845 201 2885 pag.
214 2832 262 2875 249.
274 2839 329 2877 nota
342 2833 363 2876 l.
