2128 3228
792 81 816 144 s

394 195 554 244 unaqursrnm
567 195 628 239 ordo.
643 233 646 242 ,
872 195 912 240 tte

149 295 261 364 Antipis.
281 295 399 350 Juvenes
419 302 446 350 et
463 295 589 364 virgines.

149 368 282 422 Psaimas.
300 365 422 421 insudate
440 367 583 422 Dominum
601 365 635 421 de
655 366 745 438 coelis,
764 375 816 424 eto.
829 372 871 436 (ut
883 371 914 425 ia

7 473 8 476 ,
110 438 266 504 Laudibus)
286 443 311 492 at
328 439 359 491 ia
374 438 437 506 fiae,
456 437 549 492 Gloria
564 437 655 508 Petri,
674 445 724 493 eto.
743 444 769 494 et
785 442 915 508 repetitas

109 510 225 577 Aotspt.
244 509 363 582 Juvenes
382 515 409 563 et
426 509 552 579 virgines,
578 523 663 566 senes
689 525 749 564 oum
765 509 913 568 iunioribus

96 579 222 637 iaudent
239 574 337 634 nomen‘
353 580 469 635 Domini.
625 629 627 634 .

149 651 231 720 Kysis
244 651 355 706 eleison.
368 681 403 691 -
418 651 523 706 christe
538 649 646 707 eleison.
656 679 690 690 -
700 651 783 722 Kyrie
798 651 910 709 eleison.

114 751 145 761 -
166 723 248 777 Peter
265 729 366 781 noster.
473 771 476 778 .
622 744 625 752 ’

153 793 183 848 V.
202 793 240 848 Et
256 807 291 848 ne
308 809 358 848 nos
376 791 487 848 induoss
504 792 533 846 in
549 792 734 863 tentationem,
752 800 805 850 eto.

152 864 183 919 V.
202 865 286 919 Sinite
303 865 430 933 parvulos
448 865 540 919 venire
558 863 593 919 ed
610 879 661 933 me,

148 935 183 991 R.
202 935 307 990 Talium
325 943 367 991 est
384 937 455 990 enim
471 950 584 1004 regnum
602 935 746 994 ooeloruua

153 1007 184 1062 V.
202 1007 332 1062 Dominus
350 1006 496 1077 vobiscum,
516 1013 566 1061 eto.
816 1009 819 1012 '

152 1094 271 1152 Oramus.
290 1094 472 1164 Omnipotens,
496 1095 666 1165 sempiterne,
690 1095 775 1164 Deus,
800 1101 909 1152 smotse

113 1167 238 1236 puritatis
256 1174 367 1234 ametor,
386 1167 432 1234 qui
448 1167 563 1221 animam
580 1167 659 1222 huius
677 1166 783 1235 purvuli
801 1165 909 1238 sdooe·

111 1237 201 1292 lorum
217 1251 329 1304 regnum
346 1235 426 1291 hodie
444 1235 651 1292 misericorditer
668 1253 766 1293 vocare
785 1236 908 1307 dignatus

114 1323 153 1375 es,
172 1305 288 1375 digneris
306 1308 394 1376 etiam,
412 1307 535 1376 Domine,
553 1307 593 1361 ita
609 1307 748 1380 nobiscum
760 1308 909 1365 misericor·
935 1342 939 1350 ·

7 1383 8 1392 ¹
112 1377 185 1432 diter
202 1391 290 1446 agere,
308 1385 343 1432 ut
356 1378 457 1432 meritis
476 1384 538 1432 tuae
564 1379 745 1434 sanstissimae
764 1379 910 1450 Passionis,

113 1455 142 1504 et
159 1449 349 1504 intercessione
367 1449 462 1502 beatae
480 1447 584 1502 Mariae
609 1463 714 1517 semper
731 1449 858 1522 Virginis,
883 1459 911 1508 et

115 1519 232 1574 omnium
256 1518 414 1574 Sanctorum
437 1525 552 1588 tuorum,
579 1519 607 1573 in
632 1517 727 1574 eodem
753 1534 836 1589 regno
862 1537 913 1578 nos

115 1605 176 1644 oum
194 1590 314 1646 omnibus
336 1589 440 1645 Sanctis
459 1595 487 1644 et
506 1587 609 1645 Electis
634 1590 688 1645 tuis
706 1605 812 1660 semper
829 1590 913 1653 iaoios

116 1658 293 1728 congaudere.
312 1660 365 1728 Qui
382 1660 451 1716 vivis
470 1667 497 1715 et
514 1674 612 1730 regnos
631 1675 691 1716 oum
709 1661 768 1717 Deo
786 1663 868 1718 Patre
885 1664 914 1718 in

116 1731 221 1786 unitate
247 1730 361 1800 Spiritus
388 1731 473 1788 senati
497 1732 586 1802 Deus,
610 1747 662 1801 per
686 1733 775 1788 omnis
805 1734 913 1789 soeoule

117 1802 294 1861 soeculorum.
311 1830 345 1842 -
363 1802 397 1857 R.
416 1803 510 1857 Amen.

115 1889 122 1914 ²
152 1892 177 1945 3.
195 1890 302 1945 Detracta
325 1891 450 1947 sacerdos
474 1906 572 1960 corpas
598 1896 724 1962 ospsrpat
747 1907 822 1962 apua
838 1892 913 1949 basw-

111 1960 242 2103 mia?
259 1963 398 2030 thmifiaet,
416 1963 540 2017 simsis'ter
557 1967 583 2018 et
599 1963 731 2018 tamaium
738 1983 748 2033 ‚·
760 1969 858 2033 postea
874 1980 913 2020 sa-

136 2123 178 2206 .4·
198 2121 264 2205 Oeam
282 2125 372 2177 autera
396 2139 415 2178 a
436 2124 577 2194 sepultura
597 2129 769 2181 reoataatar
785 2127 816 2182 in
834 2128 912 2184 sasia-

113 2193 445 2334 mt'sns'saqplo'icfftffeneuuoe.
756 2341 758 2348 Ι

153 2333 294 2390 Canticum
312 2337 394 2390 istam
407 2352 555 2406 potamum
574 2338 616 2403 (at
632 2339 663 2392 a'a
680 2337 841 2408 samaa).

151 2405 437 2486 AntepuBonedioite
454 2408 597 2476 Dominum
622 2424 714 2466 omnes
739 2410 817 2466 eleoti
844 2412 912 2483 eius,

116 2475 189 2544 agite
207 2475 265 2533 dies
283 2477 409 2548 laetitiae,
429 2485 457 2534 et
474 2478 635 2552 confitemini
651 2479 698 2536 illi.

152 2545 259 2602 Deinde
275 2554 339 2603 ante
357 2549 446 2604 uitare
462 2551 529 2605 diost
545 2552 687 2606 saserdos:

157 2616 188 2671 V.
205 2617 334 2675 Dominus
352 2620 497 2691 vobiscum,
515 2628 566 2676 eta.

154 2703 272 2762 Orestas.
290 2708 373 2780 Deus,
392 2710 438 2778 qui
454 2711 522 2766 miro
541 2709 633 2766 ordine
651 2711 815 2780 Angelorum
832 2711 907 2766 mini·

114 2777 199 2833 steria
216 2776 403 2849 hominumque
421 2780 574 2851 dispensem
593 2781 710 2838 consede
722 2782 862 2852 propitius,
881 2788 911 2838 nt

114 2863 133 2904 a
151 2847 247 2918 quibus
264 2849 313 2905 tibi
330 2851 539 2911 ministrantibus
563 2853 592 2909 in
616 2853 691 2910 aoela
719 2868 825 2924 semper
843 2851 910 2910 assi·
