2106 3228
276 198 382 237 Materiae
395 197 553 238 nonnullarum
567 198 740 240 meditationum.
884 197 911 240 tr

106 316 140 354 an
158 315 225 354 vero
243 299 409 369 mundanus,
439 306 487 354 sut
505 299 673 354 diabolicus?
717 300 761 354 Ex
778 299 909 357 fructibus

106 387 261 440 cognosces.
299 371 439 438 Scriptura
457 371 535 426 dicit:
559 387 615 426 uoo
634 372 804 439 permanebat
822 372 909 440 Spiri-

106 449 149 496 tus
165 458 241 496 cneus
264 443 294 495 iu
310 443 431 509 Mutius,
465 443 531 510 quin
553 457 617 496 curo
637 448 682 496 est.
719 443 769 498 Et:
789 443 909 510 Spiritus

105 519 216 568 saumas
238 513 399 581 usualium
412 513 521 582 qiuqut
533 513 632 578 fictum.
663 514 701 567 Et
718 515 828 568 iterum:
848 513 908 582 Spi-

106 587 177 638 ruem
193 586 329 651 ualuis,
358 601 436 652 quem
459 584 577 638 muudus
601 601 658 638 uou
670 590 762 652 potest
780 586 910 652 accepere.

109 656 188 710 Disce
201 656 270 724 hinc,
285 671 355 723 quae
371 655 486 723 obstent,
510 671 557 709 cur
569 671 624 710 non
638 655 717 710 detur
730 655 780 710 tibi
794 655 909 724 Spiritus
972 677 974 684 ⁴

107 725 221 796 Domini,
240 735 267 782 et
284 742 320 781 ne
337 726 432 780 tardes
449 741 597 781 removere.

179 851 223 904 57.
241 853 426 905 meditatio:
451 849 508 905 Pro
522 851 591 917 festo
610 850 659 906 SS.
680 850 831 905 Trinitatis.

143 937 165 991 1.
191 939 327 994 Dominus
339 939 418 993 Duas
429 945 519 993 uostm
527 940 663 994 Dominus
673 955 745 994 uuus
758 944 805 997 est.
832 938 907 993 Deus

108 1016 151 1064 est
167 1025 219 1064 nna
236 1010 372 1078 quaedam
390 1010 584 1078 simplicissima
602 1011 706 1079 entitas,
724 1011 753 1064 in
771 1011 843 1065 omni
861 1025 906 1078 ge·

65 1149 67 1156 ¹
107 1095 173 1134 nere
195 1081 369 1148 perfectionis
394 1080 512 1149 infinita3
539 1083 653 1150 primum
678 1098 767 1136 rerum
790 1082 907 1136 omnium

107 1152 280 1222 principium,
306 1161 334 1206 et
351 1152 414 1206 finis
437 1153 561 1222 ultimus,
576 1153 694 1208 'unicum
712 1169 841 1208 summum
859 1153 906 1208 bo·

108 1239 180 1292 num,
206 1223 268 1278 ideo
286 1225 382 1278 unicus
400 1223 484 1291 Deus,
504 1232 580 1279 extra
598 1239 677 1292 quem
697 1240 751 1278 non
770 1231 811 1278 est
829 1224 905 1280 alius.

108 1293 172 1348 Non
189 1296 266 1361 capio
284 1301 321 1363 te,
349 1294 464 1348 Domine
482 1295 565 1364 Deus,
593 1295 642 1350 sed
660 1295 739 1350 credo
757 1302 793 1363 te,
812 1295 905 1363 adoro,

108 1365 200 1432 laudo,
219 1364 347 1436 glorifico,
364 1366 455 1435 timeo,
475 1381 543 1435 amo,
568 1373 596 1422 et
613 1366 662 1421 tibi
680 1367 731 1422 soli
750 1367 852 1434 servi03
877 1373 907 1420 tu

109 1443 231 1490 centrum
256 1438 373 1491 omnium
396 1453 516 1492 meorum
534 1437 684 1496 affectuum.
720 1438 777 1491 Ahl
797 1437 863 1492 Sero
882 1442 907 1492 te

109 1509 235 1576 coqaooi,
265 1523 323 1562 sero
341 1513 367 1562 te
384 1510 490 1578 amavi,
513 1509 689 1576 pulchritudo
712 1514 835 1574 aeterua,
862 1508 908 1574 qui

109 1578 284 1646 multiplicavi
300 1579 366 1632 mihi
382 1579 472 1648 Deos,
499 1581 604 1646 quoties
618 1595 669 1648 me,
696 1579 740 1632 vel
758 1587 908 1633 creaturam

110 1650 228 1717 aliquam
241 1650 303 1717 plus
317 1666 397 1717 quam
411 1657 438 1704 te
452 1650 521 1704 colui
535 1658 563 1705 et
577 1652 678 1719 amavi,
703 1655 749 1704 aut
762 1649 907 1716 impensius

108 1721 146 1774 illi
163 1722 279 1776 servivit
298 1722 342 1775 Ex
355 1723 407 1775 hoc
420 1728 451 1776 tu
464 1738 532 1776 unus
547 1723 600 1777 eris
613 1723 678 1776 mihi
690 1722 774 1789 Deus,
794 1721 840 1776 cui
854 1735 907 1774 om·

108 1793 156 1845 aiu
173 1807 238 1846 ossa
255 1807 315 1846 meu
333 1793 423 1846 dicem
440 1793 561 1861 gloriam.

140 1864 176 1917 Π.
204 1864 242 1917 Iu
258 1864 367 1918 uuulue
383 1863 485 1930 Putris,
504 1869 529 1918 ei
546 1864 624 1930 Filii,
643 1868 668 1918 et
676 1861 797 1930 Spiritus
811 1862 907 1918 asueti.

107 1933 149 1988 Ita
165 1935 243 1989 Deus
263 1941 304 1990 est
320 1935 349 1988 in
368 1935 485 1990 essentia
502 1951 579 2003 unus,
607 1941 638 1988 ut
662 1941 752 1988 tamen
770 1934 805 1988 sit
822 1933 908 1990 trinus

107 2005 135 2059 in
151 2006 287 2074 personis.
305 2005 387 2060 Pater
404 2007 446 2060 sui
458 2005 638 2060 intellectione
650 2011 761 2074 peuerui
773 2003 907 2072 Verbum;

108 2076 190 2132 Pater
208 2085 237 2132 et
249 2077 368 2130 Verbum
385 2084 479 2131 mutua
496 2077 637 2132 dilectione
655 2078 762 2144 spirant
780 2075 909 2143 Spiritum
931 2129 933 2134 .

109 2155 239 2203 sanctim.
263 2147 359 2215 Neque
373 2148 417 2202 hic
431 2147 508 2216 capio
523 2165 581 2202 cum
595 2147 715 2216 perfecta
727 2147 830 2200 unitate
847 2161 908 2214 per·

108 2217 280 2275 lectissimam
298 2219 510 2286 distinctionem
538 2219 587 2274 sed
604 2218 692 2287 credo,
716 2218 808 2286 adoro,
826 2217 907 2270 laudo

109 2297 158 2350 etc.
191 2291 342 2360 Applicabo
361 2291 478 2344 animum
497 2289 532 2344 ad
549 2291 637 2344 vivam
654 2289 707 2352 Dei
720 2289 912 2358 cognitionem,

108 2369 138 2416 ut
150 2362 241 2429 quoad
252 2369 344 2430 potest
356 2361 384 2414 in
397 2361 449 2416 hac
462 2361 570 2430 umbra,
597 2361 687 2428 aliqua
707 2361 765 2414 eius
778 2361 866 2427 imago
880 2359 909 2414 in

108 2441 197 2488 mente
215 2449 275 2488 mea
292 2438 451 2502 generetis,
478 2448 559 2500 quam
576 2447 676 2486 summe
695 2431 848 2498 aestimem,
874 2445 908 2482 ex

109 2506 293 2560 aestimatione
312 2518 416 2571 amem3
440 2509 471 2558 ut
496 2504 535 2558 ita
561 2504 642 2557 etiam
660 2503 775 2571 Spiritus
801 2507 908 2556 sanctus

109 2576 199 2644 aliqua
214 2577 320 2631 ratione
338 2576 367 2628 in
384 2589 428 2628 me
446 2574 616 2642 producatur.

142 2648 191 2702 111.
218 2647 344 2712 Saucius,
370 2645 495 2713 Saucius,
519 2645 644 2712 Saucius,
668 2643 806 2698 Dominus
822 2641 906 2694 Deua

109 2717 139 2772 In
151 2719 390 2786 haopersonarum
399 2717 530 2770 Trinitate
544 2732 647 2772 summa
660 2723 702 2770 est
714 2712 908 2783 perfectionum

110 2790 266 2858 aequalitas,
285 2788 381 2844 oedem
393 2788 507 2856 bonitas,
526 2787 619 2856 gloria,
632 2785 806 2849 immensitas,
820 2789 907 2835 aeter·

110 2861 186 2930 nitas,
205 2861 409 2930 omnipotentia,
426 2859 536 2928 inantia,
555 2865 606 2913 etc.
625 2872 693 2924 quas
711 2867 804 2910 omnes
821 2849 909 2918 perie-
