2106 3228
159 171 226 212 xxn
466 171 536 212 Index
549 173 653 222 capitum.

227 279 253 332 6.
273 275 367 333 Oratio
386 293 436 347 pro
454 278 592 348 Episcopo
645 319 834 334 .....
839 281 844 290 “
873 318 881 332 .
899 225 950 331 ιιι

231 352 256 402 7.
275 348 369 404 Oratio
386 364 437 418 pro
454 364 519 418 rege
555 389 881 405 ........
901 351 951 402 779

230 421 256 474 8.
276 420 395 475 (lollecta
411 437 462 490 pro
480 421 601 488 frugibus
618 428 707 476 tarrae
739 461 746 476 .
784 461 791 476 .
829 461 837 476 .
874 422 951 475 ,779

70 511 76 524 ’
158 503 202 574 15)
220 504 263 558 De
281 503 518 560 benedictionibus.
559 504 680 574 Regulae
699 505 838 574 generales
875 505 953 560 ,780

240 589 262 642 Ι.
281 587 485 644 Benedictioncs
505 605 521 643 a
538 589 663 658 parochis
689 604 736 644 seu
760 588 882 644 sacerdo·

280 660 352 714 tibus
370 659 508 715 faciendae
558 701 882 716 ........
901 659 952 714 788
1038 675 1039 690 ¹

228 741 263 796 11.
281 742 486 798 Benedictionas
518 744 552 799 ab
574 743 730 813 Episcopis,
757 743 800 798 vel
824 742 883 798 aliis

280 812 434 869 facultatem
451 813 619 870 babendibus
636 813 774 869 faciendae
829 815 953 870 ..784

158 895 304 951 Matbodus
320 913 371 965 pro
390 898 524 967 erigendis
539 898 699 953 stationibus
712 898 779 952 Viae
797 897 884 954 crucis
900 899 953 952 805

159 966 259 1022 Modus
277 967 358 1022 dandi
375 968 587 1024 benedictionem
604 969 732 1038 Papalem
783 1008 791 1024 .
829 1008 837 1026 .
874 970 953 1025 ,806

159 1037 238 1093 Ritus
257 1039 437 1096 servandus
429 1057 457 1094 ιιι
475 1041 661 1096 benedictione
685 1049 713 1095 et
729 1041 884 1108 receptione

223 1109 655 1178 apularis..‚...;
693 1151 883 1167 .....
902 1112 953 1168 807

220 1183 403 1238 exsecratione
423 1190 451 1237 ct
463 1198 535 1238 nova
547 1183 748 1238 consecratione
762 1182 885 1237 altarium
902 1183 954 1238 811

457 1369 654 1446 masuam.

161 1511 309 1566 formulas
325 1511 485 1566 libellorum
499 1511 664 1581 supplicum,
683 1511 884 1580 quibusrarfac

194 1596 302 1663 pretias
321 1608 373 1663 pro
393 1597 511 1664 utroque
531 1595 597 1650 fcto
616 1595 747 1664 petuntur
783 1633 791 1648 .
829 1633 837 1648 .
874 1595 954 1649 ,816

159 1689 288 1758 Formula
312 1690 421 1760 petendi
446 1692 480 1746 ab
505 1690 647 1746 ordinario
673 1689 827 1745 facultatem
844 1689 908 1745 lew

191 1761 277 1830 'pendi
294 1769 322 1816 et
338 1762 471 1817 retinendi
488 1763 572 1818 libros
589 1762 738 1831 prohibitos
784 1803 791 1818 .
829 1801 837 1817 .
874 1763 955 1818 ,815
1042 1831 1043 1840 ¹

160 1833 289 1888 Formula
306 1833 416 1902 petendi
434 1834 467 1888 ab
486 1833 627 1889 Ordinatio
651 1833 789 1888 consilium
808 1839 835 1887 et
851 1832 883 1887 li·

194 1905 308 1959 centiam
315 1905 480 1959 haareticum
487 1903 674 1973 rebaptizandi
683 1910 710 1959 et
718 1905 746 1958 in
755 1903 884 1972 pannium

195 1975 324 2030 eeclesiae
342 1975 499 2031 admittendi
513 2015 882 2032 .........
901 1977 957 2033 818
1042 2005 1043 2010 1

159 2045 288 2103 Formula
304 2046 414 2115 petendi
436 2045 591 2102 facultatem
608 2045 765 2101 absolvendi
783 2061 800 2100 a
817 2046 884 2100 oasi-

194 2118 246 2173 bus
263 2118 423 2187 reservatis,
445 2118 489 2172 rel
507 2117 704 2186 specialitatis
722 2117 818 2172 litteris
836 2132 883 2185 ap·

194 2188 360 2258 probationis
378 2189 498 2258 exceptis
512 2227 883 2246 .........
902 2189 956 2244 816

158 2259 288 2316 Formula
309 2261 421 2328 petendi
446 2259 672 2329 dispensationem
694 2259 729 2314 ab
745 2259 884 2328 Episcopo

194 2332 222 2386 in
250 2347 314 2386 casu
341 2332 397 2386 voti
421 2347 476 2390 non
500 2330 633 2400 nubendi,
659 2346 752 2386 sacros
777 2329 885 2386 ordinas

160 2371 885 2557 attelabitaltbtjtmttttttt
903 2403 958 2460 ⁸¹⁷

197 2546 295 2601 stitatis
312 2553 461 2615 perpetuae
515 2583 885 2603 .........
904 2545 960 2601 818

159 2616 526 2700 Formudapetendieandem
537 2609 769 2685 dispensationem,
780 2614 886 2682 qnando

197 2689 273 2757 gravi
291 2689 451 2744 necessitate
470 2695 591 2758 urgente,
610 2686 722 2742 eandam
740 2685 888 2741 concedere

195 2766 286 2830 potest
302 2761 454 2829 Episcopus
471 2797 886 2818 ...........
904 2755 961 2812 818

159 2830 288 2890 Formula
304 2831 414 2902 petendi
441 2830 666 2901 dispensationem
689 2845 740 2900 pro
766 2845 813 2899 eo,
841 2828 888 2897 qui

1037 2897 1043 2932 ι
