2106 3228
163 173 190 216 28
329 174 436 215 Materiae
449 173 603 213 nonnullarum
617 173 792 216 meditationum.

164 277 342 345 Eucharistia,
357 276 462 344 quando
481 285 592 332 vocatus
606 276 771 332 asacerdote
784 276 861 332 adest
872 277 964 344 toties,

164 349 300 402 obediente
312 349 372 402 Deo
389 348 579 402 anatomicis.
598 349 664 418 (Jos.
678 348 729 417 10.)
749 347 771 402 0
791 348 959 416 prodigiuml

163 419 239 474 Deus
258 418 350 474 obedit
366 419 475 488 homini,
494 426 522 473 et
538 427 577 488 tu,
595 420 684 488 homo,
702 435 757 474 non
775 419 868 474 obedis
882 419 963 474 Deo?

164 490 232 559 Deo,
252 491 326 546 cuius
344 491 464 545 minister
482 491 531 544 es?

197 563 293 603 obedire
307 563 369 602 stude
383 563 518 611 siurpllclter,
530 563 576 602 elne
589 562 775 611 coutradlotloua;
789 563 899 611 prompte,
915 562 964 601 elne

164 616 281 666 dilutione3
296 616 407 664 alacriter,
422 616 468 654 sine
483 617 582 664 querela;
597 618 770 665 perseveranter,
786 617 833 656 eine
847 616 929 654 taedio.

333 692 382 744 24.
401 691 580 745 Meditatio:
604 691 648 745 De
666 693 796 745 casinate.

227 783 344 831 Lcoomini,
356 782 430 820 mundi
443 785 510 821 estote.
526 782 577 830 (Ita.
591 779 621 830 1.)
636 782 777 831 Mrenuamtnt,
791 782 827 832 qul
838 781 904 830 sertio

423 847 472 874 caea
489 837 575 878 Domini.
595 835 648 884 (lea.
663 832 705 884 52.)

202 900 223 953 Ι.
251 899 344 967 Exigit
368 899 437 953 hano
455 899 610 954 munditiem
637 899 725 954 cordis
749 906 777 953 et
805 898 926 967 corporis
950 915 972 953 u
1042 963 1043 968 ἵ

169 970 308 1026 sacerdote
328 970 458 1038 Christus,
488 971 550 1038 quia
568 972 625 1038 ipse
643 971 728 1039 virgo,
756 977 835 1024 natus
854 969 887 1023 de
906 969 969 1024 Vir-
1042 973 1043 988 ³

167 1043 237 1110 gine,
256 1041 326 1095 inter
343 1041 406 1110 lilia,
425 1041 515 1110 idest,
533 1039 667 1110 virgineas
677 1048 779 1096 mentes
792 1041 920 1109 pascitur,
940 1052 973 1096 et

166 1115 194 1166 in
203 1113 282 1166 niveo
293 1113 441 1181 specierum
448 1113 693 1167 Eucharisticarum
702 1114 799 1167 throno
809 1111 971 1181 requiescit,

166 1191 282 1250 quantus
301 1191 404 1237 amator
421 1185 554 1252 puritatis,
572 1192 663 1238 tantus
681 1183 838 1239 osoromnis
856 1185 973 1237 immun·

168 1254 251 1323 ditiei‚
271 1255 429 1322 praesertim
446 1255 474 1308 in
492 1255 618 1310 ministris
637 1256 701 1310 suis.

202 1326 236 1379 Il.
256 1325 292 1379 Hi
310 1327 379 1380 enim
398 1325 482 1379 officio
501 1327 677 1395 Angelisunt,
696 1332 724 1394 et
734 1325 899 1394 Angelorum
914 1325 973 1380 Do-

167 1397 266 1450 minum
284 1396 405 1450 manibus
418 1397 473 1452 suis
487 1405 667 1464 contrectant;
686 1414 702 1451 o
721 1413 800 1464 quam
818 1412 904 1464 purae
919 1398 977 1452 sint

169 1476 303 1536 opportet,
321 1469 373 1521 hae
388 1484 491 1536 manus,
504 1469 571 1522 haec
579 1469 678 1537 lingua,
696 1469 880 1522 hoccoretc.l
901 1467 973 1523 (lon-

168 1539 289 1592 tinebant
307 1555 336 1593 se
356 1539 418 1593 olim
437 1538 590 1594 sacerdotes
608 1539 674 1606 legis
703 1540 828 1607 autiquae
840 1545 973 1607 tempore

167 1610 248 1678 vicis3
267 1610 330 1677 quid
347 1626 401 1664 nou
418 1616 446 1664 te
465 1610 556 1678 decet,
588 1609 727 1679 sacerdos,
756 1611 819 1662 (lum
842 1609 902 1664 Deo
922 1617 972 1666 tuo

167 1696 222 1735 non
240 1682 326 1736 solum
344 1681 455 1750 assistis,
475 1681 523 1736 sed
540 1681 595 1735 fers
613 1682 700 1748 ipsum
717 1681 860 1735 manibus?

202 1752 249 1805 ΙΙΙ.
275 1752 433 1807 Munditiem
452 1752 565 1806 clamant
582 1752 703 1821 plerique
720 1753 803 1821 ritus,
832 1762 900 1818 quos
921 1751 969 1806 ad·

166 1821 243 1877 hibes
261 1825 289 1876 in
307 1822 444 1878 sacrificio.
472 1828 495 1876 1.
514 1822 594 1877 Lotio
612 1839 745 1877 manuum.
769 1827 794 1878 2.
813 1823 892 1892 Alba,
913 1840 971 1891 qua

165 1893 284 1948 indueris
303 1909 387 1962 eaque
408 1909 441 1947 ex
458 1893 522 1962 lino,
540 1909 594 1947 non
612 1894 681 1963 luna,
710 1897 785 1948 cuius
803 1893 882 1948 radix
902 1911 968 1949 caro

167 1973 208 2019 est
227 1966 385 2020 animalium.
405 1968 430 2016 3.
451 1964 598 2033 Cingulum,
617 1980 670 2032 quo
690 1966 803 2034 cingeris
821 1981 882 2020 oum
902 1973 970 2035 apta

167 2036 296 2090 oratione.
327 2039 352 2089 4.
377 2036 536 2101 Priusquam
560 2035 634 2103 legas
658 2036 835 2105 Evangelium
860 2039 967 2092 oratio:

165 2107 331 2160 Moudocor
340 2121 427 2160 meam
446 2114 513 2173 etc.;
532 2107 554 2160 si
572 2107 623 2160 hoc
641 2109 786 2174 requiritur
803 2108 839 2161 ad
858 2107 972 2176 dignam

165 2177 308 2246 Evangelii
325 2178 474 2244 lectionem,
493 2177 557 2243 quid
575 2193 628 2231 non
647 2177 681 2231 ad
690 2179 823 2233 Dominioi
841 2178 975 2248 Corporis

166 2249 400 2315 consecrationem,
420 2249 656 2303 contrectationem
674 2257 701 2304 et
719 2250 921 2317 sumptionem?

202 2319 283 2360 Cohibe
297 2331 375 2359 sensus
389 2323 499 2368 externos,
515 2321 576 2359 utin
591 2323 663 2360 animo
677 2325 707 2360 sie
722 2323 844 2364 cont-loeus.

517 2395 615 2408 m

256 2443 313 2497 llll.
341 2443 380 2494 De
398 2441 547 2496 virtutibus
564 2444 689 2499 externis
707 2443 876 2526 sucerdotis.

217 2539 267 2593 25.
291 2539 472 2591 meditatio:
498 2537 542 2591 De
555 2538 706 2606 precidentes
723 2539 874 2594 aoomdotis
892 2542 926 2595 in

472 2609 655 2662 exterioribus.

290 2694 359 2734 Estote
371 2695 483 2743 prudenter
497 2695 551 2733 aieret
564 2698 676 2744 ermenteo.
699 2693 788 2743 (matth.
803 2691 847 2741 1⁰.)

205 2758 226 2811 1.
254 2757 371 2812 Mittitur
387 2759 415 2812 in
433 2758 520 2812 medio
539 2758 662 2827 luporum
678 2758 812 2826 sacerdos,
833 2774 918 2826 quem
936 2761 979 2814 in·

165 2830 293 2885 nocentia
304 2830 376 2885 vitae
393 2838 504 2899 oportet
526 2843 585 2885 esse
605 2831 752 2899 oviculam3
764 2829 820 2884 sed
834 2831 978 2898 quomodo
