2106 3228
256 167 367 208 Mutamus
380 165 535 208 noandum
548 168 723 214 mennonium
866 165 892 212 sl

174 320 223 373 50.
242 322 429 380 Memmio:
443 321 486 376 De
503 321 667 392 Epe'pbnnia
683 322 806 382 Domini.

123 407 143 464 Ι.
168 409 335 464 Invenerunt
358 412 435 480 napi
447 428 565 479 pnernm
590 429 651 467 onnt
668 413 778 479 Marso,
803 419 890 468 matre

91 479 151 545 eins,
164 485 189 532 et
196 481 375 548 procidentes
389 482 574 538 odoraverunt
588 500 666 552 enm,
684 489 708 538 et
722 484 823 552 opertis
836 484 889 538 ibe·

92 551 175 604 conns
191 556 249 607 ente
267 554 425 607 obtnlernnt
449 555 475 607 ei
491 571 620 622 meinero,
648 571 763 621 anenno,
788 553 848 608 thus
866 561 891 610 et

93 621 228 688 myrrham.
248 623 359 690 (Matth.
370 624 405 693 2.)
434 623 595 680 obtulerunt
613 627 682 682 Jesu
699 625 845 694 mprrbon,
863 627 891 680 in

95 689 215 748 honorem
241 711 337 750 sacrae
366 696 424 750 eius
451 697 633 756 humanitatis.
674 698 756 752 iesus
780 703 891 765 propter

96 777 164 816 suum
180 765 209 818 in
227 782 278 822 nos
294 779 422 835 amorem,
441 783 540 835 corpus
558 775 650 824 nostro
669 767 831 824 simillimum
849 782 891 822 aa·

92 836 203 902 sumpsit.
241 837 347 905 thuid
371 853 425 892 non
451 839 620 898 redamemus
639 839 797 906 Dominum,
827 839 890 907 ipsi·

92 917 139 970 que
156 922 273 975 corpora
296 915 393 963 nostra
416 925 470 963 non
489 911 695 966 consecramus?
732 910 821 964 Tuum
839 918 889 978 est,

93 979 266 1034 amantissime
279 980 358 1048 Jesu,
377 995 475 1048 corpus
493 996 596 1050 meum;
615 997 649 1036 ex
666 989 694 1037 te
712 981 812 1050 pendet
831 981 889 1037 eius

91 1048 184 1104 sanitas
202 1057 230 1104 et
243 1051 364 1119 morbus,
385 1066 419 1106 ex
436 1059 464 1106 te
483 1053 540 1106 vita
554 1059 581 1106 et
598 1069 678 1108 mors.
711 1053 757 1106 Me
774 1052 888 1121 felicem,

94 1117 115 1170 si
122 1135 227 1186 possem
237 1128 329 1177 tecum
338 1123 409 1190 pati3
421 1129 510 1177 tecum
520 1124 618 1192 quippe
627 1138 775 1192 regnarem.
791 1125 889 1178 Totum

90 1204 127 1242 ne
142 1191 269 1260 lrbnosti,
289 1199 322 1246 nt
341 1199 426 1246 totnm
444 1210 486 1248 ne
499 1195 659 1261 possideres.
687 1195 726 1262 (S.
745 1195 825 1264 Aug.)

122 1260 154 1316 11.
181 1263 353 1318 Humanitati
363 1265 381 1318 J
382 1280 430 1318 esu
442 1264 546 1321 meedit
558 1266 656 1333 regalis
669 1265 800 1334 tigrium
813 1265 887 1320 ideo·

91 1345 138 1395 que
155 1349 253 1388 onrnm
278 1335 319 1388 illi
341 1334 460 1390 offertur.
497 1335 572 1402 Quae
590 1337 720 1392 habemus
738 1338 826 1405 bono,
856 1351 889 1392 eu

91 1402 161 1480 nobis
179 1406 269 1462 aDeo
290 1403 398 1474 dedita,
416 1406 450 1462 iis
467 1407 559 1474 itaque
576 1414 683 1462 utamur
702 1407 738 1462 sd
756 1409 813 1462 eius
832 1407 888 1474 glo·

91 1487 158 1543 nam,
185 1476 365 1532 adulterium
389 1484 511 1532 ornatum
530 1486 558 1533 et
580 1494 729 1548 pauperum
754 1478 887 1533 solatium.

93 1541 120 1595 ln
131 1549 294 1615 pauperibus
304 1548 393 1602 Deum
401 1547 548 1604 videamus.
575 1549 649 1618 Magi
663 1549 756 1604 vident
769 1549 798 1602 in
811 1563 887 1616 prse-

93 1615 159 1682 sepio
177 1618 319 1688 infantem,
337 1635 484 1688 pauperem
502 1621 575 1674 illum
594 1621 710 1688 quidem,
735 1627 763 1674 et
781 1620 815 1673 ab
834 1636 888 1674 onr-

94 1684 162 1742 nibus
178 1689 352 1758 derelictum,
383 1705 443 1744 eum
461 1699 550 1746 tomen
576 1701 607 1746 ut
624 1693 727 1760 Regem
756 1696 784 1744 et
801 1690 888 1746 Deum

95 1767 257 1815 venerantur.
303 1760 332 1814 Si
343 1777 495 1830 pauperes,
514 1762 582 1817 offer
600 1764 666 1818 Jesu
684 1770 758 1816 tuam
772 1777 886 1829 pauper·

94 1831 182 1912 tatem3
210 1832 313 1886 donum
330 1831 382 1887 hoo
399 1834 548 1902 praestabit
572 1835 694 1889 omnibus
719 1832 810 1888 mundi
827 1833 886 1888 the·

94 1911 180 1955 sanus.

124 1970 168 2025 ΠΙ.
195 1972 296 2028 Obleto
315 1973 421 2028 demum
439 1974 525 2042 tbnre,
553 1975 650 2030 clarius
669 1974 887 2030 demonstrarunt

95 2053 230 2107 agnoscere
249 2060 280 2100 se
300 2043 465 2099 divinitatem
478 2046 553 2100 Jesu.
586 2046 661 2100 Thus
679 2053 754 2100 tuum
772 2046 807 2100 sit
826 2060 886 2100 ora·

93 2110 126 2189 tio
142 2121 195 2172 tua.
222 2115 268 2170 Ad
283 2116 351 2170 Jesu
364 2115 448 2184 pedes
463 2116 629 2185 provolutus,
645 2116 712 2172 offer
726 2116 885 2172 suavissimo

94 2180 126 2234 alli
141 2200 223 2251 puero
242 2187 349 2240 animae
367 2194 430 2241 tuae
443 2185 598 2255 facultates3
613 2187 705 2255 adore,
724 2188 796 2242 time.
832 2185 887 2240 Sed

95 2249 138 2308 hoc
154 2258 315 2324 praesertim
340 2259 504 2325 memineris,
538 2259 590 2312 alia
607 2260 652 2312 via
670 2273 747 2326 reges
765 2257 887 2315 rediisse.

95 2320 189 2381 Pariter
208 2336 236 2384 et
253 2338 285 2384 tu
304 2329 385 2382 aliem
402 2330 477 2384 ineas
494 2329 602 2388 ,vivendi
620 2330 769 2396 rationem3
797 2335 824 2381 et
842 2328 888 2382 ubi

95 2393 157 2450 dem
174 2398 276 2454 Christi
299 2400 436 2468 ingressus
455 2399 552 2469 fueris,
585 2401 617 2454 nb
644 2416 677 2454 en
702 2415 735 2454 no
762 2399 887 2453 declines.

99 2462 156 2521 Vo'oe
169 2472 239 2524 enim
253 2472 407 2524 immutatio
423 2472 495 2526 oitne
510 2472 671 2540 intellipc'tnr
680 2471 779 2524 mntnt'
796 2510 802 2524 .
822 2469 887 2534 (Ilu-

95 2535 144 2592 seb.
161 2539 253 2607 Emis.)
292 2542 379 2610 Regio
398 2549 491 2596 nostra
508 2542 649 2610 paradisus
669 2548 718 2610 est,
746 2540 781 2594 ad
800 2555 888 2608 quam,

96 2603 154 2662 lesu
167 2614 283 2682 cognito,
297 2613 387 2666 redire
407 2628 457 2681 per
477 2615 556 2681 mem,
575 2630 629 2680 qua
648 2613 780 2677 venimus,
798 2610 888 2679 prohi-

95 2674 186 2736 bemur.
218 2685 243 2737 Δ
261 2684 373 2751 regione
392 2684 490 2738 etenim
508 2692 600 2738 nostra
618 2681 808 2751 superbiendo,
831 2681 888 2735 ino·

95 2745 224 2822 bediendo,
240 2755 357 2810 visibilia
371 2755 517 2822 sequendo,
533 2756 620 2810 cibum
630 2755 743 2808 vetitum
757 2751 889 2818 gustando

97 2815 272 2894 discessimus5
294 2825 343 2882 sed
358 2825 393 2880 nd
407 2840 467 2880 eam
480 2841 591 2880 necesse
606 2833 656 2893 est,
670 2830 702 2878 ut
714 2821 812 2888 flendo,
827 2820 891 2874 obe·
