2128 3228
170 157 210 199 ⁷62
323 161 357 200 De
371 160 501 210 quibusdem
514 160 567 200 eliis
582 160 723 202 noerdoturn
737 160 821 204 officiis.

136 268 141 280 ’
169 259 219 314 bra
237 266 414 327 apponuntur.
441 259 466 328 7)
487 258 631 314 celebrans
649 259 820 327 prosequitur
838 258 969 328 Limnias,

170 346 255 398 usque
275 330 320 384 ad:
342 329 445 385 curule
462 330 566 384 aaauali
582 346 639 398 uos,
658 331 794 385 inclusive.
831 329 858 399 8)
878 329 971 399 Surgit

123 409 128 414 ‘
169 401 316 470 celebrans,
336 411 363 456 et
379 401 601 469 praecedentibus
620 402 731 470 clericis,
757 400 861 456 accedit
880 402 909 454 iu
928 417 972 456 sa-

168 473 293 541 pristiam,
312 472 366 540 ubi,
386 471 509 540 deposita
531 473 601 526 stola
624 473 752 541 violaceo,
773 472 869 540 accipit
887 473 972 528 mani·

169 545 269 612 pulum,
288 544 391 610 stolam,
410 551 438 597 et
450 543 586 611 planetam
595 543 649 598 albi
661 544 767 601 coloris.
786 545 811 612 9)
823 543 972 600 celebrans

170 617 311 670 comitatus
331 631 347 668 a
365 615 476 678 clericis,
494 622 524 668 ut
543 630 633 682 supra,
651 614 722 669 redit
740 614 774 668 ad
793 615 887 683 altare,
907 623 972 670 ante

171 687 246 740 cuius
261 685 359 754 gradus
379 684 444 739 iacit
458 684 660 740 Confessionem
673 685 706 740 de
720 701 802 753 more,
822 702 883 740 cum
897 686 974 742 Psal-

169 773 214 811 mo
239 757 342 812 Jualicu
359 772 400 810 me
418 763 469 812 etc.
488 764 516 810 et
535 756 632 811 Gloria
649 757 739 812 Patri.
777 759 821 823 10)
843 757 976 812 Ascendit

172 827 207 882 ad
236 829 335 896 altare,
364 828 549 896 completaque
575 827 717 882 Oratione:
746 828 835 894 Aufer
859 844 879 880 a
896 829 976 884 uobt'o

171 906 221 954 etc.
241 900 269 952 in
289 900 346 954 eius
365 898 467 966 medio,
492 898 556 953 dicit
573 898 737 954 immediate:
760 899 847 968 Kpn'e
865 899 975 967 russea,

168 979 199 1024 at
218 970 293 1036 alias,
314 987 373 1023 oum
390 985 445 1024 non
462 970 567 1038 legatur
584 970 721 1025 introitus.
755 973 799 1037 11)
817 969 861 1024 Ad
876 969 976 1026 (llum

166 1041 198 1094 iu
219 1041 483 1109 eccelsiepulsantur
497 1056 652 1110 campanae,
667 1057 735 1108 quae
753 1055 838 1108 usque
853 1041 975 1096 adhunc

169 1111 263 1166 horam
290 1111 429 1170 siluerunt.
439 1111 458 1181 1)
496 1112 539 1181 12)
564 1112 631 1168 Post
654 1113 805 1181 Epistolam
832 1113 974 1168 celebrans

168 1181 235 1236 dicit
252 1191 294 1236 ter
312 1183 436 1250 Alleluia,
455 1182 585 1237 elevando
606 1183 738 1252 gradatim
750 1198 853 1252 vocem,
873 1190 901 1238 et
923 1186 974 1240 cle·

170 1253 226 1320 rici,
245 1260 310 1321 post
328 1254 473 1320 quamlibet
490 1255 584 1324 ricem,
603 1255 633 1309 in
650 1255 745 1310 eodem
761 1262 826 1309 tono
845 1263 973 1322 repetent

166 1323 240 1391 illud,
260 1332 287 1378 et
305 1325 444 1380 celebrans
462 1333 641 1393 prosequetur
655 1327 769 1381 Versum
788 1333 815 1380 et
834 1325 973 1381 Tractum.

169 1394 212 1464 13)
230 1395 408 1451 Non‘dicitur
427 1395 522 1464 Grada
550 1404 578 1452 et
601 1404 664 1465 post
681 1397 816 1451 Dominus
833 1397 974 1452 reducturi

167 1482 223 1520 non
247 1468 346 1536 legitur
370 1467 556 1535 offertorium,
580 1484 638 1522 non
661 1467 758 1522 dicitur
782 1469 880 1536 Apuua
907 1469 973 1538 Dei,
1046 1505 1047 1518 ,

121 1571 122 1574 =
169 1553 257 1605 neque
277 1538 355 1594 datur
379 1538 459 1594 hodie
478 1539 598 1594 osculum
616 1539 699 1607 pacis.
739 1539 781 1609 14)
800 1539 875 1594 Loco
893 1539 973 1594 Anti·

166 1609 273 1677 phonee
294 1610 465 1676 commuuio,
491 1609 613 1664 dicuntur
632 1611 783 1678 vesperae,
809 1609 883 1664 utin
903 1610 972 1666 Mis-

167 1681 233 1750 sali,
261 1680 394 1736 videlicet.
430 1681 473 1749 15)
500 1680 645 1736 Celebrans
667 1682 696 1736 in
722 1697 805 1736 cornu
827 1681 972 1748 Epistolae

167 1749 232 1806 dicit
249 1752 430 1819 Antiphonem
444 1751 563 1805 Alleluia
581 1759 642 1822 etc,
662 1762 689 1807 et
707 1769 766 1807 curn
785 1752 888 1808 clericis
905 1769 971 1821 pro·

167 1823 289 1890 sequitur
306 1824 441 1878 Psalmum
458 1822 586 1876 Laudato
605 1831 654 1880 eto.
675 1831 702 1878 et
719 1824 747 1876 in
764 1822 816 1876 fine
834 1825 971 1890 repetitur

165 1894 293 1948 Alleluia.
338 1893 381 1962 16)
399 1893 503 1948 Deinde
529 1893 619 1949 subdit
643 1895 826 1962 Antiphonem
855 1895 972 1962 Vespere

165 1970 256 2018 auteur
274 1972 333 2034 eta,
361 1982 421 2020 cum
439 1965 548 2019 (lentico
566 1965 737 2034 Mapuifioal.
777 1969 820 2031 17)
838 1965 970 2034 Repetite

136 2101 138 2104 Ι
165 2035 321 2104 Antiphone
339 2037 450 2105 Veapere
467 2043 517 2090 etc.
532 2036 670 2092 celebrans
685 2036 787 2091 accedit
801 2036 836 2090 ad
849 2036 970 2092 medium

166 2105 266 2176 altaris,
286 2107 421 2162 osculatur
438 2107 511 2177 illud,
531 2115 559 2161 ct
576 2123 671 2162 versus
686 2107 721 2162 ad
739 2108 868 2176 populum
887 2107 969 2163 dicit:

165 2176 301 2232 Damiuuo
319 2179 453 2234 caducum
478 2185 506 2232 et
530 2186 627 2246 postea
652 2179 806 2233 Orationem
830 2179 859 2232 iu
886 2179 969 2235 solito
1043 2187 1044 2196 ³

166 2264 250 2303 cornu
274 2250 422 2318 Epistolae.
467 2249 509 2318 18)
535 2250 601 2305 Post
625 2250 667 2304 Ile
685 2251 774 2304 Musa
797 2255 835 2304 eat
859 2250 970 2306 additur

164 2319 293 2387 Alleluia,
311 2322 438 2375 Alleluia.
483 2321 525 2390 19)
545 2321 685 2388 Completo
703 2321 852 2390 Evangelio
872 2321 901 2377 S.
920 2322 969 2377 Jo-
1042 2355 1043 2362 ι

166 2391 255 2458 annis,
283 2393 428 2446 revertitur
450 2391 479 2444 in
497 2392 652 2461 sacristiam,
661 2392 683 2462 2)
707 2399 735 2447 et
752 2392 871 2448 missalia
887 2408 970 2461 para-

165 2469 255 2514 menta
274 2461 390 2530 deponit.

164 2581 318 2595 ἡ

181 2630 397 2680 ²)1noonclurloue
416 2634 526 2674 Orationis
540 2636 607 2685 Deae,
621 2637 658 2687 pai
677 2635 730 2676 lano
748 2637 911 2678 maumam
929 2649 964 2678 ιο-

219 2699 272 2800 regg}
280 2701 325 2809 )stc.
339 2699 431 2738 verbum
444 2701 536 2740 eludere
549 2701 664 2741 delendum
678 2704 718 2744 ιιι.
737 2700 766 2752 (A
781 2702 807 2741 B.
822 2701 844 2744 0.
859 2701 888 2742 18
903 2703 969 2743 arm

181 2819 202 2871 ²)
216 2823 311 2872 Expleta
325 2825 394 2866 Missa
408 2828 510 2868 fidelibus
524 2829 546 2872 8.
557 2830 685 2871 communio
699 2833 771 2880 potest
784 2831 908 2872 mlrtlrtrerl
922 2843 971 2872 cun
