2108 3226
168 197 208 242 lta
248 200 326 241 Procas
338 201 362 240 in
371 201 497 240 visitatione
506 201 540 244 ss.
549 201 683 242 sacramenti
697 201 858 250 persolvendae.

169 302 197 356 iu
215 305 278 355 a'ere
298 300 392 369 atomi,
419 300 532 354 inmari
549 305 656 371 guttae,
682 301 711 355 in
736 309 810 356 terra
826 301 972 372 pulverea3

171 380 236 440 quot
258 387 405 440 corporeae
430 373 458 425 in
482 373 608 427 universo
631 380 693 428 sunt
719 380 872 442 creaturae,
905 375 972 442 quia

171 444 243 498 omni
254 442 334 498 laude
349 442 518 511 dignissimus
533 459 570 513 es,
589 444 702 498 Domine
714 445 907 514 universorum,
922 447 972 513 qui

171 515 220 570 sub
240 514 377 582 corporeis
405 515 460 568 vini
478 517 607 583 panisque
626 515 766 584 speciebus
783 516 861 570 letes.
903 517 973 570 Vere

171 592 202 640 ta
220 602 247 640 cs
265 585 341 656 Deos
359 585 539 641 absconditus.
560 587 622 656 (lea.
641 587 737 656 45.)-
752 586 892 641 Laudetur
908 603 972 642 san-

172 657 317 712 ctissimum
330 656 530 712 Sacramentum
542 664 583 712 tot
595 657 726 726 laudibus,
741 665 806 725 quot
818 659 872 714 uilo
886 674 972 726 opera

173 729 301 797 exhiberi,
320 734 387 795 quot
403 743 450 782 ore
467 727 592 798 proferri,
620 736 686 796 quot
702 729 835 785 mentibus
852 731 974 784 omniurn

171 800 309 854 hominum
327 800 473 867 excogitari
491 815 607 867 unquam
633 807 747 869 potuere
771 801 814 854 vel
841 807 973 870 possunt;

173 871 236 939 quia
255 870 326 924 omni
342 869 422 924 laude
442 871 611 939 dignissimus
629 886 668 941 es,
692 871 814 941 Domine,
834 873 910 927 cuius
927 887 974 926 re-

173 941 275 1009 dempti
293 957 384 996 aumus
400 943 520 1010 pretioso
536 943 678 1012 Sanguine,
697 945 778 1011 quast·
794 945 860 1013 apat
876 945 974 997 immo-

174 1012 265 1066 culote'.
285 1012 316 1080 (I.
336 1012 395 1068 Pet.
416 1013 449 1082 1.)
462 1041 496 1052 -
513 1013 652 1068 Laudatur
667 1014 861 1069 sanctissimum
874 1013 973 1069 Sacra-

174 1089 293 1136 mentum
310 1088 352 1136 tot
369 1083 508 1153 laudibus,
530 1091 596 1152 quot
613 1099 705 1140 omnes
722 1087 830 1154 Angeli,
858 1085 974 1154 ipsaque

174 1153 341 1210 sanctissima
359 1154 476 1211 Trinitas
501 1171 551 1210 sua
576 1157 698 1225 potentia
726 1155 898 1228 depromere,
924 1173 976 1212 aua

175 1224 308 1292 sapientia
320 1227 468 1296 concipere,
487 1243 537 1282 sua
549 1227 669 1282 bonitate
684 1235 778 1295 optare
792 1234 890 1298 potest,
910 1228 976 1296 quia

176 1295 271 1363 dignus
282 1309 320 1364 ee,
334 1296 456 1367 Domine,
472 1298 556 1366 Deus,
571 1298 616 1366 qui
629 1299 694 1352 mibi
706 1298 791 1354 donas
804 1315 858 1353 non
869 1305 977 1354 tantum

174 1367 381 1438 humanitatem,
406 1371 594 1424 verumetiam
612 1367 778 1424 divinitatem
794 1377 883 1439 tuam,
908 1385 976 1426 vere
1048 1403 1049 1450 ,

176 1437 324 1492 laudabilis
342 1444 366 1494 et
382 1441 515 1510 plorioeue
533 1446 557 1496 et
574 1441 790 1509 aspectatores
806 1442 837 1495 io
854 1441 973 1504 eoecteie.

177 1509 256 1580 (Dan.
274 1509 309 1578 3.)

381 1651 497 1707 abruma
510 1651 534 1694 8.
547 1651 641 1696 Tborme
653 1651 770 1704 Quinctio.

213 1730 305 1787 Adoro
323 1741 351 1787 te
370 1733 481 1804 devote,
508 1734 595 1789 latens
613 1732 707 1803 deitas,
725 1735 737 1760 ⁸
757 1733 831 1800 Quae
857 1733 908 1788 sub
933 1727 977 1790 bis

177 1801 270 1870 figuris
288 1819 352 1858 vere
370 1805 474 1874 latitas,
492 1806 505 1831 ⁸
523 1805 630 1859 Tibiae
650 1821 696 1859 eor
713 1819 800 1857 meum
812 1811 899 1859 totum
913 1806 976 1860 sub·

177 1873 242 1942 iicit,
260 1877 272 1902 ⁸
291 1875 403 1942 Quiete
422 1877 604 1945 contemplans
622 1883 708 1931 totum
726 1874 823 1929 deficit.

212 1955 302 2026 Visus,
328 1963 424 2028 tactus,
448 1966 542 2028 gustus
559 1960 588 2013 in
605 1965 632 2013 te
649 1958 758 2027 fallitur,
776 1961 789 1985 ⁸
808 1956 862 2012 Sed
881 1958 976 2016 auditu

178 2025 236 2082 eolo
248 2033 307 2082 tuto
322 2028 453 2099 creditur;
471 2033 483 2058 ⁸
503 2031 589 2086 Credo
602 2028 731 2098 quidquid
748 2028 815 2084 dixit
828 2029 881 2084 Dei
894 2029 976 2102 filius,

178 2099 190 2124 ⁸
208 2097 255 2151 Nil
272 2098 324 2154 hoe
341 2101 463 2158 veritatis
481 2102 563 2156 verbo
582 2102 680 2157 verius.

213 2180 245 2234 In
264 2198 341 2236 cruce
359 2183 461 2240 latebat
478 2184 537 2240 sola
555 2185 649 2253 deitas,
667 2187 679 2212 ⁸
697 2184 735 2239 At
751 2183 795 2238 hic
813 2183 881 2238 latet
897 2183 977 2240 simut

178 2258 207 2306 et
218 2252 384 2323 humanitas,
398 2256 410 2281 ⁸
424 2256 510 2312 Ambo
524 2263 614 2310 tamen
623 2255 734 2310 credens
747 2262 828 2323 atque
837 2253 977 2326 confitens,

179 2323 191 2347 ⁸
209 2322 285 2393 Peto,
305 2325 377 2392 quod
394 2328 490 2394 petivit
507 2327 576 2382 latro
594 2327 743 2396 poenitens.

213 2408 312 2477 Plagae
330 2411 399 2464 sicut
416 2410 533 2466 Thomas
550 2427 606 2466 non
622 2412 736 2479 intueor,
755 2412 768 2437 ⁸
784 2409 875 2464 Deum
886 2417 978 2466 tamen

177 2494 266 2533 meum
279 2487 307 2534 te
321 2480 464 2551 confiteor3
483 2485 496 2509 ⁸
508 2483 565 2537 Fac
578 2497 620 2537 me
634 2483 684 2537 tibi
701 2495 808 2550 semper
820 2482 906 2550 magis
919 2497 977 2538 cre·

179 2549 251 2620 dere,
270 2555 282 2580 ⁸
300 2553 331 2605 In
349 2560 377 2608 te
395 2569 471 2622 spem
487 2554 597 2624 habere,
615 2560 643 2608 te
662 2553 781 2623 diligere.

214 2633 237 2689 0
256 2636 410 2691 memoriale
427 2637 520 2692 mortis
533 2637 648 2706 Domini,
667 2638 679 2663 ⁸
696 2636 779 2692 Panis
792 2635 878 2714 urus,
893 2635 979 2691 vitam

178 2715 319 2776 praestans
336 2708 445 2777 homini,
464 2711 476 2734 ⁸
493 2709 606 2763 Praesta
627 2723 703 2762 meae
726 2707 809 2762 menti
833 2706 867 2760 de
891 2713 920 2762 te
937 2708 978 2761 vi-

178 2792 251 2848 vere,
270 2779 283 2804 ⁸
300 2780 338 2834 Et
354 2785 382 2834 te
399 2779 439 2833 illi
456 2795 562 2848 semper
580 2778 656 2834 dulce
675 2793 779 2847 sapere.

213 2863 262 2919 Pie
274 2864 403 2936 pelicane,
412 2865 487 2935 Jesu,
496 2863 618 2934 Domine,
627 2864 639 2889 ⁸
647 2863 693 2918 Me
705 2860 868 2918 immundum
877 2861 978 2918 munda
