2108 3226
154 135 181 178 72
368 137 401 177 De
414 138 582 188 praeparatione
600 137 629 177 ad
642 137 738 180 hilaram.

158 237 284 292 Salvator
298 245 326 292 et
338 237 419 292 iudex
433 238 557 304 omnium,
575 253 630 291 non
642 237 695 290 iam
708 237 830 291 mortalis
849 244 876 294 et
894 253 957 306 pes·

158 309 250 378 sibilis,
270 307 318 364 sed
343 310 499 363 immortalis
514 316 542 362 et
558 307 744 376 impassibilis3
761 308 832 362 unde
851 311 960 364 ratione

157 380 242 448 ipsius
256 381 325 434 actio
339 381 400 448 ipsa
414 379 579 434 sacrificandi
594 394 685 434 omnes
697 379 827 434 humanas
838 381 960 436 actiones

157 449 345 520 transscendit,
359 452 438 505 etiam
454 459 529 506 actus
544 451 668 504 coelitum
680 458 756 504 tanta
769 451 880 505 caritate
897 452 961 506 Deo

160 523 371 577 adhaerentium.
409 521 563 576 Cavendum
581 537 646 590 ergo
665 528 719 589 est,
742 537 776 575 ne
794 529 841 576 tua
857 523 961 578 irreve-

158 595 246 648 rentia
263 600 354 647 tantae
372 594 413 646 rei
433 594 595 648 oblationem
614 593 782 648 dehonestes.

195 663 347 718 Secundum
356 663 503 718 desumitur
519 679 686 732 expersum,
701 665 743 717 eui
759 663 878 731 offertur,
889 679 961 731 quae

160 743 202 792 eet
216 736 289 790 solus
302 735 391 789 Deus:
411 736 477 788 nulli
491 737 561 789 enim
576 735 741 804 Sanctorum,
760 751 810 789 nec
823 736 875 802 ipsi
889 737 961 790 Bea-

157 815 203 862 tae
222 807 326 873 Virgini
347 805 438 860 offerri
456 814 563 874 potest,
595 806 643 862 sed
672 822 706 860 ex
723 805 783 874 ipsa
814 806 963 861 intrinseca

158 879 199 933 rei
212 885 309 931 natura
323 877 374 930 soli
386 878 446 931 Deo
462 878 588 947 debetur,
612 878 675 945 quia
688 893 738 945 per
751 877 874 931 victimae
888 879 964 933 iilius

163 949 352 1003 mactationem
370 949 534 1002 incruentam
554 949 721 1017 agnoscimus
734 949 822 1002 Deum
843 964 903 1004 esse
917 963 963 1004 re-

91 1069 95 1074 v
162 1035 222 1074 rum
240 1019 357 1072 omnium
375 1027 510 1084 auctorem
529 1027 557 1074 et
575 1021 723 1088 dominnm,
751 1019 966 1089 profitemurque

162 1107 213 1145 nos
231 1090 337 1143 divinae
362 1091 494 1145 maiestati
518 1099 591 1146 totos
617 1091 742 1146 devoveri
768 1107 828 1145 eum
844 1093 966 1161 victima,

164 1163 239 1216 ouius
254 1161 416 1228 Sanguinem
434 1164 461 1216 in
479 1163 590 1218 huiusce
609 1163 695 1217 nostri
713 1161 825 1217 affectus
842 1164 967 1218 testimo·

159 1233 233 1287 nium
251 1233 394 1288 offerimus.

198 1304 319 1358 Tertium
339 1303 486 1358 desumitur
504 1319 538 1358 ex
547 1304 635 1372 modo,
656 1319 708 1371 quo
728 1303 846 1372 offertur,
864 1319 967 1372 nempe

162 1389 197 1428 ex
210 1375 270 1442 ipsa
284 1377 494 1444 consecratione,
509 1391 563 1443 qna
579 1376 657 1444 panis
672 1383 699 1428 et
712 1377 802 1429 vinum
815 1375 842 1428 in
857 1375 965 1443 Corpus

162 1452 191 1500 et
208 1446 370 1514 Sanguinem
391 1447 491 1501 Christi
514 1447 808 1515 transsubstantiantur,
832 1449 966 1501 manenti-

158 1517 209 1572 bus
225 1517 406 1573 accidentibus
421 1519 478 1572 sine
492 1518 621 1576 subiecto.
653 1518 704 1572 Est
723 1526 812 1572 antem
830 1518 878 1571 illa
891 1519 965 1574 actio

159 1589 265 1644 omnino
278 1590 446 1658 miraculosa,
465 1597 493 1644 et
511 1589 615 1644 excedit
628 1603 732 1643 omnem
753 1595 892 1642 creaturae
906 1589 963 1643 vir·

158 1665 244 1714 tutem
257 1668 285 1716 et
298 1662 453 1730 potentiam,
471 1675 521 1714 nec
540 1675 712 1730 equaquam,
731 1661 783 1714 nisi
796 1675 813 1713 a
827 1660 885 1715 solo
899 1659 962 1716 Deo

160 1730 293 1800 proficisci
310 1738 408 1800 potest.

198 1802 328 1868 Quartum
342 1803 489 1858 desumitur
503 1817 537 1856 ex
556 1803 649 1856 valore
665 1802 749 1870 ipsius
764 1799 896 1868 sacrificii,
915 1802 962 1869 qui

160 1873 265 1926 ratione
283 1874 407 1928 victimae
421 1873 539 1929 infinitus
561 1882 610 1943 est,
629 1874 698 1928 sicut
714 1873 811 1926 merita
824 1879 852 1926 et
864 1873 962 1928 Passio

162 1944 274 2011 christi,
303 1961 334 1998 ac
352 1945 464 2012 proinde
484 1961 569 2012 acque
587 1945 683 2014 placet,
702 1944 761 1998 Deo
781 1959 812 1997 ac
830 1959 904 1998 mors
921 1945 963 2012 ip·

161 2015 231 2083 sius,
256 2016 319 2070 licet
337 2017 468 2070 actualem
487 2016 670 2084 efficientiam,
698 2016 758 2070 Deo
782 2015 821 2069 ita
842 2016 962 2084 volente,

161 2087 266 2141 nonnisi
283 2085 384 2140 finitam
403 2088 509 2142 habeat.

197 2157 323 2224 Quintum
342 2157 489 2212 desumitur
503 2174 536 2212 ex
557 2157 618 2226 fine,
636 2163 842 2226 propterquam
854 2156 962 2212 institu-

159 2235 216 2282 tnm
230 2227 292 2296 inu
306 2236 337 2282 ut
349 2230 472 2283 nimirum
489 2229 548 2283 Deo
564 2229 685 2284 Creatori
697 2235 790 2282 nostro
805 2243 962 2294 supremum

160 2299 256 2354 lamiae
275 2300 374 2353 cultum
394 2301 589 2370 exhiberemus,
606 2307 778 2366 nostramque
803 2299 961 2354 servitutem

160 2377 188 2425 et
208 2370 399 2425 subiectionem
422 2373 566 2425 humillime
584 2369 797 2438 testificaremur,
815 2376 847 2425 ut
865 2369 961 2438 dignas

160 2443 186 2496 ei
203 2441 304 2510 gratim
329 2458 379 2511 pro
407 2444 539 2497 universis
554 2441 698 2496 elreneiioiis
723 2441 758 2495 ad
783 2456 815 2494 eo
842 2442 961 2510 acceptis

159 2520 292 2582 perpetuo
309 2514 539 2583 persolveremus3
558 2513 592 2568 ad
614 2513 712 2568 auxiha
730 2512 837 2566 divinae
857 2513 961 2581 gratim

158 2582 339 2653 impetranda,
366 2591 393 2640 et
419 2586 471 2640 Dei
488 2586 683 2653 protectionem
700 2585 728 2637 in
747 2584 870 2638 omnibus
889 2585 961 2638 vitae

158 2656 238 2710 huius
259 2657 388 2724 angustiis
407 2656 627 2726 comparandam
655 2656 689 2709 ab
708 2654 880 2709 obtinendam
899 2669 962 2724 peo-

159 2735 279 2782 catorum
297 2730 411 2797 veniam,
440 2729 475 2782 ad
499 2729 566 2782 iram
584 2729 636 2782 Dei
654 2726 811 2796 placandam
830 2733 859 2779 et
876 2726 960 2779 immi·

159 2801 251 2855 nentia
268 2798 375 2868 flagella
393 2800 548 2869 avertenda,
568 2799 602 2854 ad
617 2797 823 2856 succurrendum
842 2799 960 2852 omnium
