2128 3228
326 160 428 202 bitenine
442 161 468 202 de
482 162 586 203 omnibus
599 162 690 208 suntin.
871 161 913 208 Μ

150 262 352 320 confundentur
372 271 400 320 et
420 270 603 335 revereantur,
623 265 696 334 *qui
709 272 842 335 quaerunt
855 268 910 324 eni·

111 350 183 390 mem
201 350 295 390 meam.

113 406 311 532 mffiiverffintur
329 411 476 462 retrorsum
498 413 526 462 et
546 407 712 477 erubescunt,
730 410 743 436 ⁴
759 409 805 476 qui
818 409 912 466 volunt

196 495 222 532 ns
251 493 274 532 e.

148 549 312 604 Avertantur
325 548 415 604 stetim
429 549 627 619 erubescentes,
646 551 659 576 *
676 550 723 619 qui
732 549 911 607 dieuntmihi:
994 574 1000 585 ·

113 633 190 688 euge,
210 622 291 688 euge!

148 691 293 746 Exsulteut
313 697 340 746 et
359 690 495 746 laetentur
511 691 540 746 in
557 697 585 746 te
602 705 703 761 omnes,
722 692 768 761 qui
780 699 912 760 quaerunt

112 768 149 830 te,
168 765 180 788 *
199 769 226 818 et
244 761 334 816 diosnt
351 777 472 831 semper:
498 761 682 832 magnificetur
701 763 841 834 Dominus,
866 764 912 832 qui

113 832 227 902 diligunt
244 833 360 889 sulutere
378 841 461 889 tuum.
720 867 722 875 ‚

148 905 208 973 Ego
222 919 287 960 vero
301 919 401 972 egenus
415 913 443 960 et
450 921 555 974 pauper
568 921 635 975 sum,
647 906 744 962 *Deus
753 905 851 961 ediuvs
859 919 910 960 me.

148 976 263 1059 Adiuton
281 990 356 1032 mens
375 982 402 1031 et
418 975 547 1032 liberator
559 992 635 1034 meus
653 979 690 1034 es
701 984 739 1048 tu,
757 980 770 1006 ⁸
787 977 911 1047 Domine,

112 1059 146 1100 ne
164 1062 285 1104 monens.

149 1117 243 1173 Gloria
259 1117 343 1188 Petri,
361 1123 390 1172 et
407 1117 485 1187 Filio,
505 1125 554 1173 etc.

149 1189 225 1244 Sicut
243 1194 302 1243 eret
320 1195 369 1243 eto.

152 1261 185 1316 V.
203 1259 299 1313 Seivou
316 1257 359 1314 feo
378 1273 470 1314 servos
489 1265 559 1330 tuos,

149 1330 184 1384 R.
202 1330 277 1385 Deus
295 1344 379 1398 meus,
398 1337 537 1397 sperantes
555 1331 583 1384 in
600 1336 636 1386 te.

153 1401 185 1456 V.
202 1401 271 1456 Esto
284 1401 369 1468 nobie,
386 1399 510 1472 Domine,
527 1401 609 1458 turris
626 1401 798 1473 fortitudinis,

149 1471 184 1525 R.
202 1472 228 1525 A
246 1470 313 1525 facie
331 1471 438 1525 inimici.

154 1543 184 1597 V.
203 1541 278 1597 Nihil
295 1541 419 1610 proficiet
435 1541 556 1598 inimicus
574 1542 603 1597 in
619 1541 705 1598 nobis.

149 1613 184 1668 R.
202 1613 240 1668 Et
252 1612 322 1669 filius
339 1614 486 1681 miqmtous
507 1629 561 1668 nou
579 1621 698 1683 opponet
714 1628 811 1669 nocere
824 1612 911 1674 nobis.

149 1685 185 1810 IV.
202 1685 332 1756 Domine,
355 1701 410 1740 uon
428 1684 573 1742 seeundum
590 1692 702 1754 pescate
718 1691 811 1740 nostre
827 1683 912 1741 ineius

113 1767 149 1808 no
167 1756 200 1812 is.
273 1765 297 1807 κ

149 1827 185 1953 gt
203 1827 298 1896 Neque
317 1826 462 1884 secundum
479 1826 635 1897 iniquitates
653 1833 761 1883 nostres
778 1825 912 1882 retribues

113 1911 149 1951 no
167 1899 200 1955 is.

153 1970 184 2025 V.
204 1967 315 2025 Oremus
333 1985 383 2038 pro
400 1968 530 2025 Pontifioe
548 1977 641 2026 nostro
662 1969 697 2024 N.

148 2041 184 2098 R.
201 2040 332 2096 Dominus
351 2048 493 2096 conservet
510 2056 579 2112 eum,
608 2048 636 2096 et
651 2039 769 2095 vivificet
787 2054 855 2110 eum,
883 2047 912 2095 et

113 2109 222 2168 beatum
239 2110 322 2196 ieoiet
346 2127 407 2166 eum
430 2113 459 2166 in
475 2119 557 2183 terre,
583 2119 611 2169 et
627 2129 681 2168 non
698 2111 788 2170 tradet
806 2126 865 2167 eum
883 2111 911 2166 in
996 2131 1000 2138 “

113 2197 227 2237 animem
244 2184 409 2238 inimicorum
428 2183 494 2239 eins.
648 2207 651 2212 ·

152 2255 183 2309 V.
202 2253 315 2310 Oremus
332 2269 382 2323 pro
400 2252 616 2310 benefactoribus
633 2254 740 2310 uostris.

148 2325 183 2380 R.
201 2325 360 2381 Renibuere
387 2324 506 2395 dignere,
535 2326 658 2395 Domine,
686 2325 808 2380 omnibus
832 2323 910 2380 nobis

113 2394 185 2450 boue
201 2395 368 2466 facientibus,
386 2404 499 2465 propter
516 2411 613 2452 nomen
630 2404 706 2451 tuum
723 2396 807 2451 vitem
824 2402 910 2451 neter-

113 2480 182 2521 num.
218 2469 312 2522 Amen.

153 2538 184 2593 V.
203 2537 316 2594 Oremus
334 2555 385 2608 pro
402 2538 526 2594 fidelibus
544 2538 683 2594 destinetis.

150 2608 185 2666 R.
202 2608 332 2678 Requiem
351 2618 488 2666 oeternum
507 2610 577 2666 done
592 2612 648 2679 eis,
671 2608 800 2665 Domine:
820 2614 848 2664 et
864 2608 911 2662 lux

5 2661 7 2668 ,
113 2686 245 2747 perpetus
262 2681 351 2736 luceet
368 2683 416 2736 eis.

153 2751 183 2805 V.
202 2751 382 2821 Requieseeut
398 2754 427 2806 in
443 2767 520 2821 peee.
539 2782 573 2792 -
591 2752 627 2808 R.
645 2752 740 2807 Amen.

152 2821 255 2882 V..Pro
274 2821 401 2880 matribus
418 2825 517 2887 uostris
535 2823 697 2880 absentibus.

755 2910 809 2967 20*
