<?xml version="1.0" encoding="UTF-8"?>
<!DOCTYPE html PUBLIC "-//W3C//DTD XHTML 1.0 Transitional//EN"
    "http://www.w3.org/TR/xhtml1/DTD/xhtml1-transitional.dtd">
<html xmlns="http://www.w3.org/1999/xhtml" xml:lang="en" lang="en">
 <head>
  <title>
</title>
<meta http-equiv="Content-Type" content="text/html;charset=utf-8" />
  <meta name='ocr-system' content='tesseract 3.04.00' />
  <meta name='ocr-capabilities' content='ocr_page ocr_carea ocr_par ocr_line ocrx_word'/>
</head>
<body>
  <div class='ocr_page' id='page_1' title='image "./manualesacerdot00schngoog_0385.png"; bbox 0 0 2124 3230; ppageno 0'>
   <div class='ocr_carea' id='block_1_1' title="bbox 319 197 900 268">
    <p class='ocr_par' dir='ltr' id='par_1_1' title="bbox 319 197 900 268">
     <span class='ocr_line' id='line_1_1' title="bbox 319 197 900 268; baseline 0.002 -29"><span class='ocrx_word' id='word_1_1' title='bbox 319 200 352 239; x_wconf 85' lang='lat' dir='ltr'><strong>Ds</strong></span> <span class='ocrx_word' id='word_1_2' title='bbox 365 199 434 268; x_wconf 72' lang='lat' dir='ltr'><strong>blissa</strong></span> <span class='ocrx_word' id='word_1_3' title='bbox 446 197 571 239; x_wconf 77' lang='lat' dir='ltr'><strong>Pontificall</strong></span> <span class='ocrx_word' id='word_1_4' title='bbox 584 199 681 242; x_wconf 75' lang='lat' dir='ltr'>solemni.</span> <span class='ocrx_word' id='word_1_5' title='bbox 755 245 757 251; x_wconf 47' lang='grc'><strong>,</strong></span> <span class='ocrx_word' id='word_1_6' title='bbox 859 197 900 240; x_wconf 74' lang='grc'><strong>855</strong></span> 
     </span>
    </p>
   </div>
   <div class='ocr_carea' id='block_1_2' title="bbox 95 300 898 585">
    <p class='ocr_par' dir='ltr' id='par_1_2' title="bbox 95 300 898 585">
     <span class='ocr_line' id='line_1_2' title="bbox 96 300 898 371; baseline 0.001 -13"><span class='ocrx_word' id='word_1_7' title='bbox 96 304 150 358; x_wconf 91' lang='lat' dir='ltr'><strong>bns</strong></span> <span class='ocrx_word' id='word_1_8' title='bbox 167 303 265 357; x_wconf 89' lang='lat' dir='ltr'><strong>librum</strong></span> <span class='ocrx_word' id='word_1_9' title='bbox 283 309 396 370; x_wconf 80' lang='lat' dir='ltr'><strong>tangens</strong></span> <span class='ocrx_word' id='word_1_10' title='bbox 413 301 464 356; x_wconf 90' lang='lat' dir='ltr'><strong>sibi</strong></span> <span class='ocrx_word' id='word_1_11' title='bbox 483 317 499 354; x_wconf 89' lang='lat' dir='ltr'><strong>a</strong></span> <span class='ocrx_word' id='word_1_12' title='bbox 517 300 679 355; x_wconf 89' lang='lat' dir='ltr'><strong>subdiacono</strong></span> <span class='ocrx_word' id='word_1_13' title='bbox 697 307 724 355; x_wconf 92' lang='lat' dir='ltr'><strong>et</strong></span> <span class='ocrx_word' id='word_1_14' title='bbox 741 302 898 371; x_wconf 86' lang='lat' dir='ltr'><strong>presbytero</strong></span> 
     </span>
     <span class='ocr_line' id='line_1_3' title="bbox 95 371 897 441; baseline 0 -11"><span class='ocrx_word' id='word_1_15' title='bbox 95 376 245 430; x_wconf 72' lang='lat' dir='ltr'><strong>assistente</strong></span> <span class='ocrx_word' id='word_1_16' title='bbox 273 389 290 427; x_wconf 89' lang='lat' dir='ltr'><strong>a</strong></span> <span class='ocrx_word' id='word_1_17' title='bbox 315 373 429 428; x_wconf 89' lang='lat' dir='ltr'><strong>sinistris</strong></span> <span class='ocrx_word' id='word_1_18' title='bbox 459 371 591 427; x_wconf 90' lang='lat' dir='ltr'><strong>stantibus</strong></span> <span class='ocrx_word' id='word_1_19' title='bbox 625 372 750 441; x_wconf 87' lang='lat' dir='ltr'><strong>oblatum,</strong></span> <span class='ocrx_word' id='word_1_20' title='bbox 779 373 807 425; x_wconf 93' lang='lat' dir='ltr'><strong>in</strong></span> <span class='ocrx_word' id='word_1_21' title='bbox 833 372 897 430; x_wconf 86' lang='lat' dir='ltr'><strong>folio</strong></span> 
     </span>
     <span class='ocr_line' id='line_1_4' title="bbox 97 443 897 514; baseline 0 -15"><span class='ocrx_word' id='word_1_22' title='bbox 97 445 243 514; x_wconf 79' lang='lat' dir='ltr'>Evangelii</span> <span class='ocrx_word' id='word_1_23' title='bbox 268 445 406 512; x_wconf 87' lang='lat' dir='ltr'><strong>currentis,</strong></span> <span class='ocrx_word' id='word_1_24' title='bbox 440 444 514 497; x_wconf 92' lang='lat' dir='ltr'><strong>illum</strong></span> <span class='ocrx_word' id='word_1_25' title='bbox 545 443 681 498; x_wconf 85' lang='lat' dir='ltr'><strong>osculatur</strong></span> <span class='ocrx_word' id='word_1_26' title='bbox 706 443 733 496; x_wconf 89' lang='lat' dir='ltr'><strong>ln</strong></span> <span class='ocrx_word' id='word_1_27' title='bbox 767 443 897 512; x_wconf 89' lang='lat' dir='ltr'><strong>principio</strong></span> 
     </span>
     <span class='ocr_line' id='line_1_5' title="bbox 97 513 898 585; baseline -0.001 -14"><span class='ocrx_word' id='word_1_28' title='bbox 97 516 257 585; x_wconf 81' lang='lat' dir='ltr'><strong>Evangelii3</strong></span> <span class='ocrx_word' id='word_1_29' title='bbox 282 523 339 569; x_wconf 93' lang='lat' dir='ltr'><strong>tum</strong></span> <span class='ocrx_word' id='word_1_30' title='bbox 362 515 474 583; x_wconf 86' lang='lat' dir='ltr'><strong>imponit</strong></span> <span class='ocrx_word' id='word_1_31' title='bbox 499 521 526 568; x_wconf 90' lang='lat' dir='ltr'><strong>et</strong></span> <span class='ocrx_word' id='word_1_32' title='bbox 548 513 683 569; x_wconf 86' lang='lat' dir='ltr'><strong>benedicit</strong></span> <span class='ocrx_word' id='word_1_33' title='bbox 706 514 851 584; x_wconf 90' lang='lat' dir='ltr'><strong>incensum,</strong></span> <span class='ocrx_word' id='word_1_34' title='bbox 871 524 898 570; x_wconf 91' lang='lat' dir='ltr'><strong>et</strong></span> 
     </span>
    </p>
   </div>
   <div class='ocr_carea' id='block_1_3' title="bbox 12 585 535 647">
    <p class='ocr_par' dir='ltr' id='par_1_3' title="bbox 12 585 535 647">
     <span class='ocr_line' id='line_1_6' title="bbox 12 585 535 647; baseline -0.011 0"><span class='ocrx_word' id='word_1_35' title='bbox 12 628 16 647; x_wconf 92' lang='lat'>.</span> <span class='ocrx_word' id='word_1_36' title='bbox 97 587 235 643; x_wconf 83' lang='lat' dir='ltr'><strong>tbmificat</strong></span> <span class='ocrx_word' id='word_1_37' title='bbox 253 586 337 641; x_wconf 89' lang='lat' dir='ltr'><strong>altare</strong></span> <span class='ocrx_word' id='word_1_38' title='bbox 356 601 429 640; x_wconf 87' lang='lat' dir='ltr'><strong>more</strong></span> <span class='ocrx_word' id='word_1_39' title='bbox 448 585 535 641; x_wconf 89' lang='lat' dir='ltr'><strong>solito.</strong></span> 
     </span>
    </p>
   </div>
   <div class='ocr_carea' id='block_1_4' title="bbox 95 655 908 1154">
    <p class='ocr_par' dir='ltr' id='par_1_4' title="bbox 95 655 908 1154">
     <span class='ocr_line' id='line_1_7' title="bbox 132 655 897 725; baseline -0.001 -13"><span class='ocrx_word' id='word_1_40' title='bbox 132 658 267 714; x_wconf 80' lang='lat' dir='ltr'><strong>Absoluta</strong></span> <span class='ocrx_word' id='word_1_41' title='bbox 285 658 377 712; x_wconf 84' lang='lat' dir='ltr'><strong>altaris</strong></span> <span class='ocrx_word' id='word_1_42' title='bbox 395 656 600 725; x_wconf 88' lang='lat' dir='ltr'><strong>thurificatione,</strong></span> <span class='ocrx_word' id='word_1_43' title='bbox 626 655 715 711; x_wconf 84' lang='lat' dir='ltr'><strong>reddit</strong></span> <span class='ocrx_word' id='word_1_44' title='bbox 733 656 897 712; x_wconf 89' lang='lat' dir='ltr'><strong>thuribulum</strong></span> 
     </span>
     <span class='ocr_line' id='line_1_8' title="bbox 95 727 897 799; baseline -0.002 -14"><span class='ocrx_word' id='word_1_45' title='bbox 95 729 219 799; x_wconf 91' lang='lat' dir='ltr'><strong>diacono,</strong></span> <span class='ocrx_word' id='word_1_46' title='bbox 239 736 267 783; x_wconf 89' lang='lat' dir='ltr'><strong>et</strong></span> <span class='ocrx_word' id='word_1_47' title='bbox 280 735 390 797; x_wconf 86' lang='lat' dir='ltr'><strong>accepta</strong></span> <span class='ocrx_word' id='word_1_48' title='bbox 402 729 483 782; x_wconf 79' lang='lat' dir='ltr'><strong>mitra</strong></span> <span class='ocrx_word' id='word_1_49' title='bbox 494 729 614 796; x_wconf 85' lang='lat' dir='ltr'><strong>pretiosa</strong></span> <span class='ocrx_word' id='word_1_50' title='bbox 627 743 644 781; x_wconf 85' lang='lat' dir='ltr'><strong>a</strong></span> <span class='ocrx_word' id='word_1_51' title='bbox 657 727 771 796; x_wconf 79' lang='lat' dir='ltr'><strong>digniori</strong></span> <span class='ocrx_word' id='word_1_52' title='bbox 785 727 897 783; x_wconf 74' lang='lat' dir='ltr'><strong>decoro</strong></span> 
     </span>
     <span class='ocr_line' id='line_1_9' title="bbox 95 799 896 870; baseline -0.002 -14"><span class='ocrx_word' id='word_1_53' title='bbox 95 803 251 868; x_wconf 76' lang='lat' dir='ltr'><strong>assistente,</strong></span> <span class='ocrx_word' id='word_1_54' title='bbox 270 808 343 855; x_wconf 85' lang='lat' dir='ltr'><strong>stans</strong></span> <span class='ocrx_word' id='word_1_55' title='bbox 360 800 389 853; x_wconf 93' lang='lat' dir='ltr'><strong>in</strong></span> <span class='ocrx_word' id='word_1_56' title='bbox 407 799 638 867; x_wconf 86' lang='lat' dir='ltr'><strong>cornuEpistolae</strong></span> <span class='ocrx_word' id='word_1_57' title='bbox 656 800 778 854; x_wconf 83' lang='lat' dir='ltr'><strong>manibus</strong></span> <span class='ocrx_word' id='word_1_58' title='bbox 791 800 896 870; x_wconf 85' lang='lat' dir='ltr'><strong>iunctis,</strong></span> 
     </span>
     <span class='ocr_line' id='line_1_10' title="bbox 95 870 897 939; baseline -0.004 -13"><span class='ocrx_word' id='word_1_59' title='bbox 95 873 252 928; x_wconf 88' lang='lat' dir='ltr'><strong>incensatur</strong></span> <span class='ocrx_word' id='word_1_60' title='bbox 270 887 287 925; x_wconf 88' lang='lat' dir='ltr'><strong>a</strong></span> <span class='ocrx_word' id='word_1_61' title='bbox 305 870 415 925; x_wconf 87' lang='lat' dir='ltr'><strong>diacono</strong></span> <span class='ocrx_word' id='word_1_62' title='bbox 434 871 575 938; x_wconf 83' lang='lat' dir='ltr'><strong>Evangelii</strong></span> <span class='ocrx_word' id='word_1_63' title='bbox 591 871 689 939; x_wconf 89' lang='lat' dir='ltr'><strong>triplici</strong></span> <span class='ocrx_word' id='word_1_64' title='bbox 707 870 795 926; x_wconf 87' lang='lat' dir='ltr'><strong>ductu.</strong></span> <span class='ocrx_word' id='word_1_65' title='bbox 828 871 897 924; x_wconf 84' lang='lat' dir='ltr'><strong>Tum</strong></span> 
     </span>
     <span class='ocr_line' id='line_1_11' title="bbox 98 941 908 1012; baseline 0 -14"><span class='ocrx_word' id='word_1_66' title='bbox 98 959 132 998; x_wconf 87' lang='lat' dir='ltr'><strong>ox</strong></span> <span class='ocrx_word' id='word_1_67' title='bbox 151 943 247 998; x_wconf 87' lang='lat' dir='ltr'><strong>eodem</strong></span> <span class='ocrx_word' id='word_1_68' title='bbox 272 943 332 996; x_wconf 90' lang='lat' dir='ltr'><strong>loco</strong></span> <span class='ocrx_word' id='word_1_69' title='bbox 357 941 429 996; x_wconf 86' lang='lat' dir='ltr'><strong>facta</strong></span> <span class='ocrx_word' id='word_1_70' title='bbox 456 943 527 996; x_wconf 87' lang='lat' dir='ltr'><strong>cruci</strong></span> <span class='ocrx_word' id='word_1_71' title='bbox 550 943 710 1012; x_wconf 86' lang='lat' dir='ltr'><strong>reverentia,</strong></span> <span class='ocrx_word' id='word_1_72' title='bbox 734 949 908 1011; x_wconf 85' lang='lat' dir='ltr'><strong>acceptoque</strong></span> 
     </span>
     <span class='ocr_line' id='line_1_12' title="bbox 97 1013 897 1082; baseline 0.001 -14"><span class='ocrx_word' id='word_1_73' title='bbox 97 1015 193 1069; x_wconf 87' lang='lat' dir='ltr'><strong>baculo</strong></span> <span class='ocrx_word' id='word_1_74' title='bbox 211 1015 240 1067; x_wconf 93' lang='lat' dir='ltr'><strong>in</strong></span> <span class='ocrx_word' id='word_1_75' title='bbox 264 1029 344 1067; x_wconf 86' lang='lat' dir='ltr'><strong>manu</strong></span> <span class='ocrx_word' id='word_1_76' title='bbox 362 1013 477 1082; x_wconf 89' lang='lat' dir='ltr'><strong>sinistra,</strong></span> <span class='ocrx_word' id='word_1_77' title='bbox 504 1013 607 1068; x_wconf 88' lang='lat' dir='ltr'><strong>medius</strong></span> <span class='ocrx_word' id='word_1_78' title='bbox 624 1014 694 1068; x_wconf 89' lang='lat' dir='ltr'><strong>inter</strong></span> <span class='ocrx_word' id='word_1_79' title='bbox 711 1013 837 1069; x_wconf 84' lang='lat' dir='ltr'><strong>diaconos</strong></span> <span class='ocrx_word' id='word_1_80' title='bbox 856 1029 897 1069; x_wconf 89' lang='lat' dir='ltr'><strong>as·</strong></span> 
     </span>
     <span class='ocr_line' id='line_1_13' title="bbox 96 1084 898 1154; baseline -0.002 -13"><span class='ocrx_word' id='word_1_81' title='bbox 96 1087 235 1154; x_wconf 85' lang='lat' dir='ltr'><strong>sistentes,</strong></span> <span class='ocrx_word' id='word_1_82' title='bbox 252 1085 327 1138; x_wconf 86' lang='lat' dir='ltr'><strong>vadit</strong></span> <span class='ocrx_word' id='word_1_83' title='bbox 344 1084 379 1138; x_wconf 84' lang='lat' dir='ltr'><strong>nd</strong></span> <span class='ocrx_word' id='word_1_84' title='bbox 392 1084 483 1139; x_wconf 90' lang='lat' dir='ltr'><strong>sedem</strong></span> <span class='ocrx_word' id='word_1_85' title='bbox 496 1100 579 1153; x_wconf 90' lang='lat' dir='ltr'><strong>suam,</strong></span> <span class='ocrx_word' id='word_1_86' title='bbox 598 1085 644 1138; x_wconf 91' lang='lat' dir='ltr'><strong>ubi</strong></span> <span class='ocrx_word' id='word_1_87' title='bbox 662 1092 736 1140; x_wconf 88' lang='lat' dir='ltr'><strong>stans</strong></span> <span class='ocrx_word' id='word_1_88' title='bbox 748 1087 805 1140; x_wconf 91' lang='lat' dir='ltr'><strong>sine</strong></span> <span class='ocrx_word' id='word_1_89' title='bbox 819 1086 898 1140; x_wconf 87' lang='lat' dir='ltr'><strong>mitra</strong></span> 
     </span>
    </p>
   </div>
   <div class='ocr_carea' id='block_1_5' title="bbox 9 1156 897 1284">
    <p class='ocr_par' dir='ltr' id='par_1_5' title="bbox 9 1156 897 1284">
     <span class='ocr_line' id='line_1_14' title="bbox 9 1156 896 1228; baseline 0 -17"><span class='ocrx_word' id='word_1_90' title='bbox 9 1185 10 1228; x_wconf 59' lang='lat' dir='ltr'><strong>t</strong></span> <span class='ocrx_word' id='word_1_91' title='bbox 97 1158 163 1226; x_wconf 80' lang='lat' dir='ltr'><strong>legit</strong></span> <span class='ocrx_word' id='word_1_92' title='bbox 180 1157 322 1211; x_wconf 85' lang='lat' dir='ltr'><strong>introitum</strong></span> <span class='ocrx_word' id='word_1_93' title='bbox 348 1171 382 1210; x_wconf 83' lang='lat' dir='ltr'><strong>er</strong></span> <span class='ocrx_word' id='word_1_94' title='bbox 399 1156 476 1225; x_wconf 87' lang='lat' dir='ltr'><strong>libro,</strong></span> <span class='ocrx_word' id='word_1_95' title='bbox 505 1170 583 1222; x_wconf 86' lang='lat' dir='ltr'><strong>quern</strong></span> <span class='ocrx_word' id='word_1_96' title='bbox 602 1157 715 1210; x_wconf 87' lang='lat' dir='ltr'><strong>sustinet</strong></span> <span class='ocrx_word' id='word_1_97' title='bbox 734 1157 896 1226; x_wconf 80' lang='lat' dir='ltr'><strong>capellanus,</strong></span> 
     </span>
     <span class='ocr_line' id='line_1_15' title="bbox 9 1225 897 1284; baseline -0.001 -1"><span class='ocrx_word' id='word_1_98' title='bbox 9 1229 11 1256; x_wconf 60' lang='lat' dir='ltr'><strong>r</strong></span> <span class='ocrx_word' id='word_1_99' title='bbox 97 1228 131 1283; x_wconf 89' lang='lat' dir='ltr'><strong>de</strong></span> <span class='ocrx_word' id='word_1_100' title='bbox 150 1245 184 1283; x_wconf 88' lang='lat' dir='ltr'><strong>eo</strong></span> <span class='ocrx_word' id='word_1_101' title='bbox 204 1228 334 1284; x_wconf 86' lang='lat' dir='ltr'><strong>serviens.</strong></span> <span class='ocrx_word' id='word_1_102' title='bbox 360 1227 465 1280; x_wconf 87' lang='lat' dir='ltr'><strong>Deinde</strong></span> <span class='ocrx_word' id='word_1_103' title='bbox 484 1225 548 1281; x_wconf 90' lang='lat' dir='ltr'><strong>dicit</strong></span> <span class='ocrx_word' id='word_1_104' title='bbox 565 1243 624 1280; x_wconf 92' lang='lat' dir='ltr'><strong>cum</strong></span> <span class='ocrx_word' id='word_1_105' title='bbox 642 1228 698 1282; x_wconf 90' lang='lat' dir='ltr'><strong>suis</strong></span> <span class='ocrx_word' id='word_1_106' title='bbox 714 1229 842 1283; x_wconf 88' lang='lat' dir='ltr'><strong>ministris</strong></span> <span class='ocrx_word' id='word_1_107' title='bbox 861 1229 897 1282; x_wconf 86' lang='lat' dir='ltr'><strong>sl·</strong></span> 
     </span>
    </p>
   </div>
   <div class='ocr_carea' id='block_1_6' title="bbox 96 1298 942 1866">
    <p class='ocr_par' dir='ltr' id='par_1_6' title="bbox 96 1298 898 1568">
     <span class='ocr_line' id='line_1_16' title="bbox 96 1298 897 1366; baseline 0 -12"><span class='ocrx_word' id='word_1_108' title='bbox 96 1299 223 1354; x_wconf 87' lang='lat' dir='ltr'><strong>ternatim</strong></span> <span class='ocrx_word' id='word_1_109' title='bbox 240 1298 466 1366; x_wconf 87' lang='lat' dir='ltr'><strong>respondentibus</strong></span> <span class='ocrx_word' id='word_1_110' title='bbox 490 1298 577 1366; x_wconf 76' lang='lat' dir='ltr'><strong>Kyric</strong></span> <span class='ocrx_word' id='word_1_111' title='bbox 600 1299 704 1352; x_wconf 78' lang='lat' dir='ltr'><strong>eleison.</strong></span> <span class='ocrx_word' id='word_1_112' title='bbox 742 1299 800 1366; x_wconf 77' lang='lat' dir='ltr'><strong>Quo</strong></span> <span class='ocrx_word' id='word_1_113' title='bbox 827 1299 897 1354; x_wconf 90' lang='lat' dir='ltr'><strong>dicto</strong></span> 
     </span>
     <span class='ocr_line' id='line_1_17' title="bbox 97 1369 897 1438; baseline 0.001 -13"><span class='ocrx_word' id='word_1_114' title='bbox 97 1370 221 1426; x_wconf 87' lang='lat' dir='ltr'><strong>sedetet</strong></span> <span class='ocrx_word' id='word_1_115' title='bbox 239 1371 336 1438; x_wconf 85' lang='lat' dir='ltr'><strong>accipit</strong></span> <span class='ocrx_word' id='word_1_116' title='bbox 360 1385 410 1437; x_wconf 91' lang='lat' dir='ltr'><strong>per</strong></span> <span class='ocrx_word' id='word_1_117' title='bbox 433 1369 547 1438; x_wconf 92' lang='lat' dir='ltr'><strong>primum</strong></span> <span class='ocrx_word' id='word_1_118' title='bbox 571 1369 711 1424; x_wconf 90' lang='lat' dir='ltr'><strong>diaconum</strong></span> <span class='ocrx_word' id='word_1_119' title='bbox 730 1371 897 1426; x_wconf 75' lang='lat' dir='ltr'><strong>assistentem</strong></span> 
     </span>
     <span class='ocr_line' id='line_1_18' title="bbox 97 1439 898 1510; baseline -0.002 -13"><span class='ocrx_word' id='word_1_120' title='bbox 97 1443 204 1497; x_wconf 85' lang='lat' dir='ltr'><strong>mitram</strong></span> <span class='ocrx_word' id='word_1_121' title='bbox 233 1441 378 1510; x_wconf 82' lang='lat' dir='ltr'><strong>simplicem</strong></span> <span class='ocrx_word' id='word_1_122' title='bbox 403 1447 431 1495; x_wconf 89' lang='lat' dir='ltr'><strong>et</strong></span> <span class='ocrx_word' id='word_1_123' title='bbox 459 1439 600 1508; x_wconf 78' lang='lat' dir='ltr'><strong>gremiale3</strong></span> <span class='ocrx_word' id='word_1_124' title='bbox 628 1447 656 1494; x_wconf 88' lang='lat' dir='ltr'><strong>et</strong></span> <span class='ocrx_word' id='word_1_125' title='bbox 681 1441 784 1508; x_wconf 88' lang='lat' dir='ltr'><strong>pariter</strong></span> <span class='ocrx_word' id='word_1_126' title='bbox 806 1455 898 1496; x_wconf 91' lang='lat' dir='ltr'><strong>omnes</strong></span> 
     </span>
     <span class='ocr_line' id='line_1_19' title="bbox 97 1513 201 1568; baseline -0.019 0"><span class='ocrx_word' id='word_1_127' title='bbox 97 1513 201 1568; x_wconf 90' lang='lat' dir='ltr'><strong>sedent.</strong></span> 
     </span>
    </p>

    <p class='ocr_par' dir='ltr' id='par_1_7' title="bbox 98 1568 942 1866">
     <span class='ocr_line' id='line_1_20' title="bbox 134 1568 942 1650; baseline -0.002 -12"><span class='ocrx_word' id='word_1_128' title='bbox 134 1585 203 1638; x_wconf 81' lang='lat' dir='ltr'><strong>Cum</strong></span> <span class='ocrx_word' id='word_1_129' title='bbox 236 1589 358 1637; x_wconf 86' lang='lat' dir='ltr'><strong>cantatur</strong></span> <span class='ocrx_word' id='word_1_130' title='bbox 386 1598 403 1636; x_wconf 89' lang='lat' dir='ltr'><strong>a</strong></span> <span class='ocrx_word' id='word_1_131' title='bbox 426 1582 508 1637; x_wconf 91' lang='lat' dir='ltr'><strong>choro</strong></span> <span class='ocrx_word' id='word_1_132' title='bbox 535 1582 657 1636; x_wconf 89' lang='lat' dir='ltr'><strong>ultimum</strong></span> <span class='ocrx_word' id='word_1_133' title='bbox 684 1581 771 1650; x_wconf 69' lang='lat' dir='ltr'><strong>Kprtc</strong></span> <span class='ocrx_word' id='word_1_134' title='bbox 800 1582 898 1636; x_wconf 69' lang='lat' dir='ltr'><strong>eleana</strong></span> <span class='ocrx_word' id='word_1_135' title='bbox 932 1568 942 1594; x_wconf 76' lang='lat'><strong>⁴</strong></span> 
     </span>
     <span class='ocr_line' id='line_1_21' title="bbox 99 1652 899 1723; baseline -0.005 -13"><span class='ocrx_word' id='word_1_136' title='bbox 99 1655 222 1710; x_wconf 78' lang='lat' dir='ltr'><strong>solentur</strong></span> <span class='ocrx_word' id='word_1_137' title='bbox 247 1655 384 1723; x_wconf 86' lang='lat' dir='ltr'><strong>Episcopo</strong></span> <span class='ocrx_word' id='word_1_138' title='bbox 413 1669 463 1722; x_wconf 92' lang='lat' dir='ltr'><strong>per</strong></span> <span class='ocrx_word' id='word_1_139' title='bbox 488 1653 656 1708; x_wconf 80' lang='lat' dir='ltr'><strong>assistentem</strong></span> <span class='ocrx_word' id='word_1_140' title='bbox 674 1669 691 1706; x_wconf 88' lang='lat' dir='ltr'><strong>a</strong></span> <span class='ocrx_word' id='word_1_141' title='bbox 709 1652 823 1708; x_wconf 88' lang='lat' dir='ltr'><strong>sinistris</strong></span> <span class='ocrx_word' id='word_1_142' title='bbox 841 1667 899 1720; x_wconf 83' lang='lat' dir='ltr'><strong>gre-</strong></span> 
     </span>
     <span class='ocr_line' id='line_1_22' title="bbox 98 1723 898 1792; baseline -0.008 -11"><span class='ocrx_word' id='word_1_143' title='bbox 98 1727 178 1781; x_wconf 82' lang='lat' dir='ltr'><strong>miale</strong></span> <span class='ocrx_word' id='word_1_144' title='bbox 198 1732 226 1780; x_wconf 92' lang='lat' dir='ltr'><strong>et</strong></span> <span class='ocrx_word' id='word_1_145' title='bbox 243 1727 330 1782; x_wconf 87' lang='lat' dir='ltr'><strong>mitra.</strong></span> <span class='ocrx_word' id='word_1_146' title='bbox 349 1725 438 1779; x_wconf 87' lang='lat' dir='ltr'><strong>Finito</strong></span> <span class='ocrx_word' id='word_1_147' title='bbox 457 1741 474 1778; x_wconf 85' lang='lat' dir='ltr'><strong>a</strong></span> <span class='ocrx_word' id='word_1_148' title='bbox 492 1725 573 1779; x_wconf 89' lang='lat' dir='ltr'><strong>choro</strong></span> <span class='ocrx_word' id='word_1_149' title='bbox 592 1731 672 1778; x_wconf 89' lang='lat' dir='ltr'><strong>cantu</strong></span> <span class='ocrx_word' id='word_1_150' title='bbox 690 1724 776 1792; x_wconf 74' lang='lat' dir='ltr'><strong>Kyrte</strong></span> <span class='ocrx_word' id='word_1_151' title='bbox 794 1723 898 1791; x_wconf 67' lang='lat' dir='ltr'><strong>eleison,</strong></span> 
     </span>
     <span class='ocr_line' id='line_1_23' title="bbox 99 1794 900 1866; baseline -0.006 -13"><span class='ocrx_word' id='word_1_152' title='bbox 99 1799 185 1866; x_wconf 77' lang='lat' dir='ltr'><strong>surgit</strong></span> <span class='ocrx_word' id='word_1_153' title='bbox 193 1797 354 1865; x_wconf 86' lang='lat' dir='ltr'><strong>Episcopus,</strong></span> <span class='ocrx_word' id='word_1_154' title='bbox 374 1803 402 1850; x_wconf 91' lang='lat' dir='ltr'><strong>et</strong></span> <span class='ocrx_word' id='word_1_155' title='bbox 418 1795 486 1850; x_wconf 85' lang='lat' dir='ltr'><strong>facie</strong></span> <span class='ocrx_word' id='word_1_156' title='bbox 504 1811 584 1850; x_wconf 85' lang='lat' dir='ltr'><strong>versa</strong></span> <span class='ocrx_word' id='word_1_157' title='bbox 603 1794 636 1849; x_wconf 90' lang='lat' dir='ltr'><strong>ad</strong></span> <span class='ocrx_word' id='word_1_158' title='bbox 655 1795 748 1863; x_wconf 83' lang='lat' dir='ltr'><strong>altare,</strong></span> <span class='ocrx_word' id='word_1_159' title='bbox 767 1801 900 1848; x_wconf 87' lang='lat' dir='ltr'><strong>cantatex</strong></span> 
     </span>
    </p>
   </div>
   <div class='ocr_carea' id='block_1_7' title="bbox 98 1866 995 1937">
    <p class='ocr_par' dir='ltr' id='par_1_8' title="bbox 98 1866 995 1937">
     <span class='ocr_line' id='line_1_24' title="bbox 98 1866 995 1937; baseline -0.006 -14"><span class='ocrx_word' id='word_1_160' title='bbox 98 1870 177 1937; x_wconf 91' lang='lat' dir='ltr'><strong>libro,</strong></span> <span class='ocrx_word' id='word_1_161' title='bbox 197 1867 244 1936; x_wconf 86' lang='lat' dir='ltr'><strong>qni</strong></span> <span class='ocrx_word' id='word_1_162' title='bbox 258 1867 354 1922; x_wconf 86' lang='lat' dir='ltr'><strong>dicitur</strong></span> <span class='ocrx_word' id='word_1_163' title='bbox 369 1867 471 1934; x_wconf 81' lang='lat' dir='ltr'><strong>Conon,</strong></span> <span class='ocrx_word' id='word_1_164' title='bbox 490 1867 545 1920; x_wconf 85' lang='lat' dir='ltr'><strong>alta</strong></span> <span class='ocrx_word' id='word_1_165' title='bbox 563 1882 629 1922; x_wconf 88' lang='lat' dir='ltr'><strong>voce</strong></span> <span class='ocrx_word' id='word_1_166' title='bbox 645 1866 740 1921; x_wconf 72' lang='lat' dir='ltr'><strong>Gloria</strong></span> <span class='ocrx_word' id='word_1_167' title='bbox 749 1867 780 1919; x_wconf 77' lang='lat' dir='ltr'><strong>ta</strong></span> <span class='ocrx_word' id='word_1_168' title='bbox 791 1867 900 1920; x_wconf 75' lang='lat' dir='ltr'><strong>excelsis</strong></span> <span class='ocrx_word' id='word_1_169' title='bbox 993 1912 995 1918; x_wconf 89' lang='grc'><em>,</em></span> 
     </span>
    </p>
   </div>
   <div class='ocr_carea' id='block_1_8' title="bbox 98 1937 903 2940">
    <p class='ocr_par' dir='ltr' id='par_1_9' title="bbox 98 1937 902 2506">
     <span class='ocr_line' id='line_1_25' title="bbox 98 1937 900 2009; baseline -0.004 -15"><span class='ocrx_word' id='word_1_170' title='bbox 98 1941 168 2009; x_wconf 83' lang='lat' dir='ltr'><strong>Deo,</strong></span> <span class='ocrx_word' id='word_1_171' title='bbox 187 1953 267 2007; x_wconf 88' lang='lat' dir='ltr'><strong>quem</strong></span> <span class='ocrx_word' id='word_1_172' title='bbox 285 1938 458 2007; x_wconf 87' lang='lat' dir='ltr'><strong>prosequitur</strong></span> <span class='ocrx_word' id='word_1_173' title='bbox 475 1938 607 1993; x_wconf 87' lang='lat' dir='ltr'><strong>submissa</strong></span> <span class='ocrx_word' id='word_1_174' title='bbox 622 1954 690 1993; x_wconf 87' lang='lat' dir='ltr'><strong>-voce</strong></span> <span class='ocrx_word' id='word_1_175' title='bbox 709 1953 767 1991; x_wconf 90' lang='lat' dir='ltr'><strong>cum</strong></span> <span class='ocrx_word' id='word_1_176' title='bbox 786 1937 900 1992; x_wconf 90' lang='lat' dir='ltr'><strong>suismi-</strong></span> 
     </span>
     <span class='ocr_line' id='line_1_26' title="bbox 100 2009 901 2077; baseline 0.001 -11"><span class='ocrx_word' id='word_1_177' title='bbox 100 2011 200 2069; x_wconf 79' lang='lat' dir='ltr'><strong>nistris,</strong></span> <span class='ocrx_word' id='word_1_178' title='bbox 237 2010 373 2064; x_wconf 86' lang='lat' dir='ltr'><strong>Diaconus</strong></span> <span class='ocrx_word' id='word_1_179' title='bbox 401 2015 428 2063; x_wconf 91' lang='lat' dir='ltr'><strong>et</strong></span> <span class='ocrx_word' id='word_1_180' title='bbox 451 2009 641 2077; x_wconf 84' lang='lat' dir='ltr'><strong>subdiaconus,</strong></span> <span class='ocrx_word' id='word_1_181' title='bbox 669 2026 701 2064; x_wconf 92' lang='lat' dir='ltr'><strong>ac</strong></span> <span class='ocrx_word' id='word_1_182' title='bbox 724 2009 854 2063; x_wconf 65' lang='lat' dir='ltr'><strong>Praelati‘</strong></span> <span class='ocrx_word' id='word_1_183' title='bbox 873 2016 901 2067; x_wconf 90' lang='lat' dir='ltr'><strong>et</strong></span> 
     </span>
     <span class='ocr_line' id='line_1_27' title="bbox 102 2079 900 2149; baseline -0.004 -13"><span class='ocrx_word' id='word_1_184' title='bbox 102 2082 230 2136; x_wconf 79' lang='lat' dir='ltr'><strong>Canonici</strong></span> <span class='ocrx_word' id='word_1_185' title='bbox 246 2081 274 2134; x_wconf 92' lang='lat' dir='ltr'><strong>in</strong></span> <span class='ocrx_word' id='word_1_186' title='bbox 292 2081 347 2136; x_wconf 89' lang='lat' dir='ltr'><strong>suis</strong></span> <span class='ocrx_word' id='word_1_187' title='bbox 365 2081 431 2134; x_wconf 88' lang='lat' dir='ltr'><strong>locis</strong></span> <span class='ocrx_word' id='word_1_188' title='bbox 448 2080 519 2134; x_wconf 90' lang='lat' dir='ltr'><strong>idem</strong></span> <span class='ocrx_word' id='word_1_189' title='bbox 536 2080 592 2134; x_wconf 90' lang='lat' dir='ltr'><strong>bini</strong></span> <span class='ocrx_word' id='word_1_190' title='bbox 609 2081 687 2135; x_wconf 88' lang='lat' dir='ltr'><strong>simul</strong></span> <span class='ocrx_word' id='word_1_191' title='bbox 705 2079 813 2149; x_wconf 86' lang='lat' dir='ltr'><strong>faciunt,</strong></span> <span class='ocrx_word' id='word_1_192' title='bbox 832 2081 900 2135; x_wconf 89' lang='lat' dir='ltr'><strong>etin</strong></span> 
     </span>
     <span class='ocr_line' id='line_1_28' title="bbox 101 2151 900 2221; baseline -0.003 -13"><span class='ocrx_word' id='word_1_193' title='bbox 101 2153 153 2208; x_wconf 83' lang='lat' dir='ltr'><strong>fine</strong></span> <span class='ocrx_word' id='word_1_194' title='bbox 173 2153 258 2221; x_wconf 90' lang='lat' dir='ltr'><strong>sedet,</strong></span> <span class='ocrx_word' id='word_1_195' title='bbox 277 2158 388 2220; x_wconf 84' lang='lat' dir='ltr'><strong>accepta</strong></span> <span class='ocrx_word' id='word_1_196' title='bbox 404 2152 484 2205; x_wconf 86' lang='lat' dir='ltr'><strong>mitra</strong></span> <span class='ocrx_word' id='word_1_197' title='bbox 497 2151 610 2219; x_wconf 90' lang='lat' dir='ltr'><strong>simplici</strong></span> <span class='ocrx_word' id='word_1_198' title='bbox 623 2158 651 2205; x_wconf 88' lang='lat' dir='ltr'><strong>et</strong></span> <span class='ocrx_word' id='word_1_199' title='bbox 665 2152 792 2220; x_wconf 79' lang='lat' dir='ltr'><strong>gremiali.</strong></span> <span class='ocrx_word' id='word_1_200' title='bbox 810 2151 900 2206; x_wconf 85' lang='lat' dir='ltr'><strong>Finito</strong></span> 
     </span>
     <span class='ocr_line' id='line_1_29' title="bbox 102 2222 901 2294; baseline -0.004 -16"><span class='ocrx_word' id='word_1_201' title='bbox 102 2225 207 2294; x_wconf 81' lang='lat' dir='ltr'><strong>Hymno</strong></span> <span class='ocrx_word' id='word_1_202' title='bbox 226 2223 312 2291; x_wconf 82' lang='lat' dir='ltr'><strong>surgit</strong></span> <span class='ocrx_word' id='word_1_203' title='bbox 321 2223 480 2292; x_wconf 88' lang='lat' dir='ltr'><strong>Episcopus,</strong></span> <span class='ocrx_word' id='word_1_204' title='bbox 499 2222 623 2291; x_wconf 82' lang='lat' dir='ltr'><strong>deposita</strong></span> <span class='ocrx_word' id='word_1_205' title='bbox 640 2225 719 2277; x_wconf 87' lang='lat' dir='ltr'><strong>mitra</strong></span> <span class='ocrx_word' id='word_1_206' title='bbox 733 2229 760 2276; x_wconf 90' lang='lat' dir='ltr'><strong>et</strong></span> <span class='ocrx_word' id='word_1_207' title='bbox 772 2223 901 2290; x_wconf 81' lang='lat' dir='ltr'><strong>gremiali,</strong></span> 
     </span>
     <span class='ocr_line' id='line_1_30' title="bbox 100 2293 902 2362; baseline -0.005 -12"><span class='ocrx_word' id='word_1_208' title='bbox 100 2304 130 2350; x_wconf 88' lang='lat' dir='ltr'><strong>et</strong></span> <span class='ocrx_word' id='word_1_209' title='bbox 147 2302 222 2350; x_wconf 84' lang='lat' dir='ltr'><strong>stans</strong></span> <span class='ocrx_word' id='word_1_210' title='bbox 240 2309 335 2348; x_wconf 87' lang='lat' dir='ltr'><strong>versus</strong></span> <span class='ocrx_word' id='word_1_211' title='bbox 359 2295 488 2362; x_wconf 87' lang='lat' dir='ltr'><strong>populum</strong></span> <span class='ocrx_word' id='word_1_212' title='bbox 507 2300 597 2348; x_wconf 88' lang='lat' dir='ltr'><strong>cantat</strong></span> <span class='ocrx_word' id='word_1_213' title='bbox 622 2294 685 2347; x_wconf 76' lang='lat' dir='ltr'><strong>Pan</strong></span> <span class='ocrx_word' id='word_1_214' title='bbox 703 2293 792 2361; x_wconf 56' lang='lat' dir='ltr'><strong>vota·</strong></span> <span class='ocrx_word' id='word_1_215' title='bbox 817 2300 851 2362; x_wconf 90' lang='lat' dir='ltr'><strong>et,</strong></span> <span class='ocrx_word' id='word_1_216' title='bbox 878 2295 902 2348; x_wconf 89' lang='lat' dir='ltr'><strong>si</strong></span> 
     </span>
     <span class='ocr_line' id='line_1_31' title="bbox 103 2364 902 2433; baseline -0.004 -12"><span class='ocrx_word' id='word_1_217' title='bbox 103 2367 200 2421; x_wconf 65' lang='lat' dir='ltr'><strong>Gloria</strong></span> <span class='ocrx_word' id='word_1_218' title='bbox 217 2367 248 2418; x_wconf 79' lang='lat' dir='ltr'><strong>in</strong></span> <span class='ocrx_word' id='word_1_219' title='bbox 266 2366 375 2419; x_wconf 68' lang='lat' dir='ltr'><strong>excelsa</strong></span> <span class='ocrx_word' id='word_1_220' title='bbox 388 2365 515 2419; x_wconf 91' lang='lat' dir='ltr'><strong>omissum</strong></span> <span class='ocrx_word' id='word_1_221' title='bbox 528 2364 586 2433; x_wconf 87' lang='lat' dir='ltr'><strong>fuit,</strong></span> <span class='ocrx_word' id='word_1_222' title='bbox 604 2365 740 2418; x_wconf 77' lang='lat' dir='ltr'><strong>Dominus</strong></span> <span class='ocrx_word' id='word_1_223' title='bbox 752 2365 902 2432; x_wconf 62' lang='lat' dir='ltr'><strong>bebriacum</strong></span> 
     </span>
     <span class='ocr_line' id='line_1_32' title="bbox 103 2429 741 2506; baseline -0.003 -15"><span class='ocrx_word' id='word_1_224' title='bbox 103 2437 199 2492; x_wconf 89' lang='lat' dir='ltr'><strong>deinde</strong></span> <span class='ocrx_word' id='word_1_225' title='bbox 218 2451 364 2492; x_wconf 86' lang='lat' dir='ltr'><strong>conversus</strong></span> <span class='ocrx_word' id='word_1_226' title='bbox 383 2436 417 2490; x_wconf 93' lang='lat' dir='ltr'><strong>ad</strong></span> <span class='ocrx_word' id='word_1_227' title='bbox 436 2436 528 2506; x_wconf 85' lang='lat' dir='ltr'><strong>altare,</strong></span> <span class='ocrx_word' id='word_1_228' title='bbox 548 2435 710 2490; x_wconf 89' lang='lat' dir='ltr'><strong>Orationem.</strong></span> <span class='ocrx_word' id='word_1_229' title='bbox 738 2429 741 2446; x_wconf 88' lang='grc'><strong>’</strong></span> 
     </span>
    </p>

    <p class='ocr_par' dir='ltr' id='par_1_10' title="bbox 102 2506 903 2862">
     <span class='ocr_line' id='line_1_33' title="bbox 140 2506 902 2576; baseline -0.003 -14"><span class='ocrx_word' id='word_1_230' title='bbox 140 2507 269 2562; x_wconf 87' lang='lat' dir='ltr'><strong>Oratione</strong></span> <span class='ocrx_word' id='word_1_231' title='bbox 282 2507 358 2562; x_wconf 88' lang='lat' dir='ltr'><strong>finita</strong></span> <span class='ocrx_word' id='word_1_232' title='bbox 371 2506 448 2562; x_wconf 89' lang='lat' dir='ltr'><strong>sedet</strong></span> <span class='ocrx_word' id='word_1_233' title='bbox 460 2508 620 2576; x_wconf 88' lang='lat' dir='ltr'><strong>Episcopus,</strong></span> <span class='ocrx_word' id='word_1_234' title='bbox 640 2507 786 2575; x_wconf 86' lang='lat' dir='ltr'><strong>accipitque</strong></span> <span class='ocrx_word' id='word_1_235' title='bbox 795 2506 902 2561; x_wconf 88' lang='lat' dir='ltr'><strong>mitram</strong></span> 
     </span>
     <span class='ocr_line' id='line_1_34' title="bbox 102 2577 901 2648; baseline -0.004 -14"><span class='ocrx_word' id='word_1_236' title='bbox 102 2585 131 2634; x_wconf 83' lang='lat' dir='ltr'><strong>et</strong></span> <span class='ocrx_word' id='word_1_237' title='bbox 149 2579 293 2648; x_wconf 80' lang='lat' dir='ltr'><strong>gremiale;</strong></span> <span class='ocrx_word' id='word_1_238' title='bbox 319 2578 496 2633; x_wconf 86' lang='lat' dir='ltr'><strong>subdiaconus</strong></span> <span class='ocrx_word' id='word_1_239' title='bbox 522 2577 599 2632; x_wconf 84' lang='lat' dir='ltr'><strong>lactis</strong></span> <span class='ocrx_word' id='word_1_240' title='bbox 623 2577 719 2632; x_wconf 91' lang='lat' dir='ltr'><strong>debitis</strong></span> <span class='ocrx_word' id='word_1_241' title='bbox 741 2578 901 2632; x_wconf 87' lang='lat' dir='ltr'><strong>reverentiis</strong></span> 
     </span>
     <span class='ocr_line' id='line_1_35' title="bbox 103 2647 901 2719; baseline -0.003 -15"><span class='ocrx_word' id='word_1_242' title='bbox 103 2651 182 2704; x_wconf 87' lang='lat' dir='ltr'><strong>altari</strong></span> <span class='ocrx_word' id='word_1_243' title='bbox 200 2657 228 2704; x_wconf 89' lang='lat' dir='ltr'><strong>et</strong></span> <span class='ocrx_word' id='word_1_244' title='bbox 244 2651 390 2719; x_wconf 88' lang='lat' dir='ltr'><strong>Episcopo,</strong></span> <span class='ocrx_word' id='word_1_245' title='bbox 410 2656 499 2704; x_wconf 88' lang='lat' dir='ltr'><strong>cantat</strong></span> <span class='ocrx_word' id='word_1_246' title='bbox 511 2647 678 2717; x_wconf 87' lang='lat' dir='ltr'><strong>Epistolam;</strong></span> <span class='ocrx_word' id='word_1_247' title='bbox 696 2665 749 2716; x_wconf 86' lang='lat' dir='ltr'><strong>qua</strong></span> <span class='ocrx_word' id='word_1_248' title='bbox 766 2648 841 2703; x_wconf 89' lang='lat' dir='ltr'><strong>finita</strong></span> <span class='ocrx_word' id='word_1_249' title='bbox 859 2665 901 2702; x_wconf 89' lang='lat' dir='ltr'><strong>os·</strong></span> 
     </span>
     <span class='ocr_line' id='line_1_36' title="bbox 102 2720 903 2788; baseline -0.004 -13"><span class='ocrx_word' id='word_1_250' title='bbox 102 2722 208 2776; x_wconf 79' lang='lat' dir='ltr'><strong>celatur</strong></span> <span class='ocrx_word' id='word_1_251' title='bbox 224 2737 331 2775; x_wconf 89' lang='lat' dir='ltr'><strong>manum</strong></span> <span class='ocrx_word' id='word_1_252' title='bbox 350 2721 487 2775; x_wconf 85' lang='lat' dir='ltr'><strong>dexteram</strong></span> <span class='ocrx_word' id='word_1_253' title='bbox 499 2721 637 2788; x_wconf 88' lang='lat' dir='ltr'><strong>Episcopi,</strong></span> <span class='ocrx_word' id='word_1_254' title='bbox 656 2726 684 2774; x_wconf 89' lang='lat' dir='ltr'><strong>et</strong></span> <span class='ocrx_word' id='word_1_255' title='bbox 697 2720 731 2774; x_wconf 90' lang='lat' dir='ltr'><strong>ab</strong></span> <span class='ocrx_word' id='word_1_256' title='bbox 745 2735 778 2774; x_wconf 90' lang='lat' dir='ltr'><strong>eo</strong></span> <span class='ocrx_word' id='word_1_257' title='bbox 792 2726 903 2787; x_wconf 88' lang='lat' dir='ltr'><strong>accepta</strong></span> 
     </span>
     <span class='ocr_line' id='line_1_37' title="bbox 102 2789 800 2862; baseline -0.003 -16"><span class='ocrx_word' id='word_1_258' title='bbox 102 2792 296 2862; x_wconf 88' lang='lat' dir='ltr'><strong>benedictione,</strong></span> <span class='ocrx_word' id='word_1_259' title='bbox 314 2792 385 2847; x_wconf 90' lang='lat' dir='ltr'><strong>redit</strong></span> <span class='ocrx_word' id='word_1_260' title='bbox 403 2791 437 2845; x_wconf 91' lang='lat' dir='ltr'><strong>ad</strong></span> <span class='ocrx_word' id='word_1_261' title='bbox 455 2792 542 2846; x_wconf 91' lang='lat' dir='ltr'><strong>locum</strong></span> <span class='ocrx_word' id='word_1_262' title='bbox 561 2807 637 2845; x_wconf 90' lang='lat' dir='ltr'><strong>snum</strong></span> <span class='ocrx_word' id='word_1_263' title='bbox 656 2789 690 2844; x_wconf 90' lang='lat' dir='ltr'><strong>ad</strong></span> <span class='ocrx_word' id='word_1_264' title='bbox 708 2790 800 2844; x_wconf 88' lang='lat' dir='ltr'><strong>altare.</strong></span> 
     </span>
    </p>

    <p class='ocr_par' dir='ltr' id='par_1_11' title="bbox 139 2861 902 2940">
     <span class='ocr_line' id='line_1_38' title="bbox 139 2861 902 2940; baseline -0.003 -23"><span class='ocrx_word' id='word_1_265' title='bbox 139 2863 267 2940; x_wconf 76' lang='lat' dir='ltr'><strong>osculata</strong></span> <span class='ocrx_word' id='word_1_266' title='bbox 283 2879 364 2919; x_wconf 86' lang='lat' dir='ltr'><strong>mann</strong></span> <span class='ocrx_word' id='word_1_267' title='bbox 375 2864 503 2933; x_wconf 90' lang='lat' dir='ltr'><strong>Episcopi</strong></span> <span class='ocrx_word' id='word_1_268' title='bbox 516 2877 565 2932; x_wconf 86' lang='lat' dir='ltr'><strong>per</strong></span> <span class='ocrx_word' id='word_1_269' title='bbox 578 2861 777 2931; x_wconf 81' lang='lat' dir='ltr'><strong>subdiaconum,</strong></span> <span class='ocrx_word' id='word_1_270' title='bbox 790 2861 902 2930; x_wconf 88' lang='lat' dir='ltr'><strong>Episco-</strong></span> 
     </span>
    </p>
   </div>
   <div class='ocr_carea' id='block_1_9' title="bbox 0 0 1074 3230">
    <p class='ocr_par' dir='ltr' id='par_1_12' title="bbox 0 0 1074 3230">
     <span class='ocr_line' id='line_1_39' title="bbox 0 0 1074 3230; baseline 0 0"><span class='ocrx_word' id='word_1_271' title='bbox 0 0 1074 3230; x_wconf 95' lang='lat' dir='ltr'><strong> </strong></span> 
     </span>
    </p>
   </div>
  </div>
 </body>
</html>
