2124 3230
156 159 198 204 818
325 161 357 202 De
370 161 517 201 celebrstlone
531 160 567 204 88.
580 160 663 200 ilium
676 159 786 200 nmidcii.

156 263 381 332 commemoratio,
399 263 464 318 item
479 263 508 317 in
526 261 653 318 Oratione
671 277 721 331 pro
739 261 822 331 Papa,
847 259 956 329 quando

156 335 317 404 nominatur,
336 348 442 402 semper
459 340 540 404 caput
556 334 674 402 inclinat,
691 349 745 387 non
758 340 848 388 umen
860 347 956 388 semus

157 422 272 464 crucem

156 517 159 520 -
194 478 224 532 Si
241 479 332 547 plures
350 475 493 532 Orationes
512 476 565 531 sint
583 474 719 543 dicendae,
737 474 809 530 idem
826 475 854 529 in
872 475 912 530 eis
924 475 954 528 in

155 565 234 618 soce,
252 550 280 604 in
299 548 455 604 extensione
473 563 599 602 manuum
617 555 645 602 et
662 547 757 614 capitis
774 546 955 616 inclinatione,

158 620 230 689 quod
248 637 331 689 snpra
348 620 514 688 dictumest,
533 619 700 673 observatur.

194 693 226 746 In
244 699 359 760 quatuor
375 690 541 758 temporibus
558 689 603 743 vel
616 690 691 757 alias,
709 688 816 756 quaudo
826 687 955 743 dicendae

159 771 222 822 sunt
239 764 330 832 plures
348 761 490 817 Orationes
508 777 569 816 cum
586 761 748 830 Prophetiis,
773 759 843 814 dicto
867 759 955 829 Kyric

158 836 257 890 cleison
273 835 302 888 in
318 833 406 888 medio
425 833 525 901 altaris,
543 833 687 886 revertitur
705 831 740 886 ad
751 847 835 886 cornu
845 831 955 899 Episto-

157 907 209 975 lne,
227 906 275 959 ubi
293 911 367 960 stans
381 912 443 958 ante
460 905 566 972 librum,
590 903 707 958 emensis
731 910 758 957 et
775 902 872 957 iunctis
890 907 954 958 ante

157 985 252 1046 pectus
270 976 400 1044 manibus,
419 984 447 1030 et
464 982 545 1044 caput
562 976 635 1028 ornei
651 974 782 1030 inclinans
800 973 878 1029 dicit:
892 972 955 1028 Ore·

156 1064 233 1115 mus;
247 1047 386 1114 flectamus
401 1063 506 1116 petua,
524 1046 630 1100 stillico
639 1045 761 1100 manibus
774 1060 856 1113 super
869 1045 955 1100 altare

159 1119 285 1186 extensis,
304 1125 334 1172 ut
351 1132 382 1173 se
399 1119 486 1186 ipsum
504 1117 540 1172 ad
557 1117 642 1172 altare
660 1117 804 1184 sustineat,
832 1115 951 1184 genufle-

158 1190 214 1258 ctit,
233 1196 261 1243 et
278 1189 335 1244 sine
348 1204 424 1244 mora
436 1204 557 1257 surgens,
576 1187 669 1242 eedem
686 1203 754 1242 voce
773 1188 894 1242 ministro
912 1202 954 1242 re·

158 1259 307 1330 spondente
325 1260 432 1327 Leonte,
450 1261 573 1314 manibus
591 1259 709 1314 extensis
727 1258 791 1312 dicit
799 1258 955 1314 Orationem

158 1339 189 1386 ut
206 1347 296 1401 supra,
316 1339 343 1386 et
360 1331 388 1386 in
406 1331 575 1386 conclusione
594 1346 641 1386 eas
657 1330 751 1398 iungit.
775 1330 847 1384 Dum
865 1337 956 1386 antem

157 1404 223 1472 legit
234 1403 404 1472 Prophetias,
422 1410 498 1457 tenet
509 1418 602 1456 manus
616 1417 698 1469 super
708 1401 805 1456 librum
813 1401 858 1456 vel
869 1402 956 1457 altare

157 1475 269 1544 positas,
286 1482 317 1528 nt
334 1490 397 1529 mox
415 1473 518 1528 dicetur
535 1473 569 1528 de
586 1473 718 1541 Epistola

195 1549 220 1604 6.
239 1547 286 1602 De
304 1545 477 1615 Epistola,
497 1543 670 1599 Ornduali
689 1550 722 1598 et
747 1542 826 1598 aliis
843 1557 957 1612 usque

159 1618 199 1673 ad
224 1617 466 1672 Ofiertorium.
503 1615 589 1672 Dictis
613 1615 783 1670 Orationibus
808 1613 957 1684 celebrans,

157 1690 253 1759 positis
271 1703 353 1757 snper
370 1689 475 1758 librum,
494 1689 538 1742 vel
555 1701 637 1754 super
655 1687 739 1741 altare
757 1685 887 1754 manibus,
917 1686 959 1740 ite
1060 1689 1061 1692 ’

158 1767 189 1816 nt
206 1762 311 1830 palmae
329 1760 425 1814 librum
442 1765 563 1828 tangent,
579 1758 625 1812 vel
643 1758 683 1826 (ut
699 1757 839 1827 placuerit)
858 1757 957 1811 librum

157 1838 261 1902 tenens,
279 1831 345 1899 legit
361 1831 512 1900 Epistolnm
528 1829 688 1898 intelligibili
704 1841 779 1896 voce,
799 1834 827 1882 et
843 1843 957 1897 respon·

159 1902 238 1957 detur
262 1918 279 1956 a
305 1903 426 1957 ministro
449 1902 511 1956 Deo
535 1902 655 1971 φαιίαις
685 1907 713 1954 ct
738 1899 860 1954 similiter
883 1907 959 1956 stans

159 1972 255 2028 eodem
272 1973 352 2028 modo
371 1974 543 2041 prosequitur
552 1971 828 2040 Gradnnie,Alleluiu,
847 1978 876 2026 et
888 1971 957 2026 Tra·

159 2051 231 2102 aum
249 2060 280 2098 ac
299 2044 478 2113 Sequentiem,
497 2045 520 2098 si
539 2043 652 2098 dicenda
669 2043 729 2098 sint

194 2115 296 2184 Quibus
315 2115 392 2170 dictis
410 2115 545 2184 sacerdos,
566 2115 727 2183 siprivatim
740 2112 866 2180 celebret,
884 2112 958 2181 ipse-

158 2194 221 2255 met,
240 2202 289 2241 seu
302 2187 422 2241 minister
439 2193 530 2256 portat
547 2186 644 2240 librum
654 2185 774 2241 Musebs
792 2183 826 2238 ad
845 2184 959 2239 alteram

159 2265 263 2328 partem
282 2258 374 2312 aliems
391 2259 420 2311 in
438 2275 520 2312 cornu
545 2257 694 2326 Evangelii,
722 2263 750 2312 et
775 2254 838 2309 dum
860 2255 960 2310 transit

158 2336 221 2384 ante
239 2328 355 2382 medium
366 2329 466 2398 altaris,
485 2336 566 2398 capnt
584 2329 656 2383 cruci
668 2327 786 2394 inclinat,
805 2333 832 2380 et
845 2325 959 2382 Missale

159 2401 198 2456 sie
207 2400 286 2469 locat,
300 2406 330 2454 ut
343 2401 479 2468 posterior
486 2417 550 2470 pars
562 2399 624 2453 libri
637 2399 764 2468 respiciat
775 2399 864 2466 ipsum
874 2413 961 2452 eornn

159 2471 259 2540 alteris
288 2477 315 2525 et
339 2486 394 2525 non
420 2471 455 2526 ad
478 2473 617 2541 parietem,
643 2470 700 2526 sive
723 2469 758 2524 ad
775 2476 881 2538 partem
899 2469 959 2524 eius

159 2549 253 2598 conus
271 2557 300 2598 se
319 2541 455 2598 directam.
474 2543 576 2598 Locato
594 2541 699 2598 Missali
722 2542 751 2596 in
775 2539 861 2610 altari,
889 2540 960 2595 cele-

158 2613 241 2668 brans
258 2613 328 2667 redit
346 2613 381 2667 ad
398 2613 514 2668 medium
533 2612 635 2682 altaris,
659 2613 749 2681 ibique
767 2618 841 2666 stans
859 2611 959 2668 iunctis

159 2684 281 2739 manibus
306 2692 367 2738 ante
390 2693 497 2754 pectus,
522 2685 672 2754 levatisque
697 2683 733 2738 ad
759 2683 848 2738 Deum
872 2681 959 2740 oculis

160 2754 275 2824 (crucem
293 2755 455 2823 aspiciendo,
475 2755 503 2812 S.
520 2755 553 2810 R.
573 2756 602 2814 O.
620 2755 740 2810 satulli
758 2754 846 2824 1848.)
866 2761 961 2810 etsta·

158 2825 206 2880 tim
223 2825 353 2896 demissis,
371 2832 428 2881 tum
444 2825 577 2896 profunde
592 2826 735 2882 inclinatus
755 2825 819 2882 dicit
836 2831 957 2882 secreto:
