2098 3222
188 173 315 214 Benedictio
329 173 532 223 scopulorum
546 173 571 218 V.
588 174 614 214 ds
627 177 701 216 monte
715 176 824 216 (iurmelc.
864 173 906 217 8⁰9

149 276 180 330 V.
199 275 368 338 Adiutorium
385 282 506 332 nostrum
525 277 554 330 in
571 279 677 332 nomine
695 277 811 350 Domini,
830 285 880 335 eto.

148 347 180 403 V.
199 345 239 401 Sit
256 362 353 402 nomen
369 347 476 402 Domini
493 347 671 418 benedictum,
689 357 741 404 etc.

148 418 178 472 V.
197 418 319 488 Domine,
338 418 435 473 exandi
453 420 602 474 orationem
619 435 713 490 meum,
732 425 783 478 etc.

148 488 180 544 V.
197 488 327 545 Dominus
346 490 491 560 vobiscum,
511 497 563 547 eto.

145 576 264 633 Dromos.
288 579 404 634 Aeterne
422 579 504 634 Peter
522 586 550 634 et
568 580 735 648 omnipotens
756 579 840 648 Deus,
859 581 905 648 qui

106 648 279 718 Unigenitum
290 657 366 704 tuum
375 657 477 706 vestem
491 657 599 706 nostroe
608 651 779 706 mortalitatis
793 650 904 706 induere

106 721 231 789 voluisti3
257 721 427 778 obsecremus
444 723 601 776 immensam
624 729 687 777 tues
705 722 836 791 largitatis
858 723 904 777 be·
979 747 983 756 ·

106 791 304 858 ne†dictionem
320 794 348 846 in
366 793 418 848 hoc
431 808 516 862 genus
530 793 638 848 effluere
652 793 812 862 vestimenti,
831 793 904 861 quod

107 864 193 918 sancti
210 863 305 919 Patues
324 864 359 919 ed
376 864 544 920 innocentiae
562 871 591 919 et
608 865 764 919 humilitatis
777 863 903 919 iudicium

107 935 354 990 arcnuntiantibus
379 937 486 991 saeculo
511 935 611 1012 gestesi
637 943 790 1005 sonnerunt,
815 943 842 990 et
866 937 905 990 sic

106 1005 116 1058 i
136 1021 195 1060 sum
211 1005 388 1072 bene†dicere
407 1006 532 1076 digneris,
556 1013 587 1061 ut
605 1008 762 1075 quicumque
789 1021 821 1062 eo
839 1023 905 1062 usus

137 1077 196 1145 erit,
220 1076 331 1132 induero
348 1087 483 1133 mereatur
504 1078 592 1146 ipsum
616 1079 759 1134 Dominum
784 1084 904 1132 nostrum

108 1147 203 1202 Jesum
221 1147 363 1217 Christum,
381 1149 479 1202 Filium
496 1155 579 1218 tuum,
605 1150 650 1218 qui
675 1159 764 1205 tecum
792 1150 859 1203 vivit
877 1156 905 1203 et

109 1223 205 1286 regnet
222 1218 250 1271 in
268 1220 370 1273 unitate
389 1219 504 1288 Spiritus
523 1221 607 1274 suncti
629 1221 712 1291 Deus,
737 1235 788 1290 per
815 1220 906 1275 omnio

110 1288 218 1344 saecula
236 1289 411 1344 saeculorum.
430 1319 464 1330 -
483 1289 518 1344 R.
536 1291 630 1344 Amen.
684 1297 686 1304 ⁴

148 1369 266 1427 memus.
285 1369 446 1440 Suppliciter
463 1379 499 1441 te,
517 1372 639 1442 Domine,
657 1388 791 1442 rogamus,
813 1379 843 1428 ut
860 1389 904 1428 su·

109 1455 160 1508 per
177 1441 248 1496 hunc
264 1441 384 1497 habitum
408 1458 486 1498 servo
509 1450 556 1497 tuo
582 1443 705 1512 (famulae
723 1443 796 1514 tuae)
820 1445 904 1512 impo-

112 1511 236 1579 nendum,
254 1512 424 1581 bene†dictio
442 1521 490 1569 tue
507 1513 622 1582 benigna
640 1514 791 1583 descendat,
815 1522 847 1568 ut
870 1516 906 1569 sit

112 1581 295 1654 bene†diotns,
324 1592 403 1653 atquc
422 1585 512 1639 divine
534 1586 632 1656 virtute
657 1586 750 1654 procul
772 1585 905 1654 pelluntur

111 1653 231 1708 hostium
247 1661 400 1716 nostrorum
413 1656 555 1712 visibilium
568 1663 595 1712 et
612 1657 783 1712 invisibilium
791 1655 847 1711 tela
858 1671 904 1710 ne-

111 1725 246 1792 quissimo.
263 1755 297 1768 -
316 1727 351 1782 R.
368 1728 462 1782 Amen.
558 1793 562 1802 .

145 1807 281 1932 {ispergm
306 1810 426 1865 habitum
450 1825 524 1880 aquo
547 1809 693 1878 benedicta,
716 1813 742 1863 et
767 1809 907 1878 imponens

107 1877 140 1946 ei,
178 1881 248 1933 icat:

145 1950 254 2020 Accipe,
270 1950 312 2006 vir
335 1949 431 2006 devote
451 1951 555 2021 (mulier
568 1951 684 2022 devota),
701 1951 773 2005 huno
784 1950 905 2006 habitum

109 2019 288 2092 benedictum,
305 2037 419 2092 precans
437 2023 629 2079 sanctissimum
639 2023 785 2093 Virginem,
803 2029 834 2076 ut
847 2021 905 2076 eins

109 2093 212 2147 meritis
230 2093 304 2148 illum
321 2093 442 2162 perferas
460 2094 518 2149 sine
536 2094 648 2164 mocula,
674 2103 701 2150 et
726 2101 753 2148 te
779 2093 812 2147 eb
833 2092 904 2147 omni

108 2162 276 2290 adversitas}
284 2163 417 2290 dffldot,
435 2173 516 2234 atque
530 2165 565 2219 ad
578 2167 660 2220 vitum
673 2164 803 2235 perducet
817 2170 903 2218 oeter-

106 2250 177 2292 num.
195 2265 229 2276 -
277 2277 283 2289 .
354 2251 396 2291 en.

141 2317 255 2390 Adesto,
273 2319 396 2390 Domine,
415 2321 653 2390 supplicationibus
666 2320 774 2389 nostris,
793 2325 820 2374 et
832 2318 904 2372 hunc

105 2389 334 2460 sammonicum,
360 2407 439 2459 quem
466 2393 544 2462 (hunc
561 2392 688 2448 femmam
704 2399 786 2460 tuam,
805 2392 903 2461 quum),

106 2468 215 2518 nostrus
234 2477 327 2518 sacrae
344 2463 477 2532 Religioni
505 2463 558 2533 (vel
576 2479 668 2520 scenae
687 2462 820 2531 Religioni
839 2461 903 2518 Cor·

107 2532 266 2604 moliturum)
285 2534 425 2604 sociamus,
448 2542 581 2603 perpetue
598 2535 684 2590 tribue
702 2532 826 2588 firmitate
846 2550 903 2587 cor-

106 2602 238 2674 roborari,
256 2611 287 2660 ut
304 2606 489 2674 perseveranti
505 2606 655 2676 proposito,
672 2606 701 2660 in
718 2605 789 2660 omni
807 2604 903 2660 sancti·

107 2679 163 2730 tate
180 2674 230 2728 tibi
247 2675 336 2732 voleat
353 2675 484 2732 iummmi.

142 2756 267 2828 Protege,
284 2758 407 2830 Domine,
430 2759 557 2817 famulum
574 2767 650 2816 tuum
667 2758 802 2830 (famulum
819 2757 902 2826 tuan)

108 2826 235 2885 subsidiis
253 2829 335 2901 pacis,
361 2838 389 2886 et
411 2830 508 2886 beutao
533 2831 637 2888 Murice
662 2846 769 2900 semper
785 2829 903 2898 Virginis
