2124 3230
381 176 413 216 De
426 175 500 216 maen
514 175 599 218 votivis.
848 171 889 216 att

86 277 183 346 Neque
200 275 271 344 licet,
289 275 332 332 his
350 274 443 332 diebus
462 276 581 346 exceptis
598 275 699 330 Missae
721 275 775 330 diei
793 276 884 332 amun-

84 363 150 418 gere
176 348 325 402 orationem
350 363 398 401 seu
425 347 702 402 commemorationem
725 346 787 402 festi
811 347 884 416 quod

85 418 256 475 transfertur.
276 418 316 485 (S.
329 417 364 472 R.
380 418 408 473 0.
424 422 464 476 16.
479 419 568 487 April.
587 419 677 485 1853.)
697 445 731 458 -
749 419 781 471 Ιιι
799 420 882 473 eccle·

83 492 141 560 siis,
158 491 188 544 in
206 489 302 557 quibus
319 505 375 542 aaa
394 490 467 558 viget
482 490 608 558 obligatio
628 488 760 543 cantandi
772 489 884 544 Missam

5 623 7 676 i
84 561 348 690 scateam
364 559 885 700 sazau

5 689 6 698 t
177 673 184 702 i
339 673 346 699 5
780 671 787 699 l

79 706 164 774 prior
181 702 313 758 celebrari
331 702 419 770 debet,
437 673 554 772 ieqatar’;
572 703 658 758 altera
674 717 749 772 vero,
768 717 817 757 seu
836 719 884 771 po·

5 811 7 856 l
83 776 192 842 sterior,
216 789 285 842 quae
304 773 337 828 de
355 773 425 828 festo
444 773 629 830 transferendo
648 773 806 843 celebratur,
831 789 886 828 om·

82 848 149 901 nino
169 844 303 900 cantanda
322 853 349 900 et
367 846 478 900 solemni
491 845 570 900 modo
595 844 756 900 celebranda
774 851 825 902 est.
846 844 887 912 (S.

84 918 121 973 R.
137 917 168 972 0.
181 919 226 972 17.
239 917 311 985 Aaq.
324 919 402 970 1709.
422 923 447 970 et
464 917 692 985 29.Jma.1752.)
727 915 810 972 Secus
828 931 889 971 eam

85 989 228 1044 celebrare
244 1003 299 1042 non
315 987 386 1042 licet.

125 1063 151 1114 7.
171 1059 225 1114 Ubi
242 1058 357 1112 habetur
374 1057 525 1125 Iadaltam,
543 1064 573 1112 ut
591 1057 624 1112 de
640 1059 717 1126 feste,
747 1057 819 1127 quod
837 1074 887 1128 pro

83 1131 150 1199 soro
169 1130 328 1198 abrogatum
345 1136 394 1200 est,
414 1145 446 1183 eo
466 1128 523 1198 die,
551 1144 604 1197 quo
623 1130 750 1199 occmrit,
777 1137 889 1184 externa

87 1203 182 1270 aliqua
209 1201 376 1256 solemnitate
403 1199 533 1254 celebrari
554 1201 661 1269 nequit,
685 1201 833 1256 Domiaica
849 1217 888 1256 se·

89 1275 198 1342 quenti,
224 1271 294 1327 festo
313 1272 432 1339 aequalis
451 1271 494 1325 vel
512 1259 621 1326 maioris
646 1272 714 1326 ritus
732 1288 786 1326 non
804 1273 887 1342 impe·

87 1345 155 1412 dite,
182 1343 270 1398 Missa
286 1357 340 1396 una
358 1343 484 1397 solemnis
502 1349 632 1412 cantetur,
661 1343 729 1398 haec
747 1343 834 1398 Missa
851 1343 886 1398 ed

83 1417 174 1471 instar
197 1415 299 1469 Missae
323 1415 427 1468 votivae
444 1413 569 1468 solemnis
592 1413 625 1467 de
652 1414 698 1468 illo
722 1413 792 1469 festo
818 1415 886 1470 cele·

86 1485 193 1542 branda
217 1493 267 1541 est.
303 1486 340 1540 Et
363 1485 391 1538 in
416 1485 535 1540 ecelesiis
558 1484 666 1552 quidem
691 1485 888 1540 cathedralibus

87 1565 116 1613 et
134 1557 284 1625 collegiatis
309 1557 389 1610 etiam
407 1556 493 1610 Missa
519 1555 552 1610 de
577 1555 620 1609 die
645 1556 689 1609 vel
706 1555 776 1610 festo
796 1571 888 1610 occur·

84 1636 165 1684 rente
184 1628 287 1682 cantari
311 1635 357 1682 aut
382 1627 476 1682 saltem
498 1627 552 1696 legi
571 1625 665 1694 debet3
690 1627 718 1679 in
745 1625 803 1682 aliis
821 1641 887 1680 vero

89 1700 210 1756 ecclesiis
222 1699 274 1754 hoc
287 1715 341 1752 non
353 1699 530 1768 praecipitum
549 1704 667 1752 attamen
680 1697 704 1752 si
717 1697 745 1750 in
757 1697 791 1752 iis
803 1695 889 1752 Missa

87 1771 122 1826 de
143 1771 187 1824 die
206 1770 249 1824 vel
266 1769 336 1824 festo
355 1776 511 1824 occurrente
529 1784 585 1822 aaa
603 1767 760 1837 celebretur,
780 1774 842 1822 tunc
860 1767 889 1822 in

89 1842 232 1912 praedicta
244 1841 330 1896 Missa
343 1841 455 1896 solemni
474 1839 507 1894 de
522 1839 591 1896 festo
605 1840 735 1894 translato
750 1838 889 1893 addendae

86 1919 151 1969 suut
164 1913 428 1970 commemorationes
438 1911 501 1966 festi
513 1910 677 1966 occurrentis
688 1917 715 1966 et
723 1910 889 1966 Dominicae.

90 1985 136 2053 (S.
148 1985 185 2038 R.
201 1983 230 2038 0.
244 1987 290 2042 22.
303 1984 359 2038 Jal.
373 1985 465 2050 1848.)

125 2058 151 2110 Β.
176 2055 278 2110 Missae
298 2055 404 2109 votivae
423 2055 590 2122 Sanctorum,
614 2052 659 2106 vel
684 2052 763 2108 etiam
788 2053 889 2122 Myste-

89 2128 199 2196 riorum,
226 2127 274 2180 sub
294 2141 407 2193 quorum
423 2125 501 2180 timulo
520 2131 626 2179 erectae
645 2131 706 2178 sunt
724 2124 889 2192 sodalitates,

90 2203 236 2267 nequeunt,
255 2198 307 2251 nisi
325 2197 457 2251 habeatur
475 2196 651 2264 apostolicum
668 2195 806 2265 indultum,
828 2212 889 2249 cau·

90 2271 141 2324 tari
159 2270 188 2322 in
206 2268 365 2337 duplicibus,
384 2269 464 2322 etiam
482 2283 536 2322 non
553 2266 665 2335 festivis,
693 2283 747 2321 non
766 2267 889 2322 obstante

5 2343 6 2348 ’
89 2342 202 2410 antiqua
227 2338 418 2394 consuetudine
444 2345 471 2392 et
489 2353 619 2392 concursu
643 2339 744 2409 populi,
772 2339 819 2406 qui
843 2353 889 2394 eas

89 2418 211 2481 exoptat.
234 2409 274 2478 (S.
289 2409 324 2464 R.
340 2409 369 2464 θ.
382 2414 424 2464 11.
438 2409 513 2464 Maii
524 2411 615 2475 1754.)

126 2487 151 2538 9.
171 2484 291 2536 Missae
304 2483 432 2534 votivae
445 2485 596 2546 privatae,
615 2480 671 2534 sive
685 2496 745 2534 eam
759 2480 815 2535 sive
829 2480 888 2533 siae

89 2562 171 2610 cautu
195 2551 384 2621 celebrandae,
412 2552 528 2619 itemque
553 2551 654 2606 Missae
681 2567 731 2620 pro
759 2566 789 2605 re
813 2551 890 2619 gravi

90 2626 147 2681 s'me
167 2624 350 2691 solemnitate,
378 2622 430 2676 dici
453 2629 565 2691 possunt
581 2621 702 2676 omnibus
728 2621 821 2676 diebus
839 2637 889 2689 per

87 2713 197 2765 anuum
216 2702 405 2765 praeterquam
423 2693 450 2763 a)
464 2695 492 2747 in
506 2693 628 2748 omnibus
646 2692 722 2747 festis
739 2692 889 2760 duplicibus

88 2767 237 2823 minoribus
256 2774 283 2820 et
301 2765 460 2832 maioribus,
485 2765 566 2819 etiam
582 2764 734 2830 translatis3
759 2791 794 2803 —-
812 2762 842 2831 b)
860 2763 889 2816 in

89 2839 182 2908 vigilia
199 2837 369 2906 Epiphaniae
390 2835 430 2904 (S.
444 2836 479 2890 R.
496 2836 524 2891 0.
537 2839 582 2891 10.
595 2834 662 2890 Dec.
675 2835 766 2899 1718.)
775 2853 784 2900 ,·
803 2861 837 2872 -
864 2833 889 2901 c)
