2108 3226
156 185 185 230 68
324 189 436 230 lictoriae
448 189 605 229 nonnullarum
618 189 794 230 meditationum.

155 289 313 360 parenubns
325 289 514 360 Hierosolyma
523 289 694 344 deducetur?
713 291 820 357 Quanta
828 291 961 360 prompti·

155 362 249 416 tudine
276 367 304 416 et
327 363 428 430 pietate
455 363 516 430 ipsa
539 363 686 416 tenerrima
707 362 791 430 Virgo
819 378 879 417 sese
896 361 960 418 Deo

157 432 262 487 dedicet
277 440 305 488 et
319 433 436 488 offerat?
462 435 569 500 Quanta
579 434 719 501 voluptate
734 433 888 488 sacerdotes
900 435 960 489 Do·

156 505 221 558 mini
234 504 324 558 nobile
338 504 411 559 istud
422 505 522 559 monile
536 505 564 558 in
577 505 706 572 templum
720 505 860 573 accipiant,
881 505 960 559 etad

157 576 284 630 conclave
299 577 338 629 illi
350 583 541 644 praeparatum
555 574 703 629 deducant!
723 576 827 632 Ardent
841 577 959 630 omnium

158 648 248 716 animi,
265 655 416 716 parentum,
441 647 555 715 Mariae,
573 647 750 702 sacerdotum.
786 647 868 701 Disce
885 648 959 717 binc,

157 718 328 773 serviendum
345 717 404 771 Deo
424 719 544 786 aprima
562 725 667 788 aetate,
695 726 726 784 et
748 733 784 772 ne
800 717 892 773 tardes
909 735 959 773 un-

158 803 241 857 quam
257 790 423 842 voluntatem
442 789 499 844 eius
518 790 637 856 exsequi.

194 861 228 914 11.
255 858 403 914 Considera
420 858 468 913 SS.
479 859 619 914 Trinitatis
638 859 761 914 eximiam
778 861 807 913 in
824 867 880 914 tam
897 859 958 914 illu·

157 931 220 986 atris
239 930 302 983 doni
323 931 494 997 susceptione
517 931 717 1000 benignitatem.
764 931 845 985 Pater
862 932 960 999 recipit

157 1015 217 1056 eam
234 1001 262 1054 in
279 999 376 1070 tiliam,
401 1001 487 1057 Filius
505 1002 534 1055 in
550 1011 676 1072 matrem,
709 1001 824 1070 Spiritus
849 1012 959 1058 sanctus

158 1074 188 1126 in
200 1072 339 1140 mysticam
353 1072 445 1126 sedem
463 1087 548 1128 suam.
584 1075 681 1142 Angeli
702 1089 761 1128 eam
781 1074 913 1141 accipiunt
930 1074 961 1128 in

162 1143 274 1197 amicam
300 1143 470 1213 singularem,
497 1161 610 1211 quacum
637 1144 803 1199 familiariter
824 1151 905 1212 agant
932 1151 963 1199 et

161 1215 358 1282 colloquantur.
395 1213 525 1270 Servate
543 1217 572 1269 in
590 1217 678 1285 gratia
694 1217 755 1286 Dei,
782 1223 814 1270 ut
831 1215 963 1271 similibus

160 1285 215 1340 frui
233 1282 321 1354 possis
338 1285 424 1341 bonis.

198 1357 247 1411 111.
276 1357 423 1412 Considera
440 1358 633 1414 sanctissimam
651 1357 810 1427 puellulam,
834 1363 965 1428 parentes

161 1441 226 1483 suos
252 1428 281 1481 in
308 1429 437 1482 teneriori
464 1436 553 1482 aetate
575 1429 766 1498 reliquentem
793 1429 828 1483 ad
853 1431 963 1498 ignotos

160 1506 281 1568 euntem3
302 1499 430 1568 templum
443 1515 493 1568 pro
507 1499 585 1554 domo
600 1501 755 1569 eligentem,
773 1501 875 1568 primos
887 1506 963 1556 aeta-

159 1569 196 1625 tis
214 1569 297 1628 flores
314 1571 374 1626 Deo
400 1579 613 1641 consecrantem
640 1573 723 1626 utam
750 1572 896 1640 angelicam
915 1571 963 1625 de·

161 1649 283 1711 gentem,
310 1643 409 1712 partim
426 1643 556 1711 lectione,
583 1644 681 1710 partim
700 1643 835 1712 oratione,
862 1643 963 1712 partim
991 1705 994 1710 ,

162 1719 276 1768 externa
290 1715 395 1768 actione
409 1713 467 1768 dies
479 1715 644 1770 sanctissime
659 1715 864 1782 transigentem
882 1729 963 1781 prae-

160 1784 249 1838 clarae
261 1785 368 1841 virtutis
379 1786 503 1854 exempla
511 1786 632 1840 omnibus
642 1785 823 1854 praebentem,
832 1783 964 1854 imprimis

161 1854 347 1926 simplicitatis,
374 1857 539 1925 humilitatis,
559 1856 734 1924 obedientiae,
757 1855 963 1926 temperantiae,

160 1925 349 1995 abstinentiae,
365 1928 471 1998 silentii,
486 1927 641 1997 modestiae,
656 1929 801 1982 alacritatis
815 1927 849 1980 ad
864 1929 964 1998 omnia,

158 2001 210 2050 etc.
230 1997 269 2051 ita
288 2003 319 2050 ut
337 1999 434 2052 ceteris
459 2001 611 2054 coaetaneis
643 2000 699 2053 suis
722 1997 891 2052 admirationi
917 1999 963 2068 sit,

161 2073 240 2135 grata
258 2069 390 2137 omuibus,
409 2069 475 2122 nulli
493 2072 591 2137 gravia
625 2069 765 2140 Expende,
784 2085 864 2136 quam
881 2069 964 2138 longe

161 2138 235 2194 absis
254 2139 288 2192 ab
306 2139 349 2194 his
365 2140 495 2210 omnibus,
516 2148 544 2195 et
563 2142 591 2195 in
609 2147 738 2210 provecta
750 2141 843 2195 forsan
857 2143 964 2196 aetate!

159 2209 301 2265 Poeniteat
318 2216 363 2280 te,
393 2217 420 2265 et
437 2211 552 2266 Mariam
578 2213 628 2267 tibi
655 2211 811 2266 imitandam
835 2213 964 2267 continuo

158 2295 288 2350 propone.

179 2401 315 2458 ORATIO
333 2403 383 2458 AD
407 2353 621 2474 QUEanlffnT
644 2405 769 2460 HORAE
787 2405 944 2462 PULSUM.

373 2491 473 2550 Ultima
491 2493 519 2546 in
537 2494 630 2550 mortis
647 2495 716 2548 hora

374 2563 473 2617 Filium
490 2579 541 2632 pro
559 2565 637 2620 nobis
657 2581 713 2635 ora,

374 2635 477 2690 Bonam
494 2643 608 2690 mortem
625 2637 746 2706 impetra,

374 2705 466 2776 Virgo,
485 2707 582 2778 Mater,
600 2708 730 2764 Domina!

198 2775 307 2832 Centies
320 2775 415 2831 millies
424 2775 549 2832 laudetur
561 2780 755 2834 sanctissimum
765 2777 857 2833 altaris
867 2777 962 2834 Sacra-

163 2853 291 2917 mentum,
309 2861 343 2901 ex
356 2847 408 2902 hoc
421 2863 491 2903 nunc
506 2855 632 2919 eiusque
648 2851 676 2904 in
690 2849 834 2906 saeculum.
867 2850 963 2903 Amen.
