2138 3226
158 175 199 218 222
324 178 435 226 euredum
448 189 488 230 pro
502 179 613 220 exercitiis
626 179 786 230 spiritualibus.

392 301 532 356 invocatio
551 317 575 356 s.
595 301 725 370 spiritus.

330 416 344 458 Ι.
357 414 414 458 Ante
427 413 587 458 instructionem
601 414 785 468 prosus-storiam.

103 487 105 492 ’
198 498 221 550 1.
240 495 309 550 Veni
332 497 445 552 Creator
462 497 545 566 Spiri·
610 501 633 550 1.
653 495 958 566 Veniscnotespiritus,

159 575 212 638 tus,
231 569 243 594 *
260 567 367 624 Mentes
384 578 491 624 tuorum
504 569 545 621 vi·
572 571 584 595 *
602 569 639 622 Et
649 569 739 622 emitte
753 567 960 636 coelitus,*Lu·

160 640 220 708 sito,
257 644 269 666 ⁴
305 641 390 708 imple
426 654 544 708 superne
573 639 611 694 cis
628 645 691 692 tuoe
709 637 821 693 redium.

161 711 256 780 gratis,
276 712 288 736 *
306 711 381 778 Quae
400 717 430 766 tu
449 711 546 766 creasti
609 712 634 764 2.
654 710 731 778 Veni,
754 718 833 777 peter
855 724 959 779 paupe·

164 789 283 852 pectora.
572 797 645 848 rum3
664 783 677 808 *
700 781 778 849 Veni,
805 780 883 836 detor
901 797 959 835 mu-

202 855 228 908 2.
246 852 298 918 Qui
316 852 412 908 diceris
429 851 545 906 Porscli·
572 867 682 920 nerum3
714 855 726 877 *
757 851 834 921 Veni,
867 853 959 908 lumen

164 923 545 992 tus*AltissimidonumDei,
574 923 702 978 cordium.

167 994 546 1064 *Fonsvivusigniscerites
609 997 634 1048 3.
654 994 813 1049 Consolator
826 995 959 1065 optime*

164 1068 180 1092 ⁸
197 1066 235 1119 Et
251 1065 381 1132 spiritalis
399 1066 498 1124 unctio.
573 1065 666 1120 Dulcis
692 1067 791 1133 hospes
810 1067 922 1121 snimee.
942 1068 955 1092 *

204 1138 229 1190 3.
248 1135 291 1190 Tu
309 1135 546 1209 septiformisimu·
574 1138 660 1193 Dulce
678 1137 854 1205 refrigerium.

165 1221 241 1275 mere,
260 1207 272 1233 *
290 1207 396 1276 Digitus
418 1216 546 1276 paternae
611 1212 637 1263 4.
654 1209 686 1262 In
704 1209 796 1263 labore
814 1210 930 1277 requies,
947 1213 959 1235 ⁸

171 1277 306 1348 dexterae,
325 1284 338 1307 *
354 1280 397 1333 Tu
414 1281 468 1334 rite
486 1295 547 1349 pro·
575 1279 607 1333 In
625 1287 702 1334 aestu
724 1280 876 1350 temperies,
895 1282 909 1307 ⁴
926 1279 958 1334 In

166 1350 276 1404 missum
288 1350 385 1420 Patris,
398 1351 548 1406 *Sermone
575 1350 642 1406 fletu
660 1350 792 1406 solatium.
827 1381 830 1386 -

166 1420 254 1476 ditono
272 1429 389 1490 gutture.
612 1425 637 1480 5.
657 1422 679 1476 Ο
698 1422 745 1476 lux
768 1421 931 1491 beatissime,
949 1425 962 1448 ⁸

202 1494 228 1546 4.
245 1492 370 1548 Accende
387 1494 477 1547 iumen
489 1508 549 1548 sen·
576 1493 662 1561 RepIe
672 1493 760 1548 cordis
769 1493 880 1548 intime*
890 1491 962 1548 Tuo·

165 1564 250 1632 sibus,
269 1567 281 1591 *
299 1563 411 1620 Infunde
432 1579 549 1618 umorem
576 1581 636 1618 rum
653 1563 780 1619 fidelium.

164 1633 300 1704 cordibus,
320 1638 332 1661 *
348 1635 551 1692 infirmonostri
613 1638 638 1689 6.
658 1635 722 1690 Sine
738 1642 786 1690 tuo
804 1635 921 1703 numine,
949 1637 962 1661 *

164 1707 287 1789 corporis
301 1709 313 1734 *
326 1707 433 1763 Virtute
442 1707 550 1762 firmans
578 1706 652 1790 Nihil
670 1715 713 1790 est
725 1707 753 1759 in
762 1707 877 1790 romine,
892 1708 905 1734 *
914 1705 962 1760 Ni·

167 1785 356 1904 pegpeffisoem
364 1851 480 1918 repelles
493 1850 550 1904 lon·
577 1777 885 1916 hlifsitielaeogrlrloff'est
903 1863 961 1902 sor·

166 1920 237 1988 gius,
262 1921 441 1989 *Pocemque
467 1921 550 1976 dones
579 1919 677 1989 didum,
702 1923 714 1948 *
737 1921 807 1988 Rigo
831 1917 904 1986 quod
922 1926 964 1973 est

168 1991 299 2060 protinus,
318 1994 330 2017 *
343 1993 462 2048 Ductore
476 1993 550 2048 siote
579 1990 690 2060 aridum,
708 1994 721 2018 *
740 1991 811 2046 Sene
829 1988 903 2058 quod
921 1995 964 2044 est

169 2062 289 2133 praevio,
307 2065 319 2090 ⁴
337 2062 459 2120 Vitemus
473 2079 550 2120 omne
578 2063 706 2120 saucium.

165 2135 284 2190 noxium,
614 2135 640 2188 8.
658 2134 751 2188 Flecte
763 2131 834 2200 quod
845 2138 887 2187 est
895 2131 960 2200 rigi·

203 2209 236 2261 δι
247 2205 301 2259 Per
321 2211 349 2259 te
375 2206 489 2260 sciemus
508 2204 550 2274 ds,
574 2204 649 2274 dum,
679 2208 693 2233 ⁴
719 2204 794 2259 Fove
822 2203 895 2271 quod
922 2209 965 2258 est

167 2276 297 2332 Patrem*
306 2275 454 2332 Nososmus
470 2283 551 2344 atque
578 2275 711 2344 frigidum,
721 2279 733 2304 ⁴
745 2276 819 2344 Rege
834 2273 908 2344 quod
921 2281 964 2329 est

167 2349 279 2402 Filium:
299 2345 311 2373 *
335 2347 429 2415 Teque
454 2348 551 2404 utrius·
579 2347 693 2404 devium.

165 2435 220 2488 que
239 2417 367 2487 Spiritum
383 2419 551 2474 'Credamus
614 2423 639 2473 9.
658 2419 702 2472 Do
719 2418 772 2472 tuis
798 2415 932 2485 fidelibus,
951 2418 963 2443 *

165 2489 239 2546 omni
257 2497 387 2556 tempore.
579 2491 610 2543 In
626 2497 653 2544 te
668 2488 869 2556 confidentibus,
888 2491 901 2516 ⁴
916 2486 964 2542 Ss-

206 2563 231 2613 7.
250 2560 309 2613 Deo
320 2559 394 2616 Patri
408 2561 443 2615 sit
457 2560 550 2630 gioria,
578 2577 652 2614 crum
671 2561 860 2628 septenarium.

167 2631 551 2700 *EiusquesoliFilio‚*cum
579 2631 581 2635 ’
616 2635 657 2685 10.
668 2630 964 2696 Davirtutismeritum,

169 2701 271 2770 Spiritu
291 2701 425 2757 Peraclito
444 2706 456 2730 *
474 2703 552 2757 Nunc
577 2705 588 2730 *
617 2703 661 2758 Do
692 2703 786 2758 salutis
813 2702 931 2770 exitum,
956 2704 968 2728 ⁵

166 2780 264 2898 etffir
281 2789 359 2828 omne
377 2775 519 2830 saecolum.
578 2773 756 2898 DsAperenne
778 2771 913 2842 gaudium.

256 2857 298 2898 en.
638 2859 708 2899 men.
