2128 3228
358 189 480 229 Instructio
494 188 636 230 clementina.
859 187 900 233 stt

99 289 257 348 societatum
276 295 323 344 aut
340 289 576 358 congregationum
593 289 729 360 laicorum,
755 290 804 346 sed
822 291 898 348 rede·

98 363 167 417 bunt
183 361 212 414 in
230 377 337 416 scamno
357 361 465 416 dorsum
485 360 603 430 quidem,
624 367 685 416 'uon
706 377 771 417 vero
789 362 900 418 brachia

99 433 263 487 alateribus
288 433 421 500 habente;
449 446 500 486 nec
523 438 633 486 utantur
657 433 783 503 cussinis,
810 449 899 502 neque

99 501 335 574 genuflexeriis32)
354 503 421 558 illud
440 509 529 558 autem
543 519 678 558 scamnum
697 504 803 559 omnino
822 511 899 560 extra

8 629 9 632 ,
100 575 295 643 presbyterium
314 574 503 644 collocabitur,
529 573 636 642 quando
661 575 790 644 praedicti
808 575 899 637 Missis

8 641 10 712 l
101 654 147 701 aut
164 646 293 715 Vesperis
319 646 482 702 solemnibus
506 646 648 714 assistunt,
676 653 723 701 aut
746 646 853 714 quando
870 647 899 701 in

8 719 9 738 ³
99 717 267 786 presbyterio
286 733 302 772 a
320 717 392 772 clerc
412 715 590 772 celebrabitur
607 717 696 785 aliqua
714 733 791 772 sacra
808 733 898 772 caere-

99 789 204 858 monia,
232 794 279 842 aut
303 788 410 856 quando
434 789 527 844 concio
554 789 605 843 erit
621 789 650 842 in
668 789 794 858 ecclesia,
822 789 899 844 iuxta

98 859 200 928 pluries
228 859 364 914 declarata
389 876 405 914 a
425 859 452 916 S.
470 859 503 914 R.
523 859 552 914 Ο.
576 866 605 915 et
630 861 659 914 in
675 859 831 928 particulari
848 857 898 930 per

100 931 237 986 decretum
255 931 380 999 generale
398 931 452 985 diei
471 933 513 986 13.
531 930 623 986 Martii
643 934 720 986 1688.

134 1003 232 1056 XXVI.
257 1003 395 1070 dtamen,
421 1003 444 1057 ei
463 1002 497 1056 ob
516 1003 644 1058 ecclesiae
669 1002 783 1058 formam
803 1015 899 1057 conve·

99 1073 176 1128 niens
193 1073 269 1128 locus
293 1089 348 1128 non
373 1072 482 1128 daretur
506 1082 583 1128 extra
599 1073 809 1143 presbyterium,
835 1081 916 1128 tunc-

101 1144 212 1199 concedi
238 1145 350 1212 poterit,
382 1149 413 1198 ut
442 1159 576 1199 scamnum
607 1145 732 1200 collocari
759 1145 846 1214 possit
870 1144 899 1200 in

100 1216 179 1271 unius
198 1215 291 1269 lateris
309 1214 377 1269 facie
397 1223 474 1269 extra
491 1217 633 1270 terminum
649 1218 817 1287 presbyterii.

136 1285 247 1338 XXVII.
275 1285 347 1341 Viris
365 1291 393 1338 et
409 1286 564 1342 mulieribus
582 1287 723 1342 cuiuslibet
746 1295 832 1343 status
853 1292 912 1354 aut.

102 1355 261 1410 conditionis
280 1355 408 1426 (exceptis
425 1357 506 1424 regiis
524 1359 655 1426 personis,
674 1359 720 1412 ubi
735 1359 841 1426 adsunt)
860 1358 898 1412 di·
943 1362 963 1398 ‘r

102 1427 193 1482 stricte
212 1427 378 1496 prohibetur,
400 1442 435 1481 ue
453 1428 481 1480 in
498 1427 692 1496 presbyterium
699 1429 720 1498 ²)
740 1444 788 1484 seu
806 1429 899 1484 circui-

8 1559 9 1562 ,
101 1503 158 1552 tun
176 1497 282 1566 altaris,
308 1499 336 1551 in
362 1513 414 1564 quo
434 1499 583 1566 expositum
603 1506 644 1553 est
661 1499 836 1568 Venerabile,
859 1501 898 1553 in·

8 1575 9 1580 ’
103 1567 259 1636 gradiantur
277 1576 304 1623 et
322 1575 407 1637 orent,
426 1585 507 1636 quum
525 1569 664 1638 praefatus
681 1571 755 1626 locus
774 1571 899 1638 occupari

103 1639 189 1694 solum
208 1638 305 1694 debeat
324 1638 357 1694 ab
377 1641 571 1709 ecelesiasticis,
590 1640 678 1695 divino
692 1641 838 1696 ministerio
852 1648 900 1695 aut

102 1708 267 1766 adorationis
286 1710 370 1766 officio
390 1711 510 1766 addictis.
537 1711 621 1779 quue
635 1711 830 1767 observandum
849 1718 899 1780 est,

35 1829 43 1836 .
102 1797 156 1835 non
174 1782 261 1836 solum
278 1783 306 1836 in
325 1782 451 1851 ecclesiis,
475 1783 502 1836 in
521 1782 617 1851 quibus
635 1783 771 1838 ordinaria
785 1782 900 1837 recmnit

101 1853 242 1922 expositio,
259 1853 308 1908 sed
326 1854 406 1908 etiarn
424 1854 452 1907 in
471 1854 529 1909 aliis
548 1855 678 1922 omnibus,
695 1855 723 1908 in
742 1855 846 1923 quibus,
865 1867 899 1907 ex

8 1955 22 1965 υ
48 1941 54 1952 ·
99 1923 203 1978 indulto
221 1925 392 1994 Apostolicc,
421 1931 468 1980 aut
493 1940 528 1980 ex
546 1926 599 1980 alia
621 1926 741 1994 legitima
762 1925 898 1994 facultate,

100 1996 242 2065 expositio,
260 1996 391 2065 lieettper
408 1996 490 2051 breve
508 2005 622 2066 tempus,
640 1996 678 2051 tit.
710 1997 777 2051 Rem
790 1997 829 2050 ita
839 1994 899 2051 fieri

99 2066 279 2136 providebunt
297 2068 451 2136 superiores
464 2074 511 2122 aut
529 2069 661 2137 sacellani,
681 2069 760 2122 etiam
779 2067 899 2122 adhibita

8 2151 9 2196 t
104 2154 272 2194 scamnorum
297 2139 436 2207 congerie,
463 2139 487 2194 si
514 2155 582 2207 opus
608 2139 697 2193 fuerit.
739 2138 899 2194 Mandemus

8 2199 10 2218 '
97 2217 249 2280 praeterea,
269 2226 300 2264 ac
318 2210 496 2278 praecipimus
514 2211 662 2266 rectoribus
675 2217 703 2265 et
716 2209 898 2279 superioribus

97 2281 214 2336 cuiusvis
233 2281 435 2337 ecclesiastem
454 2281 644 2351 saecularibus,
673 2297 752 2350 quam
770 2280 899 2350 regulari-

94 2369 260 2386 *—

110 2402 131 2455 ι)
145 2405 300 2446 (ienufloxonia
315 2417 365 2445 cnm
379 2405 456 2446 stratio
470 2408 492 2445 et
505 2406 601 2454 pulvinis
619 2407 642 2446 in
653 2406 750 2446 ecclesiis
766 2416 811 2446 non
820 2415 898 2454 paren-

149 2472 199 2519 tur,
221 2472 263 2511 nisi
277 2483 317 2522 pro
332 2472 433 2521 personis
447 2472 517 2520 regali
531 2472 566 2512 vel
581 2473 722 2513 cardinalitia
737 2473 842 2523 dignitate
855 2472 897 2512 lul·

149 2535 257 2583 gentibue.
279 2537 307 2584 (S.
323 2537 348 2578 Β.
361 2536 381 2579 C.
396 2536 427 2580 17.
441 2536 496 2588 Sept.
511 2536 582 2586 1822.)

110 2591 132 2648 1)
148 2598 219 2645 Quum
234 2601 352 2640 secundum
367 2597 497 2650 perpetualis
516 2601 621 2642 ecclesiae
642 2603 821 2644 consuetudinem
841 2601 897 2641 alius

150 2665 293 2716 presbyteris,
308 2668 364 2708 alluo
378 2668 441 2709 laiots
455 2669 485 2708 sit
499 2668 568 2719 locus,
583 2669 733 2720 prohibemur,
748 2681 775 2711 ns
788 2671 812 2710 ln
825 2669 897 2719 poste·

149 2739 198 2769 mm
211 2741 268 2771 nora
289 2733 393 2774 subsellia
411 2733 446 2773 rel
467 2743 557 2774 scamna
579 2735 688 2784 gentilitia
707 2737 770 2776 lalcis
789 2736 812 2776 ln
830 2734 897 2774 choro

149 2797 306 2846 cuiuscumque
325 2800 431 2840 ecclosias
451 2801 605 2851 concedantur,
627 2801 708 2850 quippo
729 2811 784 2850 qnae
804 2801 829 2839 ln
846 2797 898 2838 naal

149 2861 280 2902 collocanda
294 2866 353 2905 sunt.
368 2865 438 2912 (Ocno.
450 2877 511 2916 prom
525 2866 596 2909 eaton.
606 2879 657 2918 pop.
670 2865 728 2915 M)

735 2935 805 2990 20*
