2108 3226
159 199 199 242 112
272 209 275 216 ’
337 202 370 242 Da
384 201 504 250 gratteram
518 200 605 256 actione
618 202 669 248 post
682 199 782 240 Missam.

158 302 312 371 colloquiis3
329 302 358 354 in
375 301 463 355 locum
478 301 512 354 ab
526 301 598 354 omni
611 301 724 369 strepitu
742 306 769 354 et
782 299 955 355 distractione

159 382 291 430 remotum
308 380 336 427 te
352 374 459 441 recipe;
477 387 555 426 mane
572 373 601 425 in
619 378 731 441 secreto,
750 387 781 425 ac
795 370 954 426 suavissimo

158 446 249 500 fruere
267 445 452 512 hospitatum
481 442 566 497 deduc
589 443 664 497 illum
687 443 715 495 in
737 441 849 496 interius
868 441 957 497 cordis

160 519 201 573 tui
218 517 374 584 cubiculum,
394 522 422 569 et
433 515 523 569 clauso
538 513 615 584 ostio,
629 514 778 581 ceterisque
792 513 957 581 cogitationi-

160 589 212 643 bus
230 587 353 655 exclusis,
370 587 410 639 illi
422 585 473 640 soli
486 601 583 640 vacare
597 584 682 654 stude,
700 599 750 638 nec
768 584 802 638 ab
821 599 853 638 eo
872 584 957 638 disce-

162 659 219 728 das,
238 659 322 713 donec
339 658 397 724 ipse
415 657 582 711 benedixerit
597 655 661 725 tibi;
681 656 724 710 his
743 655 840 709 etenim
855 655 955 723 pretio-

162 732 199 788 sis
217 731 301 784 horae
320 728 467 796 momentis,
495 728 572 796 larga
588 729 632 781 vel
649 727 737 782 tenuis
755 725 815 780 fieri
833 725 913 780 debet
930 726 958 779 in
1046 739 1047 764 ÷

163 803 277 857 animam
294 806 367 853 tuam
386 798 515 852 donorum
534 799 688 854 coelestium
706 797 810 867 effusio,
834 813 884 866 pro
902 812 958 851 mo-

163 873 226 927 dulo
244 871 376 938 caritatis,
404 869 547 924 affectuum
571 876 599 924 et
626 868 818 924 desideriorum
842 875 959 938 tuorum,

164 943 297 1010 animique
315 941 354 996 tui
367 942 436 1008 grati
454 940 660 1009 significationis.
690 940 773 994 Sicuti
790 954 905 1007 namque
919 940 959 992 in·

163 1021 256 1084 gratus
274 1013 376 1066 animus
394 1010 496 1066 fontem
509 1012 615 1067 divinae
628 1011 759 1081 largitatis
778 1012 902 1080 exsiccat,
920 1010 960 1064 ita

164 1092 192 1140 et
209 1090 287 1153 grata
309 1083 438 1137 donorum
466 1083 523 1138 eius
547 1084 676 1138 memoria
700 1089 847 1137 torrentem
872 1080 960 1150 aperit

164 1155 341 1225 spiritualium
358 1153 579 1208 benedictionum.

200 1229 225 1280 2.
243 1225 335 1280 Dilata
350 1225 441 1292 itaque
460 1232 593 1280 cortuum
612 1230 639 1279 et
656 1224 777 1293 implebit
790 1222 856 1277 illud
873 1223 956 1278 bono·

164 1314 223 1352 rum
237 1297 353 1351 omnium
365 1296 490 1365 largitum
511 1297 586 1365 aperi
599 1313 629 1352 os
640 1302 715 1350 tuum
725 1303 752 1350 et
761 1295 880 1350 attrahes
893 1294 922 1347 in
931 1300 959 1348 te

165 1369 294 1437 Spiritum
308 1375 441 1436 sanctum3
460 1375 542 1436 prout
554 1367 678 1423 coelestis
691 1367 762 1422 illius
776 1381 843 1420 aura
852 1365 959 1419 afflare·

164 1442 208 1508 rit,
222 1440 267 1494 vel
281 1439 351 1508 audi,
366 1438 430 1506 quid
442 1439 568 1507 loquatur
581 1439 609 1492 in
621 1444 649 1492 te
659 1438 789 1492 Dominus
798 1437 873 1491 Deus
887 1443 960 1507 tuns,

165 1512 210 1566 vel
227 1527 287 1566 cum
305 1526 338 1565 eo
356 1517 404 1564 tua
422 1510 593 1565 commiscere
610 1509 743 1576 colloquia
766 1524 800 1562 ne
817 1507 960 1577 formidem

165 1599 220 1637 non
234 1583 304 1636 enim
317 1581 400 1635 habet
417 1581 620 1636 amaritudinem
633 1581 799 1635 conversatio
812 1579 893 1648 illius,
911 1593 962 1633 nec

166 1653 285 1710 taedium
303 1653 440 1707 convictus
453 1653 518 1722 eius,
537 1651 586 1707 sed
598 1652 726 1707 laetitiam
745 1658 772 1704 et
790 1649 924 1720 gaudium.

203 1728 228 1779 3.
246 1724 458 1780 Perfectissimos
482 1723 646 1780 diversarum
670 1723 797 1776 virtutum
821 1729 896 1776 actus
915 1721 962 1774 eli-

167 1796 230 1850 cies.
268 1796 402 1850 Christum
420 1794 553 1865 adorabis,
580 1811 634 1850 non
650 1800 753 1848 tantum
770 1793 847 1846 utin
864 1793 961 1847 throno

166 1866 268 1934 gloriae
283 1882 348 1921 suae
360 1866 521 1920 residentem
535 1867 564 1920 in
577 1866 666 1936 coelis,
684 1863 733 1919 sed
752 1870 782 1918 ut
797 1863 890 1918 intima
903 1878 962 1918 cor·

167 1937 209 1993 dis
221 1937 261 1991 tui
274 1937 423 2006 penetralia
435 1938 642 2005 inhabitantem,
662 1951 753 1990 omnes
775 1935 878 1989 animae
898 1940 962 1989 tuae

166 2007 317 2078 facultates,
335 2008 424 2062 omnia
437 2010 557 2077 corporis
570 2009 609 2062 tui
622 2008 748 2075 membra,
768 2021 862 2062 sensus
880 2013 908 2060 et
920 2021 963 2060 or·

166 2095 237 2148 gana
255 2095 356 2134 summo
374 2079 482 2147 pietatis
500 2079 597 2133 affectu
618 2079 657 2133 illi
685 2078 808 2133 subiicies
827 2075 904 2147 adeo,
931 2082 963 2132 ut

167 2152 196 2204 in
214 2151 271 2204 eius
288 2151 418 2205 honorem
437 2157 464 2204 et
482 2151 639 2218 obsequium
656 2149 758 2204 cedant.

203 2223 228 2274 4.
246 2221 338 2275 Firma
350 2220 403 2275 fide
417 2220 510 2276 credes
524 2229 552 2276 ct
569 2220 737 2277 confiteberis
756 2225 859 2274 tantum
871 2219 962 2287 hospi·
1046 2261 1047 2296 ἐ

166 2298 222 2347 tem
239 2292 268 2344 in
284 2293 332 2345 vili
348 2293 464 2360 pectoris
490 2293 530 2347 tui
552 2293 659 2362 tugurio
683 2297 835 2359 receptum,
861 2296 889 2344 et
912 2289 962 2345 sub
1046 2319 1047 2336 κ

167 2363 271 2432 exiguis
285 2361 449 2417 Sacramenti
458 2365 597 2432 speciebus
607 2364 814 2430 delitescentem,
824 2375 884 2416 esse
898 2375 963 2415 vere
1046 2357 1047 2414 i

166 2435 255 2488 Deum
273 2441 300 2489 et
317 2434 465 2490 hominem:
492 2436 580 2489 Deum
607 2435 640 2489 ab
667 2441 776 2488 aeterno
800 2447 850 2500 per
875 2433 965 2486 omnia

166 2505 242 2560 Patri
267 2505 406 2573 aequalem
431 2512 458 2560 et
485 2505 750 2574 consubstantialem,
777 2503 912 2558 hominem
935 2504 965 2557 in
1046 2521 1047 2550 r

166 2582 296 2646 tempore,
311 2583 439 2644 operante
453 2578 571 2645 supremi
583 2577 698 2631 numinis
711 2577 818 2644 virtute,
835 2575 910 2630 errius
925 2574 964 2628 di·

167 2648 273 2702 vinitati
287 2656 314 2702 et
326 2648 484 2703 humanitati
497 2665 530 2703 ea
544 2649 631 2703 omnia
645 2653 806 2716 competrmt,
823 2661 893 2715 quae
907 2661 964 2701 crc-

168 2718 253 2774 ditet
271 2719 349 2775 docet
367 2719 487 2776 eeclesia.

204 2792 229 2845 5.
249 2790 315 2845 Cum
331 2790 360 2844 in
376 2791 435 2860 ipso
454 2791 570 2846 omnium
588 2790 717 2845 donorum
737 2789 835 2860 pignus
852 2787 963 2859 habeas,

167 2860 252 2931 ipsius
269 2863 371 2919 meritis
390 2863 486 2934 omnia,
505 2862 600 2931 quibus
617 2862 729 2933 indiges,
753 2861 825 2917 dona
842 2861 965 2930 sperabis
1046 2855 1047 2864 ’
