2152 3234
171 145 212 190 58⁰
359 148 392 188 Do
405 148 594 190 §mentorum
608 147 806 190 administratione.
824 162 827 168 ⁴
848 133 854 143 ⁸

208 249 238 304 si
255 249 315 318 quis
332 250 419 304 reteri
437 248 569 306 domicilio
587 249 689 319 relicto,
706 265 807 304 norum
819 249 970 322 incohauit,

170 321 269 390 triplex
282 319 389 375 evenire
402 328 493 391 potest
506 337 602 376 casus:
622 337 646 376 a.
661 321 690 375 Si
703 320 822 376 nondum
836 337 885 377 sex
898 337 972 376 men·

171 408 216 448 sos
233 392 410 462 praeterlapsi
428 391 499 460 sunt,
527 407 561 447 ex
580 408 632 460 quo
650 400 729 448 vetus
747 391 909 448 domicilium
926 408 969 448 re·

170 464 256 532 liquit,
275 470 303 518 et
320 464 398 518 simul
414 463 443 518 in
460 479 530 518 novo
550 462 681 518 domicilio
695 463 813 518 noudum
825 479 876 532 per
897 479 972 520 men·

171 534 511 604 semintegrumhabitavit,
521 534 832 590 solummodoiuveteris
844 534 972 590 domicilii
1045 555 1049 564 ·

170 606 300 675 parochia
315 604 384 660 fiunt
400 606 633 675 proclamationes,
654 606 717 660 licet
735 606 869 674 copulatio
888 607 972 676 perti·

170 684 235 733 neat
252 677 287 732 ad
304 678 368 731 nori
386 676 510 732 domicilii
527 678 682 747 parochnm.
713 677 740 731 b.
760 677 789 732 Si
806 682 869 746 post
887 677 972 732 domi·

171 748 416 804 ciliimntationem
440 765 529 804 unus
553 749 648 804 saltem
676 748 820 818 mensis,
850 748 971 804 nondum

170 826 261 874 mmcn
278 818 409 874 medius
427 835 539 874 annus
558 819 667 888 effluxit,
685 821 714 873 iu
731 818 870 887 utriusque
886 819 971 876 domi·

171 891 224 946 ollii
240 889 368 959 parochia
378 889 437 944 fieri
449 889 548 945 debent
561 891 793 959 proclamationes.
822 906 844 944 c.
865 890 895 944 Si
909 899 973 960 post
1060 915 1061 920 ¹

170 961 344 1018 mutationem
358 961 482 1016 domicilii
499 961 632 1018 medius
650 978 757 1016 annus
774 967 902 1030 peractus
922 971 971 1030 est,

170 1032 337 1089 solummodo
360 1033 389 1087 iu
406 1033 470 1087 novi
487 1031 612 1087 domicilii
636 1033 765 1103 parochia
788 1031 847 1088 fieri
871 1032 972 1090 debent

169 1103 403 1172 proclamationes.
416 1133 451 1144 -
471 1103 500 1158 si
518 1105 676 1173 nupturiens
694 1104 793 1159 ultimis
812 1105 890 1160 annis
908 1121 971 1173 pas·

125 1223 126 1227 ,
170 1174 221 1229 sim
237 1174 266 1228 in
283 1174 342 1229 loco
361 1175 479 1244 originis,
496 1176 541 1229 rel
558 1183 700 1244 parentum
718 1182 842 1230 versatus
861 1175 971 1243 quidem

171 1252 220 1314 est,
238 1245 288 1300 aed
304 1245 358 1300 iam
375 1262 424 1314 per
442 1261 540 1300 anuum
558 1248 698 1316 integrum,
718 1261 753 1301 ex
771 1263 824 1314 quo
843 1248 886 1302 sui
904 1248 970 1304 iuris

171 1323 221 1385 est,
239 1317 268 1372 io
285 1317 337 1372 alio
355 1318 415 1372 loco
434 1318 527 1372 statuit
543 1319 680 1387 proprium
699 1334 731 1372 ac
748 1333 841 1372 rerum
860 1316 971 1376 domici·

169 1387 243 1457 lium,
261 1387 358 1443 sufficit
393 1388 548 1444 reclamatio
566 1391 594 1443 iu
612 1390 663 1444 hoc
680 1390 754 1454 loco;
766 1389 797 1450 ,ri
815 1395 906 1443 autem
924 1405 970 1444 re·
1061 1379 1062 1404 ³

169 1475 230 1514 rum
248 1458 355 1527 quidem
420 1459 494 1514 derit
511 1459 683 1530 domicilium,
713 1459 761 1517 sed
784 1458 902 1514 nondum
920 1476 971 1529 per

91 1533 94 1544 “
171 1545 219 1586 sex
237 1546 342 1587 menses
365 1531 404 1586 ibi
421 1531 567 1600 habitavit,
593 1532 767 1601 proclamatio
791 1537 847 1586 tam
871 1532 900 1584 in
918 1531 972 1592 hoc

169 1617 264 1672 vero,
283 1603 509 1671 quamiuultimo
529 1602 844 1670 quasi-domicilio
865 1602 971 1658 critia-

170 1673 273 1731 cicnda.
288 1703 320 1714 -
336 1673 365 1727 Si
383 1675 548 1743 nupturiens,
572 1675 635 1729 licet
652 1675 791 1742 proprium
808 1673 971 1730 domicilium

169 1743 267 1815 fixerit,
284 1745 383 1800 ultimis
402 1745 477 1801 annis
494 1745 533 1799 ita
554 1743 710 1813 frequenter
734 1752 763 1800 et
780 1759 831 1814 per
846 1745 971 1814 longiora

170 1817 299 1885 temporis
317 1816 405 1885 spatia
421 1816 450 1870 iu
474 1814 534 1871 loco
560 1817 669 1885 originis
692 1817 737 1871 vel
760 1821 903 1885 parentum
928 1823 971 1872 est

169 1895 301 1956 versatus,
326 1894 357 1942 ut
380 1894 489 1956 praeter
513 1887 674 1943 domicilium
699 1888 732 1942 ab
763 1889 823 1956 ipso
856 1887 972 1944 electum

170 1960 251 2012 etiam
268 1959 315 2012 illa
332 1958 392 2013 loca
409 1967 535 2026 tanquam
553 1959 686 2013 domicilia
712 1958 854 2013 retinuisse
879 1957 972 2014 videa·

169 2034 223 2096 tur,
241 2030 271 2082 iu
287 2027 383 2084 iisdem
395 2030 481 2090 ,etiam
498 2028 558 2084 fieri
575 2029 656 2086 debet
668 2029 852 2100 proclamatio.

205 2099 327 2154 Minores
344 2101 504 2169 proclamari
522 2101 621 2156 debent
644 2109 701 2156 tum
727 2101 756 2155 iu
778 2100 916 2169 parochia,
939 2099 970 2154 in
1061 2093 1062 2102 ’

168 2185 224 2238 qua
240 2169 369 2241 habitant,
388 2179 444 2226 tum
461 2173 490 2226 in
507 2173 636 2242 parochia
646 2180 787 2242 parentum
804 2177 851 2226 aut
869 2185 971 2242 eorum,

169 2240 219 2324 aab
238 2257 351 2308 quorum
368 2250 502 2324 potestate
530 2252 593 2301 aunt
617 2243 757 2300 inordina
776 2241 811 2298 ad
829 2242 970 2297 Matrimo-

167 2327 318 2438 mul'i'idmcli
332 2383 493 2453 proclamari
512 2384 611 2441 debent
625 2385 654 2441 io
666 2335 795 2456 parochia
808 2383 879 2454 heri,
897 2381 972 2454 apud

167 2469 248 2522 quem
265 2454 300 2509 ab
317 2471 371 2510 uno
389 2456 484 2510 saltem
502 2473 571 2512 anno
596 2456 766 2512 famulantur.
803 2455 856 2523 Qui
872 2469 972 2525 perpe·

167 2532 215 2581 tuo
229 2525 361 2596 laborent,
379 2527 423 2581 vel
437 2526 602 2583 famulantur
618 2529 648 2582 iu
665 2544 720 2582 uua
736 2527 873 2596 parochia,
897 2533 925 2581 et
941 2527 974 2581 in
1062 2541 1063 2546 ¹

167 2597 255 2651 altera
271 2595 353 2652 lixam
369 2597 471 2653 habent
488 2598 604 2672 domum,
619 2600 664 2654 vel
682 2598 841 2668 cubiculum,
862 2597 892 2652 in
917 2597 973 2652 ista

165 2667 311 2736 posteriori
328 2667 481 2738 publicandi
500 2678 569 2725 sunt,

202 2737 307 2793 Melites
323 2739 506 2808 proclamandi
524 2747 587 2796 sunt
604 2741 632 2796 in
649 2739 791 2812 praesidiis
816 2755 866 2797 seu
889 2738 967 2808 locis,

164 2807 213 2862 ubi
232 2807 340 2880 degrmt,
360 2816 388 2865 et
405 2810 516 2881 insuper
528 2811 557 2866 iu
571 2813 700 2882 parochia
712 2819 863 2884 parentum,
875 2810 900 2868 si
912 2811 967 2868 aiut
