<?xml version="1.0" encoding="UTF-8"?>
<!DOCTYPE html PUBLIC "-//W3C//DTD XHTML 1.0 Transitional//EN"
    "http://www.w3.org/TR/xhtml1/DTD/xhtml1-transitional.dtd">
<html xmlns="http://www.w3.org/1999/xhtml" xml:lang="en" lang="en">
 <head>
  <title>
</title>
<meta http-equiv="Content-Type" content="text/html;charset=utf-8" />
  <meta name='ocr-system' content='tesseract 3.04.00' />
  <meta name='ocr-capabilities' content='ocr_page ocr_carea ocr_par ocr_line ocrx_word'/>
</head>
<body>
  <div class='ocr_page' id='page_1' title='image "./manualesacerdot00schngoog_0827.png"; bbox 0 0 2098 3222; ppageno 0'>
   <div class='ocr_carea' id='block_1_1' title="bbox 205 145 909 200">
    <p class='ocr_par' dir='ltr' id='par_1_1' title="bbox 205 145 909 200">
     <span class='ocr_line' id='line_1_1' title="bbox 205 145 909 200; baseline -0.006 -8"><span class='ocrx_word' id='word_1_1' title='bbox 205 152 323 192; x_wconf 70' lang='lat' dir='ltr'><strong>disibodus</strong></span> <span class='ocrx_word' id='word_1_2' title='bbox 336 161 377 200; x_wconf 85' lang='lat' dir='ltr'><strong>pro</strong></span> <span class='ocrx_word' id='word_1_3' title='bbox 390 150 500 200; x_wconf 84' lang='lat' dir='ltr'><strong>erigendis</strong></span> <span class='ocrx_word' id='word_1_4' title='bbox 513 150 644 192; x_wconf 81' lang='lat' dir='ltr'><strong>stationibus</strong></span> <span class='ocrx_word' id='word_1_5' title='bbox 658 149 711 190; x_wconf 80' lang='lat' dir='ltr'><strong>Vise</strong></span> <span class='ocrx_word' id='word_1_6' title='bbox 726 150 808 190; x_wconf 79' lang='lat' dir='ltr'><strong>[trucis.</strong></span> <span class='ocrx_word' id='word_1_7' title='bbox 869 145 909 190; x_wconf 76' lang='lat'><strong>8⁰5</strong></span> 
     </span>
    </p>
   </div>
   <div class='ocr_carea' id='block_1_2' title="bbox 146 251 906 392">
    <p class='ocr_par' dir='ltr' id='par_1_2' title="bbox 146 251 906 392">
     <span class='ocr_line' id='line_1_2' title="bbox 146 251 855 320; baseline 0 -13"><span class='ocrx_word' id='word_1_8' title='bbox 146 251 284 308; x_wconf 79' lang='lat' dir='ltr'><strong>Edaes&#39;trer</strong></span> <span class='ocrx_word' id='word_1_9' title='bbox 302 267 335 306; x_wconf 79' lang='lat' dir='ltr'><strong>ea</strong></span> <span class='ocrx_word' id='word_1_10' title='bbox 353 267 426 320; x_wconf 78' lang='lat' dir='ltr'><strong>agna</strong></span> <span class='ocrx_word' id='word_1_11' title='bbox 442 252 578 306; x_wconf 69' lang='lat' dir='ltr'><strong>nnmmtna</strong></span> <span class='ocrx_word' id='word_1_12' title='bbox 594 266 642 304; x_wconf 86' lang='lat' dir='ltr'><strong>sea</strong></span> <span class='ocrx_word' id='word_1_13' title='bbox 658 251 855 318; x_wconf 69' lang='lat' dir='ltr'><strong>reliquiarium.</strong></span> 
     </span>
     <span class='ocr_line' id='line_1_3' title="bbox 150 321 906 392; baseline -0.001 -14"><span class='ocrx_word' id='word_1_14' title='bbox 150 323 268 378; x_wconf 84' lang='lat' dir='ltr'><strong>Oremne.</strong></span> <span class='ocrx_word' id='word_1_15' title='bbox 299 322 382 392; x_wconf 90' lang='lat' dir='ltr'><strong>Dens,</strong></span> <span class='ocrx_word' id='word_1_16' title='bbox 401 322 447 390; x_wconf 87' lang='lat' dir='ltr'><strong>qui</strong></span> <span class='ocrx_word' id='word_1_17' title='bbox 465 322 500 376; x_wconf 86' lang='lat' dir='ltr'><strong>ad</strong></span> <span class='ocrx_word' id='word_1_18' title='bbox 516 322 646 376; x_wconf 84' lang='lat' dir='ltr'><strong>maiorem</strong></span> <span class='ocrx_word' id='word_1_19' title='bbox 662 321 702 376; x_wconf 91' lang='lat' dir='ltr'><strong>tui</strong></span> <span class='ocrx_word' id='word_1_20' title='bbox 719 321 833 376; x_wconf 89' lang='lat' dir='ltr'><strong>nominis</strong></span> <span class='ocrx_word' id='word_1_21' title='bbox 851 322 906 390; x_wconf 91' lang='lat' dir='ltr'><strong>glo·</strong></span> 
     </span>
    </p>
   </div>
   <div class='ocr_carea' id='block_1_3' title="bbox 8 383 907 462">
    <p class='ocr_par' dir='ltr' id='par_1_3' title="bbox 8 383 907 462">
     <span class='ocr_line' id='line_1_4' title="bbox 8 383 907 462; baseline -0.002 -13"><span class='ocrx_word' id='word_1_22' title='bbox 8 383 9 402; x_wconf 58' lang='lat'><em>*</em></span> <span class='ocrx_word' id='word_1_23' title='bbox 108 395 179 450; x_wconf 87' lang='lat' dir='ltr'><strong>riam</strong></span> <span class='ocrx_word' id='word_1_24' title='bbox 196 393 397 462; x_wconf 71' lang='lat' dir='ltr'><strong>propagandam</strong></span> <span class='ocrx_word' id='word_1_25' title='bbox 423 409 494 448; x_wconf 88' lang='lat' dir='ltr'><strong>novo</strong></span> <span class='ocrx_word' id='word_1_26' title='bbox 512 408 561 461; x_wconf 90' lang='lat' dir='ltr'><strong>per</strong></span> <span class='ocrx_word' id='word_1_27' title='bbox 583 393 616 448; x_wconf 90' lang='lat' dir='ltr'><strong>B.</strong></span> <span class='ocrx_word' id='word_1_28' title='bbox 633 392 766 460; x_wconf 84' lang='lat' dir='ltr'><strong>ignatium</strong></span> <span class='ocrx_word' id='word_1_29' title='bbox 789 391 907 447; x_wconf 91' lang='lat' dir='ltr'><strong>subsidio</strong></span> 
     </span>
    </p>
   </div>
   <div class='ocr_carea' id='block_1_4' title="bbox 110 462 909 678">
    <p class='ocr_par' dir='ltr' id='par_1_4' title="bbox 110 462 909 678">
     <span class='ocr_line' id='line_1_5' title="bbox 110 462 909 532; baseline -0.008 -8"><span class='ocrx_word' id='word_1_30' title='bbox 110 465 268 524; x_wconf 75' lang='lat' dir='ltr'><strong>militantem</strong></span> <span class='ocrx_word' id='word_1_31' title='bbox 283 465 422 520; x_wconf 88' lang='lat' dir='ltr'><strong>ecclesiam</strong></span> <span class='ocrx_word' id='word_1_32' title='bbox 435 464 577 532; x_wconf 80' lang='lat' dir='ltr'>roborasti,</span> <span class='ocrx_word' id='word_1_33' title='bbox 595 462 720 531; x_wconf 88' lang='lat' dir='ltr'><strong>concede,</strong></span> <span class='ocrx_word' id='word_1_34' title='bbox 739 469 769 518; x_wconf 94' lang='lat' dir='ltr'><strong>nt</strong></span> <span class='ocrx_word' id='word_1_35' title='bbox 787 463 844 518; x_wconf 87' lang='lat' dir='ltr'><strong>eius</strong></span> <span class='ocrx_word' id='word_1_36' title='bbox 863 479 909 518; x_wconf 92' lang='lat' dir='ltr'><strong>au·</strong></span> 
     </span>
     <span class='ocr_line' id='line_1_6' title="bbox 110 534 908 591; baseline 0 -1"><span class='ocrx_word' id='word_1_37' title='bbox 110 537 175 590; x_wconf 79' lang='lat' dir='ltr'><strong>xiiio</strong></span> <span class='ocrx_word' id='word_1_38' title='bbox 195 543 222 591; x_wconf 94' lang='lat' dir='ltr'><strong>et</strong></span> <span class='ocrx_word' id='word_1_39' title='bbox 239 536 385 591; x_wconf 77' lang='lat' dir='ltr'><strong>imitatione</strong></span> <span class='ocrx_word' id='word_1_40' title='bbox 404 543 539 590; x_wconf 78' lang='lat' dir='ltr'><strong>certantes</strong></span> <span class='ocrx_word' id='word_1_41' title='bbox 564 535 689 589; x_wconf 89' lang='lat' dir='ltr'><strong>interris</strong></span> <span class='ocrx_word' id='word_1_42' title='bbox 708 534 831 588; x_wconf 86' lang='lat' dir='ltr'><strong>coronari</strong></span> <span class='ocrx_word' id='word_1_43' title='bbox 849 551 908 590; x_wconf 91' lang='lat' dir='ltr'><strong>cum</strong></span> 
     </span>
     <span class='ocr_line' id='line_1_7' title="bbox 110 605 813 678; baseline 0 -16"><span class='ocrx_word' id='word_1_44' title='bbox 110 609 170 678; x_wconf 91' lang='lat' dir='ltr'><strong>ipso</strong></span> <span class='ocrx_word' id='word_1_45' title='bbox 188 622 341 664; x_wconf 86' lang='lat' dir='ltr'><strong>mereamur</strong></span> <span class='ocrx_word' id='word_1_46' title='bbox 357 608 386 662; x_wconf 94' lang='lat' dir='ltr'><strong>in</strong></span> <span class='ocrx_word' id='word_1_47' title='bbox 403 607 495 664; x_wconf 88' lang='lat' dir='ltr'><strong>coelis.</strong></span> <span class='ocrx_word' id='word_1_48' title='bbox 530 605 584 661; x_wconf 89' lang='lat' dir='ltr'><strong>Per</strong></span> <span class='ocrx_word' id='word_1_49' title='bbox 601 605 744 662; x_wconf 89' lang='lat' dir='ltr'><strong>Dominum</strong></span> <span class='ocrx_word' id='word_1_50' title='bbox 762 612 813 662; x_wconf 89' lang='lat' dir='ltr'><strong>etc.</strong></span> 
     </span>
    </p>
   </div>
   <div class='ocr_carea' id='block_1_5' title="bbox 124 743 892 872">
    <p class='ocr_par' dir='ltr' id='par_1_5' title="bbox 124 743 892 872">
     <span class='ocr_line' id='line_1_8' title="bbox 124 743 892 819; baseline -0.001 -29"><span class='ocrx_word' id='word_1_51' title='bbox 124 747 162 793; x_wconf 79' lang='lat'><strong>29.</strong></span> <span class='ocrx_word' id='word_1_52' title='bbox 185 746 322 794; x_wconf 84' lang='lat' dir='ltr'><strong>lietbodns</strong></span> <span class='ocrx_word' id='word_1_53' title='bbox 335 758 385 804; x_wconf 92' lang='lat' dir='ltr'><strong>pro</strong></span> <span class='ocrx_word' id='word_1_54' title='bbox 399 745 531 803; x_wconf 76' lang='lat' dir='ltr'><strong>erigendis</strong></span> <span class='ocrx_word' id='word_1_55' title='bbox 545 745 703 819; x_wconf 76' lang='lat' dir='ltr'><strong>stationibus</strong></span> <span class='ocrx_word' id='word_1_56' title='bbox 717 743 783 790; x_wconf 79' lang='lat' dir='ltr'><strong>Vino</strong></span> <span class='ocrx_word' id='word_1_57' title='bbox 796 744 892 790; x_wconf 73' lang='lat' dir='ltr'><strong>Crucis.</strong></span> 
     </span>
     <span class='ocr_line' id='line_1_9' title="bbox 212 818 808 872; baseline -0.003 -10"><span class='ocrx_word' id='word_1_58' title='bbox 212 822 256 872; x_wconf 81' lang='lat' dir='ltr'><strong>(lix</strong></span> <span class='ocrx_word' id='word_1_59' title='bbox 268 823 325 862; x_wconf 90' lang='lat' dir='ltr'><strong>libro</strong></span> <span class='ocrx_word' id='word_1_60' title='bbox 340 822 363 865; x_wconf 86' lang='lat' dir='ltr'><strong>P.</strong></span> <span class='ocrx_word' id='word_1_61' title='bbox 377 821 462 862; x_wconf 80' lang='lat' dir='ltr'><strong>Manrel</strong></span> <span class='ocrx_word' id='word_1_62' title='bbox 476 821 522 870; x_wconf 80' lang='lat' dir='ltr'><strong>„Le</strong></span> <span class='ocrx_word' id='word_1_63' title='bbox 537 820 636 860; x_wconf 80' lang='lat' dir='ltr'><strong>ehrdtion</strong></span> <span class='ocrx_word' id='word_1_64' title='bbox 650 819 744 860; x_wconf 72' lang='lat' dir='ltr'><strong>erinne‘</strong></span> <span class='ocrx_word' id='word_1_65' title='bbox 759 818 808 870; x_wconf 85' lang='lat' dir='ltr'><strong>ste.)</strong></span> 
     </span>
    </p>
   </div>
   <div class='ocr_carea' id='block_1_6' title="bbox 155 888 857 952">
    <p class='ocr_par' dir='ltr' id='par_1_6' title="bbox 155 888 857 952">
     <span class='ocr_line' id='line_1_10' title="bbox 155 888 857 952; baseline -0.009 -18"><span class='ocrx_word' id='word_1_66' title='bbox 155 895 269 952; x_wconf 67' lang='grc' dir='ltr'><strong>Δ(ὶίοιιιιιι</strong></span> <span class='ocrx_word' id='word_1_67' title='bbox 284 895 371 936; x_wconf 87' lang='lat' dir='ltr'><strong>Ordlnls</strong></span> <span class='ocrx_word' id='word_1_68' title='bbox 385 895 495 934; x_wconf 75' lang='lat' dir='ltr'><strong>minorum</strong></span> <span class='ocrx_word' id='word_1_69' title='bbox 509 893 679 948; x_wconf 82' lang='lat' dir='ltr'><strong>Observantium</strong></span> <span class='ocrx_word' id='word_1_70' title='bbox 692 891 715 932; x_wconf 82' lang='grc'><strong>8.</strong></span> <span class='ocrx_word' id='word_1_71' title='bbox 729 888 857 940; x_wconf 76' lang='lat' dir='ltr'><strong>Francisci.)</strong></span> 
     </span>
    </p>
   </div>
   <div class='ocr_carea' id='block_1_7' title="bbox 107 961 911 1670">
    <p class='ocr_par' dir='ltr' id='par_1_7' title="bbox 107 961 911 1600">
     <span class='ocr_line' id='line_1_11' title="bbox 146 961 906 1032; baseline -0.005 -14"><span class='ocrx_word' id='word_1_72' title='bbox 146 963 279 1018; x_wconf 84' lang='lat' dir='ltr'><strong>Sacerdos</strong></span> <span class='ocrx_word' id='word_1_73' title='bbox 295 963 485 1032; x_wconf 74' lang='lat' dir='ltr'><strong>superpelliceo</strong></span> <span class='ocrx_word' id='word_1_74' title='bbox 505 968 530 1018; x_wconf 82' lang='lat' dir='ltr'><strong>ei</strong></span> <span class='ocrx_word' id='word_1_75' title='bbox 541 963 611 1018; x_wconf 81' lang='lat' dir='ltr'><strong>stola</strong></span> <span class='ocrx_word' id='word_1_76' title='bbox 622 962 736 1016; x_wconf 78' lang='lat' dir='ltr'><strong>violacei</strong></span> <span class='ocrx_word' id='word_1_77' title='bbox 752 961 849 1016; x_wconf 70' lang='lat' dir='ltr'><strong>colons</strong></span> <span class='ocrx_word' id='word_1_78' title='bbox 865 961 906 1014; x_wconf 70' lang='lat' dir='ltr'><strong>in»</strong></span> 
     </span>
     <span class='ocr_line' id='line_1_12' title="bbox 110 1033 907 1102; baseline -0.006 -12"><span class='ocrx_word' id='word_1_79' title='bbox 110 1035 194 1090; x_wconf 80' lang='lat' dir='ltr'><strong>datas</strong></span> <span class='ocrx_word' id='word_1_80' title='bbox 210 1051 266 1090; x_wconf 81' lang='lat' dir='ltr'><strong>saro</strong></span> <span class='ocrx_word' id='word_1_81' title='bbox 283 1035 378 1090; x_wconf 85' lang='lat' dir='ltr'><strong>saltem</strong></span> <span class='ocrx_word' id='word_1_82' title='bbox 395 1033 632 1100; x_wconf 68' lang='lat' dir='ltr'><strong>ambrosianico,</strong></span> <span class='ocrx_word' id='word_1_83' title='bbox 650 1034 700 1102; x_wconf 78' lang='lat' dir='ltr'><strong>gni</strong></span> <span class='ocrx_word' id='word_1_84' title='bbox 714 1034 740 1086; x_wconf 81' lang='lat' dir='ltr'><strong>ei</strong></span> <span class='ocrx_word' id='word_1_85' title='bbox 756 1037 907 1100; x_wconf 77' lang='lat' dir='ltr'><strong>opportuno</strong></span> 
     </span>
     <span class='ocr_line' id='line_1_13' title="bbox 110 1102 908 1175; baseline -0.005 -13"><span class='ocrx_word' id='word_1_86' title='bbox 110 1113 228 1174; x_wconf 70' lang='lat' dir='ltr'><strong>tempore</strong></span> <span class='ocrx_word' id='word_1_87' title='bbox 241 1107 383 1175; x_wconf 75' lang='lat' dir='ltr'><strong>porrigere</strong></span> <span class='ocrx_word' id='word_1_88' title='bbox 395 1107 484 1173; x_wconf 76' lang='lat' dir='ltr'><strong>poscit</strong></span> <span class='ocrx_word' id='word_1_89' title='bbox 497 1105 636 1158; x_wconf 68' lang='lat' dir='ltr'><strong>amasiam</strong></span> <span class='ocrx_word' id='word_1_90' title='bbox 653 1120 741 1174; x_wconf 74' lang='lat' dir='ltr'><strong>agnae</strong></span> <span class='ocrx_word' id='word_1_91' title='bbox 756 1102 908 1158; x_wconf 77' lang='lat' dir='ltr'><strong>benedictae</strong></span> 
     </span>
     <span class='ocr_line' id='line_1_14' title="bbox 111 1174 907 1260; baseline -0.004 -29"><span class='ocrx_word' id='word_1_92' title='bbox 111 1193 172 1231; x_wconf 84' lang='lat' dir='ltr'><strong>cam</strong></span> <span class='ocrx_word' id='word_1_93' title='bbox 189 1178 350 1260; x_wconf 64' lang='lat' dir='ltr'><strong>asperam,</strong></span> <span class='ocrx_word' id='word_1_94' title='bbox 367 1181 393 1259; x_wconf 81' lang='lat' dir='ltr'><strong>et</strong></span> <span class='ocrx_word' id='word_1_95' title='bbox 402 1175 568 1257; x_wconf 77' lang='lat' dir='ltr'><strong>tbnrcbnbnn</strong></span> <span class='ocrx_word' id='word_1_96' title='bbox 581 1191 642 1229; x_wconf 85' lang='lat' dir='ltr'><strong>enm</strong></span> <span class='ocrx_word' id='word_1_97' title='bbox 656 1176 761 1258; x_wconf 62' lang='lat' dir='ltr'><strong>emensi</strong></span> <span class='ocrx_word' id='word_1_98' title='bbox 771 1174 907 1240; x_wconf 61' lang='lat' dir='ltr'><strong>noemma,</strong></span> 
     </span>
     <span class='ocr_line' id='line_1_15' title="bbox 107 1247 909 1387; baseline -0.001 -15"><span class='ocrx_word' id='word_1_99' title='bbox 107 1246 660 1387; x_wconf 47' lang='lat' dir='ltr'><strong>wan</strong></span> <span class='ocrx_word' id='word_1_100' title='bbox 671 1317 909 1385; x_wconf 62' lang='grc' dir='ltr'>ιιι,</span> 
     </span>
     <span class='ocr_line' id='line_1_16' title="bbox 108 1387 911 1458; baseline -0.001 -16"><span class='ocrx_word' id='word_1_101' title='bbox 108 1389 207 1458; x_wconf 78' lang='lat' dir='ltr'><strong>palam</strong></span> <span class='ocrx_word' id='word_1_102' title='bbox 220 1389 386 1458; x_wconf 58' lang='lat' dir='ltr'><strong>allegantem</strong></span> <span class='ocrx_word' id='word_1_103' title='bbox 400 1387 497 1442; x_wconf 78' lang='lat' dir='ltr'><strong>danae</strong></span> <span class='ocrx_word' id='word_1_104' title='bbox 508 1388 663 1456; x_wconf 74' lang='lat' dir='ltr'><strong>pcnafleens</strong></span> <span class='ocrx_word' id='word_1_105' title='bbox 675 1405 706 1441; x_wconf 88' lang='lat' dir='ltr'><strong>sn</strong></span> <span class='ocrx_word' id='word_1_106' title='bbox 714 1387 807 1454; x_wconf 62' lang='lat' dir='ltr'><strong>animo</strong></span> <span class='ocrx_word' id='word_1_107' title='bbox 819 1387 911 1457; x_wconf 74' lang='lat' dir='ltr'><strong>prada</strong></span> 
     </span>
     <span class='ocr_line' id='line_1_17' title="bbox 112 1457 911 1534; baseline 0 -20"><span class='ocrx_word' id='word_1_108' title='bbox 112 1459 247 1514; x_wconf 78' lang='lat' dir='ltr'><strong>intonabit</strong></span> <span class='ocrx_word' id='word_1_109' title='bbox 259 1459 415 1528; x_wconf 64' lang='lat' dir='ltr'><strong>Hennam:</strong></span> <span class='ocrx_word' id='word_1_110' title='bbox 428 1459 498 1534; x_wconf 86' lang='lat' dir='ltr'><strong>Veni</strong></span> <span class='ocrx_word' id='word_1_111' title='bbox 511 1459 623 1516; x_wconf 77' lang='lat' dir='ltr'><strong>Creator</strong></span> <span class='ocrx_word' id='word_1_112' title='bbox 636 1457 759 1528; x_wconf 78' lang='lat' dir='ltr'><strong>Spiritus,</strong></span> <span class='ocrx_word' id='word_1_113' title='bbox 773 1465 822 1514; x_wconf 87' lang='lat' dir='ltr'><strong>etc.</strong></span> <span class='ocrx_word' id='word_1_114' title='bbox 838 1458 911 1525; x_wconf 75' lang='lat' dir='ltr'><strong>(eide</strong></span> 
     </span>
     <span class='ocr_line' id='line_1_18' title="bbox 113 1533 398 1600; baseline 0.004 -1"><span class='ocrx_word' id='word_1_115' title='bbox 113 1546 199 1599; x_wconf 74' lang='lat' dir='ltr'><strong>supra</strong></span> <span class='ocrx_word' id='word_1_116' title='bbox 213 1547 278 1600; x_wconf 76' lang='lat' dir='ltr'><strong>ees-</strong></span> <span class='ocrx_word' id='word_1_117' title='bbox 298 1533 371 1598; x_wconf 69' lang='lat' dir='ltr'><strong>ees)</strong></span> <span class='ocrx_word' id='word_1_118' title='bbox 394 1593 398 1600; x_wconf 93' lang='lat'><em>.</em></span> 
     </span>
    </p>

    <p class='ocr_par' dir='ltr' id='par_1_8' title="bbox 155 1599 910 1670">
     <span class='ocr_line' id='line_1_19' title="bbox 155 1599 910 1670; baseline -0.005 -14"><span class='ocrx_word' id='word_1_119' title='bbox 155 1602 184 1656; x_wconf 90' lang='lat' dir='ltr'><strong>V.</strong></span> <span class='ocrx_word' id='word_1_120' title='bbox 202 1602 303 1659; x_wconf 85' lang='lat' dir='ltr'><strong>Emitte</strong></span> <span class='ocrx_word' id='word_1_121' title='bbox 322 1601 450 1670; x_wconf 84' lang='lat' dir='ltr'><strong>Spiritum</strong></span> <span class='ocrx_word' id='word_1_122' title='bbox 473 1608 560 1670; x_wconf 87' lang='lat' dir='ltr'><strong>tuum,</strong></span> <span class='ocrx_word' id='word_1_123' title='bbox 585 1608 613 1658; x_wconf 90' lang='lat' dir='ltr'><strong>et</strong></span> <span class='ocrx_word' id='word_1_124' title='bbox 637 1600 812 1667; x_wconf 86' lang='lat' dir='ltr'><strong>creabuntur,</strong></span> <span class='ocrx_word' id='word_1_125' title='bbox 836 1599 910 1668; x_wconf 87' lang='lat' dir='ltr'><strong>(tp.</strong></span> 
     </span>
    </p>
   </div>
   <div class='ocr_carea' id='block_1_8' title="bbox 112 1672 911 2882">
    <p class='ocr_par' dir='ltr' id='par_1_9' title="bbox 113 1672 247 1742">
     <span class='ocr_line' id='line_1_20' title="bbox 113 1672 247 1742; baseline -0.015 -14"><span class='ocrx_word' id='word_1_126' title='bbox 113 1672 247 1742; x_wconf 84' lang='lat' dir='ltr'><strong>Alleluia.)</strong></span> 
     </span>
    </p>

    <p class='ocr_par' dir='ltr' id='par_1_10' title="bbox 149 1742 864 1812">
     <span class='ocr_line' id='line_1_21' title="bbox 149 1742 864 1812; baseline 0.003 -14"><span class='ocrx_word' id='word_1_127' title='bbox 149 1743 183 1798; x_wconf 83' lang='lat' dir='ltr'><strong>R.</strong></span> <span class='ocrx_word' id='word_1_128' title='bbox 201 1743 239 1798; x_wconf 85' lang='lat' dir='ltr'><strong>Et</strong></span> <span class='ocrx_word' id='word_1_129' title='bbox 255 1743 398 1799; x_wconf 80' lang='lat' dir='ltr'><strong>renovabis</strong></span> <span class='ocrx_word' id='word_1_130' title='bbox 414 1742 511 1798; x_wconf 82' lang='lat' dir='ltr'><strong>faciem</strong></span> <span class='ocrx_word' id='word_1_131' title='bbox 527 1751 617 1800; x_wconf 78' lang='lat' dir='ltr'><strong>terrea</strong></span> <span class='ocrx_word' id='word_1_132' title='bbox 636 1743 665 1812; x_wconf 85' lang='lat' dir='ltr'><strong>(t</strong></span> <span class='ocrx_word' id='word_1_133' title='bbox 682 1759 709 1812; x_wconf 92' lang='lat' dir='ltr'><strong>p.</strong></span> <span class='ocrx_word' id='word_1_134' title='bbox 728 1742 864 1810; x_wconf 83' lang='lat' dir='ltr'><strong>Alleluia)</strong></span> 
     </span>
    </p>

    <p class='ocr_par' dir='ltr' id='par_1_11' title="bbox 113 1811 911 2026">
     <span class='ocr_line' id='line_1_22' title="bbox 152 1811 909 1884; baseline -0.003 -14"><span class='ocrx_word' id='word_1_135' title='bbox 152 1814 271 1870; x_wconf 79' lang='lat' dir='ltr'><strong>Oramus.</strong></span> <span class='ocrx_word' id='word_1_136' title='bbox 306 1815 396 1884; x_wconf 91' lang='lat' dir='ltr'><strong>Deus,</strong></span> <span class='ocrx_word' id='word_1_137' title='bbox 421 1815 467 1883; x_wconf 87' lang='lat' dir='ltr'><strong>qui</strong></span> <span class='ocrx_word' id='word_1_138' title='bbox 490 1815 572 1870; x_wconf 91' lang='lat' dir='ltr'><strong>corda</strong></span> <span class='ocrx_word' id='word_1_139' title='bbox 588 1813 707 1869; x_wconf 85' lang='lat' dir='ltr'><strong>fidelium</strong></span> <span class='ocrx_word' id='word_1_140' title='bbox 724 1814 809 1870; x_wconf 89' lang='lat' dir='ltr'><strong>sancti</strong></span> <span class='ocrx_word' id='word_1_141' title='bbox 827 1811 909 1880; x_wconf 86' lang='lat' dir='ltr'><strong>Spiri-</strong></span> 
     </span>
     <span class='ocr_line' id='line_1_23' title="bbox 113 1883 911 1955; baseline -0.004 -14"><span class='ocrx_word' id='word_1_142' title='bbox 113 1894 158 1941; x_wconf 86' lang='lat' dir='ltr'><strong>tua</strong></span> <span class='ocrx_word' id='word_1_143' title='bbox 175 1886 353 1942; x_wconf 84' lang='lat' dir='ltr'><strong>illustratione</strong></span> <span class='ocrx_word' id='word_1_144' title='bbox 366 1885 487 1955; x_wconf 88' lang='lat' dir='ltr'><strong>docuisti,</strong></span> <span class='ocrx_word' id='word_1_145' title='bbox 506 1885 541 1942; x_wconf 87' lang='lat' dir='ltr'><strong>da</strong></span> <span class='ocrx_word' id='word_1_146' title='bbox 559 1886 636 1941; x_wconf 90' lang='lat' dir='ltr'><strong>uobis</strong></span> <span class='ocrx_word' id='word_1_147' title='bbox 654 1887 683 1940; x_wconf 89' lang='lat' dir='ltr'><strong>in</strong></span> <span class='ocrx_word' id='word_1_148' title='bbox 701 1885 796 1940; x_wconf 91' lang='lat' dir='ltr'><strong>eodem</strong></span> <span class='ocrx_word' id='word_1_149' title='bbox 809 1883 911 1953; x_wconf 78' lang='lat' dir='ltr'><strong>Spiritu</strong></span> 
     </span>
     <span class='ocr_line' id='line_1_24' title="bbox 113 1955 910 2026; baseline -0.003 -14"><span class='ocrx_word' id='word_1_150' title='bbox 113 1963 188 2012; x_wconf 85' lang='lat' dir='ltr'><strong>rocta</strong></span> <span class='ocrx_word' id='word_1_151' title='bbox 201 1972 306 2025; x_wconf 86' lang='lat' dir='ltr'><strong>sapere,</strong></span> <span class='ocrx_word' id='word_1_152' title='bbox 316 1963 344 2013; x_wconf 93' lang='lat' dir='ltr'><strong>et</strong></span> <span class='ocrx_word' id='word_1_153' title='bbox 355 1957 389 2012; x_wconf 90' lang='lat' dir='ltr'><strong>de</strong></span> <span class='ocrx_word' id='word_1_154' title='bbox 403 1958 461 2012; x_wconf 90' lang='lat' dir='ltr'><strong>eins</strong></span> <span class='ocrx_word' id='word_1_155' title='bbox 476 1972 582 2026; x_wconf 86' lang='lat' dir='ltr'><strong>semper</strong></span> <span class='ocrx_word' id='word_1_156' title='bbox 591 1957 773 2014; x_wconf 88' lang='lat' dir='ltr'><strong>consolatione</strong></span> <span class='ocrx_word' id='word_1_157' title='bbox 783 1955 910 2024; x_wconf 90' lang='lat' dir='ltr'><strong>gaudere.</strong></span> 
     </span>
    </p>

    <p class='ocr_par' dir='ltr' id='par_1_12' title="bbox 112 2027 911 2372">
     <span class='ocr_line' id='line_1_25' title="bbox 149 2027 911 2097; baseline -0.003 -15"><span class='ocrx_word' id='word_1_158' title='bbox 149 2027 281 2096; x_wconf 86' lang='lat' dir='ltr'><strong>Defende,</strong></span> <span class='ocrx_word' id='word_1_159' title='bbox 303 2043 472 2097; x_wconf 85' lang='lat' dir='ltr'><strong>quaesumus,</strong></span> <span class='ocrx_word' id='word_1_160' title='bbox 489 2029 612 2097; x_wconf 87' lang='lat' dir='ltr'><strong>Domine,</strong></span> <span class='ocrx_word' id='word_1_161' title='bbox 636 2029 722 2084; x_wconf 85' lang='lat' dir='ltr'><strong>Beata</strong></span> <span class='ocrx_word' id='word_1_162' title='bbox 738 2027 826 2084; x_wconf 79' lang='lat' dir='ltr'><strong>Maria</strong></span> <span class='ocrx_word' id='word_1_163' title='bbox 843 2041 911 2082; x_wconf 89' lang='lat' dir='ltr'><strong>sem·</strong></span> 
     </span>
     <span class='ocr_line' id='line_1_26' title="bbox 114 2096 910 2168; baseline 0.001 -14"><span class='ocrx_word' id='word_1_164' title='bbox 114 2114 164 2168; x_wconf 90' lang='lat' dir='ltr'><strong>per</strong></span> <span class='ocrx_word' id='word_1_165' title='bbox 182 2099 292 2168; x_wconf 82' lang='lat' dir='ltr'><strong>Virgine</strong></span> <span class='ocrx_word' id='word_1_166' title='bbox 309 2099 500 2168; x_wconf 87' lang='lat' dir='ltr'><strong>intercedente,</strong></span> <span class='ocrx_word' id='word_1_167' title='bbox 519 2100 648 2168; x_wconf 87' lang='lat' dir='ltr'><strong>populum</strong></span> <span class='ocrx_word' id='word_1_168' title='bbox 665 2100 746 2156; x_wconf 89' lang='lat' dir='ltr'><strong>istum</strong></span> <span class='ocrx_word' id='word_1_169' title='bbox 765 2096 910 2166; x_wconf 76' lang='lat' dir='ltr'><strong>(belismi.</strong></span> 
     </span>
     <span class='ocr_line' id='line_1_27' title="bbox 112 2168 911 2240; baseline -0.005 -14"><span class='ocrx_word' id='word_1_170' title='bbox 112 2171 177 2226; x_wconf 77' lang='lat' dir='ltr'><strong>bam</strong></span> <span class='ocrx_word' id='word_1_171' title='bbox 194 2170 282 2240; x_wconf 87' lang='lat' dir='ltr'><strong>istam)</strong></span> <span class='ocrx_word' id='word_1_172' title='bbox 301 2170 334 2226; x_wconf 86' lang='lat' dir='ltr'><strong>ab</strong></span> <span class='ocrx_word' id='word_1_173' title='bbox 353 2171 425 2226; x_wconf 89' lang='lat' dir='ltr'><strong>omni</strong></span> <span class='ocrx_word' id='word_1_174' title='bbox 443 2171 616 2240; x_wconf 85' lang='lat' dir='ltr'><strong>adversitate,</strong></span> <span class='ocrx_word' id='word_1_175' title='bbox 638 2171 669 2226; x_wconf 81' lang='lat' dir='ltr'><strong>&#39;et</strong></span> <span class='ocrx_word' id='word_1_176' title='bbox 685 2177 743 2225; x_wconf 92' lang='lat' dir='ltr'><strong>toto</strong></span> <span class='ocrx_word' id='word_1_177' title='bbox 762 2168 843 2224; x_wconf 89' lang='lat' dir='ltr'><strong>corde</strong></span> <span class='ocrx_word' id='word_1_178' title='bbox 861 2168 911 2223; x_wconf 90' lang='lat' dir='ltr'><strong>tibi</strong></span> 
     </span>
     <span class='ocr_line' id='line_1_28' title="bbox 112 2239 911 2313; baseline -0.001 -16"><span class='ocrx_word' id='word_1_179' title='bbox 112 2249 277 2312; x_wconf 82' lang='lat' dir='ltr'><strong>prostratum</strong></span> <span class='ocrx_word' id='word_1_180' title='bbox 305 2241 357 2309; x_wconf 85' lang='lat' dir='ltr'><strong>(cel</strong></span> <span class='ocrx_word' id='word_1_181' title='bbox 380 2243 551 2313; x_wconf 75' lang='lat' dir='ltr'><strong>prostratam)</strong></span> <span class='ocrx_word' id='word_1_182' title='bbox 579 2242 612 2296; x_wconf 92' lang='lat' dir='ltr'><strong>ab</strong></span> <span class='ocrx_word' id='word_1_183' title='bbox 637 2241 755 2296; x_wconf 92' lang='lat' dir='ltr'><strong>hostium</strong></span> <span class='ocrx_word' id='word_1_184' title='bbox 779 2239 911 2309; x_wconf 85' lang='lat' dir='ltr'><strong>propitius</strong></span> 
     </span>
     <span class='ocr_line' id='line_1_29' title="bbox 112 2313 480 2372; baseline 0.011 -4"><span class='ocrx_word' id='word_1_185' title='bbox 112 2321 189 2368; x_wconf 91' lang='lat' dir='ltr'><strong>tuere</strong></span> <span class='ocrx_word' id='word_1_186' title='bbox 207 2314 351 2368; x_wconf 90' lang='lat' dir='ltr'><strong>clementer</strong></span> <span class='ocrx_word' id='word_1_187' title='bbox 368 2313 480 2372; x_wconf 88' lang='lat' dir='ltr'><strong>insidiis.</strong></span> 
     </span>
    </p>

    <p class='ocr_par' dir='ltr' id='par_1_13' title="bbox 112 2381 911 2666">
     <span class='ocr_line' id='line_1_30' title="bbox 148 2381 910 2453; baseline -0.007 -13"><span class='ocrx_word' id='word_1_188' title='bbox 148 2385 277 2441; x_wconf 80' lang='lat' dir='ltr'><strong>Actiones</strong></span> <span class='ocrx_word' id='word_1_189' title='bbox 293 2391 408 2453; x_wconf 82' lang='lat' dir='ltr'><strong>nostres,</strong></span> <span class='ocrx_word' id='word_1_190' title='bbox 434 2399 602 2453; x_wconf 85' lang='lat' dir='ltr'><strong>quaesumus,</strong></span> <span class='ocrx_word' id='word_1_191' title='bbox 625 2384 748 2451; x_wconf 89' lang='lat' dir='ltr'><strong>Domine,</strong></span> <span class='ocrx_word' id='word_1_192' title='bbox 768 2381 910 2450; x_wconf 82' lang='lat' dir='ltr'><strong>aspirando</strong></span> 
     </span>
     <span class='ocr_line' id='line_1_31' title="bbox 112 2455 911 2526; baseline -0.001 -18"><span class='ocrx_word' id='word_1_193' title='bbox 112 2457 242 2523; x_wconf 85' lang='lat' dir='ltr'><strong>praeveni</strong></span> <span class='ocrx_word' id='word_1_194' title='bbox 260 2463 287 2512; x_wconf 92' lang='lat' dir='ltr'><strong>et</strong></span> <span class='ocrx_word' id='word_1_195' title='bbox 301 2455 452 2510; x_wconf 83' lang='lat' dir='ltr'><strong>adiuvando</strong></span> <span class='ocrx_word' id='word_1_196' title='bbox 467 2471 641 2526; x_wconf 86' lang='lat' dir='ltr'><strong>prosequere,</strong></span> <span class='ocrx_word' id='word_1_197' title='bbox 659 2463 690 2510; x_wconf 93' lang='lat' dir='ltr'><strong>ut</strong></span> <span class='ocrx_word' id='word_1_198' title='bbox 707 2461 802 2510; x_wconf 88' lang='lat' dir='ltr'><strong>cuncta</strong></span> <span class='ocrx_word' id='word_1_199' title='bbox 818 2460 911 2508; x_wconf 89' lang='lat' dir='ltr'><strong>nostra</strong></span> 
     </span>
     <span class='ocr_line' id='line_1_32' title="bbox 114 2526 911 2596; baseline -0.001 -17"><span class='ocrx_word' id='word_1_200' title='bbox 114 2527 200 2581; x_wconf 92' lang='lat' dir='ltr'><strong>oratio</strong></span> <span class='ocrx_word' id='word_1_201' title='bbox 224 2534 251 2582; x_wconf 89' lang='lat' dir='ltr'><strong>et</strong></span> <span class='ocrx_word' id='word_1_202' title='bbox 276 2527 397 2596; x_wconf 86' lang='lat' dir='ltr'><strong>operatio</strong></span> <span class='ocrx_word' id='word_1_203' title='bbox 416 2543 432 2582; x_wconf 86' lang='lat' dir='ltr'><strong>a</strong></span> <span class='ocrx_word' id='word_1_204' title='bbox 449 2535 477 2582; x_wconf 89' lang='lat' dir='ltr'><strong>te</strong></span> <span class='ocrx_word' id='word_1_205' title='bbox 496 2543 601 2596; x_wconf 90' lang='lat' dir='ltr'><strong>semper</strong></span> <span class='ocrx_word' id='word_1_206' title='bbox 618 2526 741 2596; x_wconf 87' lang='lat' dir='ltr'><strong>incipiat,</strong></span> <span class='ocrx_word' id='word_1_207' title='bbox 770 2532 797 2580; x_wconf 90' lang='lat' dir='ltr'><strong>et</strong></span> <span class='ocrx_word' id='word_1_208' title='bbox 814 2540 864 2596; x_wconf 91' lang='lat' dir='ltr'><strong>per</strong></span> <span class='ocrx_word' id='word_1_209' title='bbox 882 2533 911 2579; x_wconf 88' lang='lat' dir='ltr'><strong>te</strong></span> 
     </span>
     <span class='ocr_line' id='line_1_33' title="bbox 113 2596 803 2666; baseline -0.001 -14"><span class='ocrx_word' id='word_1_210' title='bbox 113 2604 211 2666; x_wconf 88' lang='lat' dir='ltr'><strong>coepta</strong></span> <span class='ocrx_word' id='word_1_211' title='bbox 226 2596 341 2654; x_wconf 85' lang='lat' dir='ltr'><strong>finiatur.</strong></span> <span class='ocrx_word' id='word_1_212' title='bbox 376 2599 430 2653; x_wconf 91' lang='lat' dir='ltr'><strong>Per</strong></span> <span class='ocrx_word' id='word_1_213' title='bbox 446 2598 590 2653; x_wconf 90' lang='lat' dir='ltr'><strong>Dominum</strong></span> <span class='ocrx_word' id='word_1_214' title='bbox 606 2605 735 2666; x_wconf 78' lang='lat' dir='ltr'><strong>noenum,</strong></span> <span class='ocrx_word' id='word_1_215' title='bbox 753 2603 803 2652; x_wconf 91' lang='lat' dir='ltr'><strong>etc.</strong></span> 
     </span>
    </p>

    <p class='ocr_par' dir='ltr' id='par_1_14' title="bbox 112 2665 908 2806">
     <span class='ocr_line' id='line_1_34' title="bbox 149 2665 908 2806; baseline 0.001 -85"><span class='ocrx_word' id='word_1_216' title='bbox 149 2667 359 2806; x_wconf 70' lang='lat' dir='ltr'><strong>B)snedictio</strong></span> <span class='ocrx_word' id='word_1_217' title='bbox 377 2669 578 2726; x_wconf 89' lang='lat' dir='ltr'><strong>tabularum</strong></span> <span class='ocrx_word' id='word_1_218' title='bbox 601 2670 780 2738; x_wconf 88' lang='lat' dir='ltr'><strong>pictarum</strong></span> <span class='ocrx_word' id='word_1_219' title='bbox 805 2667 844 2734; x_wconf 84' lang='lat' dir='ltr'><strong>(si</strong></span> <span class='ocrx_word' id='word_1_220' title='bbox 860 2665 908 2722; x_wconf 69' lang='lat' dir='ltr'><strong>ad</strong></span> 
     </span>
     <span class='ocr_line' id='line_1_35' title="bbox 112 2743 196 2793; baseline -0.012 0"><span class='ocrx_word' id='word_1_221' title='bbox 112 2743 196 2793; x_wconf 84' lang='lat' dir='ltr'><strong>sant.</strong></span> 
     </span>
    </p>

    <p class='ocr_par' dir='ltr' id='par_1_15' title="bbox 154 2809 842 2882">
     <span class='ocr_line' id='line_1_36' title="bbox 154 2809 842 2882; baseline -0.009 -13"><span class='ocrx_word' id='word_1_222' title='bbox 154 2809 184 2869; x_wconf 87' lang='lat' dir='ltr'><strong>V.</strong></span> <span class='ocrx_word' id='word_1_223' title='bbox 203 2809 392 2868; x_wconf 72' lang='lat' dir='ltr'><strong>aunarium.</strong></span> <span class='ocrx_word' id='word_1_224' title='bbox 408 2852 414 2868; x_wconf 93' lang='lat'><em>.</em></span> <span class='ocrx_word' id='word_1_225' title='bbox 429 2854 436 2868; x_wconf 92' lang='lat'>.</span> <span class='ocrx_word' id='word_1_226' title='bbox 454 2811 490 2868; x_wconf 84' lang='lat' dir='ltr'><strong>R.</strong></span> <span class='ocrx_word' id='word_1_227' title='bbox 509 2811 561 2882; x_wconf 75' lang='lat' dir='ltr'><strong>Qui</strong></span> <span class='ocrx_word' id='word_1_228' title='bbox 577 2809 642 2868; x_wconf 88' lang='lat' dir='ltr'><strong>iecit</strong></span> <span class='ocrx_word' id='word_1_229' title='bbox 659 2809 771 2880; x_wconf 88' lang='lat' dir='ltr'><strong>coelum,</strong></span> <span class='ocrx_word' id='word_1_230' title='bbox 791 2815 842 2866; x_wconf 91' lang='lat' dir='ltr'><strong>etc.</strong></span> 
     </span>
    </p>
   </div>
   <div class='ocr_carea' id='block_1_9' title="bbox 0 0 1059 3222">
    <p class='ocr_par' dir='ltr' id='par_1_16' title="bbox 0 0 1059 3222">
     <span class='ocr_line' id='line_1_37' title="bbox 0 0 1059 3222; baseline 0 0"><span class='ocrx_word' id='word_1_231' title='bbox 0 0 1059 3222; x_wconf 95' lang='lat' dir='ltr'><strong> </strong></span> 
     </span>
    </p>
   </div>
  </div>
 </body>
</html>
