2106 3228
247 195 352 237 Materiae
366 197 524 237 nonnullarum
537 197 709 240 meditationum.
853 195 880 240 88

101 306 166 358 pesce
182 301 207 349 et
223 296 300 352 lauda
318 301 547 370 omnipotentiam,
574 315 643 369 quae
661 317 715 355 uno
734 307 876 372 momento,

100 366 175 446 paucis
191 369 282 438 verbis,
299 370 347 425 illa
361 373 452 425 omnia
470 372 519 426 sub
534 372 674 440 speciebus
687 372 766 439 panis
781 379 808 426 ct
820 373 875 428 vini

100 443 168 500 pontt
200 439 320 508 Agnosce
346 442 479 496 infinitum
498 459 626 511 amorem,
656 458 709 510 quc
734 443 786 496 hoc
804 441 875 498 iacit.

100 504 160 560 Sicut
174 507 250 564 Pater
272 515 311 566 sic
335 514 433 567 dilexit
450 514 592 583 mundum,
620 519 652 567 ut
674 514 781 566 Filium
799 529 877 568 suum

98 579 243 646 nouatum
262 583 353 652 duret,·
374 586 414 639 ita
433 592 460 638 et
477 585 570 654 Filius,
589 591 619 638 ut
637 599 667 640 se
685 585 774 652 ipsum
792 584 876 655 daret,

98 655 124 701 ut
133 659 194 705 esset
206 654 340 709 nobiscum
352 672 437 724 usque
446 656 484 710 ad
498 657 752 710 consummationem
769 657 877 711 saeculi.

99 717 298 802 (ladmirabilem
310 734 338 781 et
353 727 495 780 amabilem
512 727 613 780 Deum!
636 726 715 794 Quod
734 725 768 780 de
786 733 813 780 te
833 743 875 781 eo·

97 795 209 873 atterent,
227 798 467 867 armeniacum,
486 806 614 865 quantum
632 798 693 852 est?
713 797 762 852 sed
775 805 875 864 quanto

96 877 179 932 muas,
203 867 369 934 quodmodo
389 870 418 922 in
435 876 462 923 te
480 870 555 938 velut
573 868 660 924 denuo
679 875 818 938 nascatur,
849 876 877 924 et
934 889 936 893 ’

96 933 174 989 eadem
198 939 284 993 omnia
315 957 408 996 secum
436 937 545 1010 afferat,
577 956 646 1008 quae
674 947 737 994 tunc
765 941 877 996 attulit?

97 1003 156 1073 Quid
169 1011 294 1064 retribues
311 1009 455 1066 Domino?

122 1075 152 1143 Il.
176 1079 306 1136 Dominus
316 1083 407 1150 Jesus‚
425 1083 456 1134 r'n
473 1099 528 1150 pua
542 1087 618 1136 nocte
632 1081 792 1136 tradebatur
807 1084 877 1136 acci

91 1147 158 1227 aare
175 1167 276 1222 panem,
297 1161 350 1208 etc.
386 1153 533 1208 Considera
550 1163 656 1221 tempus
674 1153 754 1208 huius
772 1154 877 1208 institu-

92 1219 167 1275 ucnis.
199 1223 265 1278 Erat
282 1224 352 1278 illud
369 1225 464 1292 ipsum,
495 1241 547 1292 quo
568 1225 625 1278 eius
644 1225 716 1277 vitae
736 1225 875 1278 strueban-

92 1293 130 1342 tur
143 1291 256 1364 insidiae,
275 1313 332 1363 quo
343 1295 486 1362 fervebant
499 1295 561 1349 odia
572 1295 737 1349 iudaeorum
749 1296 777 1347 in
789 1296 879 1364 illum3

91 1360 132 1413 scd
147 1380 228 1432 aquae
244 1367 464 1434 persecutionum
475 1382 530 1420 non
545 1371 694 1434 potuerunt
713 1368 881 1435 exstinquere

92 1434 213 1489 carinam
231 1440 298 1495 eius.
337 1438 416 1492 Adeo
435 1446 507 1492 amat
524 1453 574 1492 nos
593 1438 681 1506 etiam,
706 1453 765 1490 cum
783 1437 882 1491 inimici

93 1517 176 1560 sumus.
211 1508 360 1564 Tormenta
378 1509 460 1576 igitur
478 1509 573 1577 vicina,
600 1525 673 1576 crux,
700 1506 810 1561 infamia
827 1524 882 1562 non

93 1587 256 1638 provocarunt
274 1581 478 1648 separationem
491 1579 590 1634 Christi
604 1595 620 1634 a
633 1586 670 1648 te,
689 1578 738 1632 sed
753 1579 882 1633 maiorem
914 1600 916 1606 ¹

96 1648 288 1706 commotionem
308 1667 359 1720 per
377 1651 430 1705 hoc
447 1652 545 1706 amoris
565 1658 591 1704 et
609 1650 715 1704 unionis
729 1649 882 1703 Sacramen-

95 1720 148 1772 tum·
166 1720 228 1790 aaa
241 1739 305 1794 erpo
316 1728 342 1776 te
361 1722 499 1790 separabit
516 1739 535 1775 a
553 1723 667 1775 caritate
686 1719 806 1774 Christi?
825 1721 883 1774 Tri·

97 1785 207 1845 uara?
229 1811 267 1847 an
285 1792 439 1863 enpustia?
463 1809 500 1846 an
516 1791 625 1860 fames?
643 1808 680 1845 an
695 1790 829 1845 nuditas?
846 1808 884 1846 an

91 1861 250 1924 onimium?
274 1865 361 1934 (Rom.
382 1864 418 1932 6.)
447 1863 581 1918 Conclude
606 1878 703 1930 magno
727 1862 882 1931 ardentique

95 1943 184 2058 t{litiga-et:
210 1937 246 1989 In
263 1937 307 1991 lus
324 1935 449 1990 omnibus
466 1935 598 2004 superabo
618 1939 732 2003 propter
750 1950 817 2004 urm,
837 1935 885 2002 qui

190 2023 238 2061 ne.

126 2073 167 2128 Ill.
183 2077 222 2131 Et
238 2076 471 2132 manducantibus
488 2077 551 2144 adis,
570 2075 760 2144 aceptwesus
773 2091 882 2143 panau.

99 2139 177 2206 (Marc.
189 2149 240 2219 14.)
260 2147 419 2216 Considera,
439 2163 506 2215 quos
517 2147 639 2201 Christus
653 2145 804 2200 adhibuerit
822 2163 884 2200 con·

97 2213 170 2286 uvea
187 2220 334 2288 Apostolos
353 2234 460 2287 nempe,
479 2225 506 2273 et
523 2219 594 2272 inter
612 2233 659 2272 eos
678 2218 757 2271 etiam
777 2217 883 2272 Judam.

97 2280 142 2340 Sed
157 2299 253 2356 quanta
271 2291 435 2346 sumentium
448 2290 602 2344 diversitas!
621 2289 660 2342 illi
679 2304 791 2356 corpore
806 2289 884 2343 simul

97 2361 120 2409 et
134 2361 222 2427 spiritu
240 2362 446 2417 ardentissimae
465 2361 634 2427 devotionis3
652 2360 711 2414 iste
722 2361 808 2414 solum
827 2375 884 2414 cor·

97 2439 159 2499 lore,
176 2433 272 2501 spiritu
290 2442 383 2487 autem
400 2434 428 2484 in
445 2432 624 2500 proditionem
650 2431 749 2484 Christi
772 2431 883 2484 intento.

97 2494 154 2555 Vale
170 2503 285 2558 belluam
303 2504 378 2558 illam
396 2504 448 2556 hoc
467 2503 564 2558 amoris
584 2502 642 2556 cibo
661 2518 715 2556 non
728 2501 884 2570 mitigatam,

98 2571 237 2630 etadrerte
257 2574 393 2644 quomodo
413 2575 515 2628 scelera
532 2573 559 2627 in
579 2582 700 2627 catenam
719 2581 796 2641 eant,
825 2588 885 2626 cum

98 2645 184 2724 immo,
211 2662 245 2701 ex
264 2663 317 2714 qua
336 2652 425 2701 ortum
442 2646 560 2714 trahunt,
588 2660 643 2699 non
660 2643 819 2711 tempestive
838 2659 885 2710 op·

98 2716 212 2776 punitur.

126 2801 202 2846 tutu
216 2807 319 2846 utitatis
332 2815 389 2855 opus
404 2807 469 2853 grata
489 2807 562 2844 mente
576 2813 662 2852 semper
675 2801 772 2842 recolam
785 2803 851 2849 atque
865 2802 889 2840 ln

98 2869 133 2912 hoe
146 2885 206 2917 sacro
217 2877 325 2927 mysterio
340 2876 522 2918 commemorabo.
