2138 3226
163 151 206 196 ddi
354 155 435 196 Preces
446 157 498 196 unte
512 157 535 196 ot
547 159 599 206 port
611 157 779 202 contessionem:

169 258 305 313 cxchrnc:
327 257 420 327 Pater,
440 259 554 327 peccaut
576 259 607 311 o'a
632 257 740 324 cociam,
768 263 793 312 et
815 273 908 312 corato
925 264 967 329 te,·

169 329 253 384 redde
271 329 344 399 mihi,
363 330 484 399 obsecro,
497 329 564 390 iicet
580 328 629 382 filii
645 329 752 383 nomine
769 328 887 399 indigno,
905 345 967 399 gru-

169 401 224 456 tiae
241 407 304 456 tuae
318 407 429 470 vestem,
448 415 528 468 qnam
536 400 654 469 peccatis
663 400 729 455 meis
747 399 867 469 perdidi3
886 403 966 456 resti-

170 478 216 527 tuc
236 472 334 527 amoris
351 473 391 527 tui
409 473 543 541 annulum,
569 487 647 539 quern
673 487 764 525 amoro
782 478 967 527 ercammarum

169 543 349 612 pessumdedi,
374 550 405 598 ut
427 544 480 597 hoc
498 551 594 598 ornatu
611 543 752 612 insignitus
769 542 797 596 in
816 557 901 597 coena
917 551 967 600 tua

167 615 354 670 Eucharistica
377 629 531 683 comparere
556 629 671 683 merear,
695 613 797 682 tibique
825 620 966 670 aeteruum

167 687 300 754 coniungi.
336 685 411 824 {omi
437 687 509 742 enim
532 685 678 739 addicerem
703 685 763 739 Deo
790 685 890 739 bonam
917 691 965 742 eat.

200 774 221 812 s.
238 760 273 810 72
300 759 342 810 28.

167 757 230 882 (P4.
267 799 403 882 t'ionfiteor
420 825 562 882 adversum
579 842 622 880 me
640 827 796 882 iniustitiam
805 841 892 881 meum
905 829 965 899 tibi,

110 938 112 943 .
167 898 295 953 Domine!
313 898 404 965 inique
423 899 466 965 egi
483 913 537 952 non
550 897 630 952 modo
645 906 738 954 contra
756 897 861 952 divinae
880 899 963 954 maie·

167 970 245 1024 statis
262 977 325 1024 tuac
343 969 482 1037 honorem,
507 984 601 1023 verum
626 969 706 1023 etiam
731 975 824 1023 contra
848 971 964 1038 proximi

166 1040 220 1093 mei
238 1041 383 1107 caritatem,
407 1054 486 1107 quem
510 1046 541 1094 ut
559 1039 695 1108 diligerem
720 1041 788 1094 siout
805 1055 848 1094 me
866 1040 964 1112 ipsum,

166 1111 336 1180 praecepisti.
374 1111 469 1180 Saepe,
487 1109 583 1180 fateor,
608 1111 779 1179 graviterque
798 1118 892 1166 contra
910 1113 964 1168 hoc

165 1189 241 1236 tuum
259 1189 433 1251 pracceptum
450 1183 574 1251 peccavi;
595 1181 707 1250 cupidus
724 1183 778 1236 heu
796 1183 906 1236 nimium
924 1182 964 1238 fui

165 1267 256 1307 rerum
280 1253 475 1322 temporalium,
503 1253 615 1308 aliorum
640 1252 750 1322 damu03
771 1253 850 1308 nimis
874 1253 964 1310 laudis

165 1325 292 1392 propriae
307 1331 445 1392 appetens,
460 1324 572 1378 aliorum
588 1331 757 1392 contemptu;
776 1324 840 1392 quid
853 1325 962 1380 tamdem

166 1395 288 1464 proderit
305 1397 379 1465 mihi,
398 1396 421 1451 si
438 1396 592 1450 universum
604 1395 730 1450 muudum
743 1395 862 1450 lucratus
875 1395 962 1464 fuero,

167 1467 271 1522 animae
298 1482 364 1522 vcro
388 1482 464 1522 meae
490 1466 678 1521 detrimentum
701 1465 818 1520 faciam?
844 1467 963 1534 quidex

166 1539 259 1592 mundi
276 1538 362 1608 gloria
378 1539 444 1592 mihi
462 1539 520 1607 erit,
539 1539 562 1593 si
580 1537 614 1592 ad
631 1537 762 1592 infernum
781 1537 962 1606 descendum?

167 1609 231 1677 quid
250 1627 267 1665 a
284 1610 368 1679 coelo,
388 1609 451 1677 quid
470 1616 577 1664 aterra
590 1623 699 1678 sperare
717 1623 835 1677 possum,
852 1616 881 1663 tc
899 1609 961 1665 Deo
1056 1647 1057 1682 ι

165 1681 360 1737 meooffensc?
378 1681 511 1750 Agnosco,
529 1680 566 1734 mi
578 1681 661 1749 Deus,
679 1680 769 1746 inique
777 1695 821 1734 me
829 1680 962 1737 hactenus

164 1753 268 1820 eglese;
286 1753 395 1821 ignosce
405 1752 510 1820 culpam
520 1752 682 1820 agnoscenti.
700 1750 811 1805 Ausere
822 1766 874 1819 ma,
888 1751 962 1819 quod

164 1821 294 1878 hactenm
311 1823 376 1893 iovi,
395 1839 442 1878 cor
458 1823 602 1892 lapideum,
628 1822 723 1877 durum
742 1829 770 1876 et
785 1821 914 1892 invidum,
933 1829 962 1878 et

163 1893 248 1948 redde
263 1909 309 1949 cor
320 1910 454 1963 carneum,
467 1910 514 1949 cor
527 1895 678 1963 humanum,
697 1893 824 1962 comite,
842 1900 961 1962 tuaeque

163 1963 321 2034 benignitati
340 1964 483 2034 conforme,
503 1971 534 2020 ut
552 1973 579 2020 et
597 1981 647 2034 ego
660 1966 731 2018 inter
744 1963 814 2019 filios
823 1964 960 2036 Abrahae,

165 2049 183 2090 a
199 2042 227 2090 te
242 2035 350 2104 electos,
368 2037 503 2091 recenseri
521 2052 635 2092 merear.
655 2036 698 2090 Τιι
716 2036 785 2090 enim
797 2037 896 2090 cenati
907 2037 961 2091 eol·

163 2121 227 2160 cunc
242 2108 340 2176 facere,
360 2108 433 2176 ptcod
444 2109 576 2176 perierat.
613 2107 779 2174 (Mutum,
798 2107 851 2176 11.)

198 2181 224 2234 t.
261 2177 328 2232 Sero
348 2179 382 2232 ad
399 2186 427 2234 te
445 2179 534 2247 venio,
560 2179 663 2233 cJesu
686 2176 824 2232 crucifixe!
851 2183 958 2246 tempus

111 2287 116 2303 .
162 2255 212 2318 est,
230 2254 261 2302 ut
277 2265 320 2302 me
338 2250 388 2304 tibi
406 2250 557 2318 conciliem
577 2248 649 2316 quod
668 2248 739 2302 enim
750 2248 861 2303 iuvenes
873 2263 960 2316 acque

163 2333 195 2373 ac
213 2333 292 2375 senes
310 2337 383 2376 mors
406 2321 510 2375 interea
532 2321 649 2388 abstulit,
678 2319 741 2374 dnm
768 2335 817 2388 ego
841 2321 960 2388 peccatis

161 2389 282 2446 indulsi?
300 2407 335 2446 an
352 2408 408 2447 non
425 2399 453 2446 ct
471 2407 523 2460 ego
541 2407 669 2446 unacum
686 2391 739 2446 illis
759 2405 774 2444 e
792 2390 882 2445 medio
900 2391 961 2446 tolli

161 2467 353 2530 aeternumque
373 2463 494 2518 damnari
512 2460 763 2532 pontissemi'quid
779 2468 816 2529 te,
835 2462 872 2516 mi
883 2463 960 2532 Jesu,

160 2533 251 2602 movit,
270 2540 301 2588 ut
317 2535 382 2588 mihi
400 2551 467 2603 prae
486 2535 546 2589 aliis
564 2547 698 2603 parceres,
716 2533 769 2587 nisi
786 2533 893 2588 bonitas
911 2539 960 2588 tua

160 2601 286 2658 infinita?
310 2621 345 2660 ne
364 2621 428 2674 ergo
445 2621 497 2676 mc,
523 2619 633 2673 quaeso,
659 2619 730 2658 nunc
749 2611 809 2658 ate
827 2603 959 2674 repellam

82 2698 84 2706 ·
164 2689 244 2730 nemo
272 2692 389 2745 unquam
417 2679 488 2733 serio
512 2677 653 2745 poenitens
681 2674 716 2729 ad
740 2681 768 2728 tc
794 2691 855 2731 sero
879 2676 959 2732 venit

163 2743 276 2801 Latroni
295 2749 324 2802 in
348 2764 426 2803 cruce
451 2749 544 2803 ultimo
569 2748 641 2802 vitae
664 2745 776 2801 articulo
794 2746 960 2817 condonasti,

164 2817 294 2886 quidquid
312 2820 435 2876 omnibus
451 2820 523 2876 vitae
538 2833 602 2876 suae
617 2818 693 2872 annis
705 2817 834 2887 peccavit,
853 2817 960 2874 eodem·
