2152 3234
336 157 370 197 Da
382 157 524 197 sacramento
537 157 680 198 Matrlmonil.
868 155 908 200 adl

109 268 173 316 ante
191 260 271 316 huius
290 260 465 330 nativitatem,
484 275 619 328 nunquam
637 259 791 315 conceditur
804 260 910 330 dispen-

109 333 188 416 satio,
207 347 241 386 ne
260 331 330 386 forte
348 332 485 401 propriam
509 331 592 386 filiam
619 331 699 386 ducat
722 332 751 386 in
772 331 909 389 MatrImo·

106 419 190 458 mum.

145 487 234 541 Datur
261 485 341 540 ctiam
366 484 487 555 affinitas,
513 501 582 552 quae
608 484 716 540 advenit
739 484 909 542 Matrimonio

108 558 164 612 iam
192 563 329 612 contracto
356 571 406 624 per
431 557 589 625 completam
613 556 735 624 cupidam
763 555 910 612 formaliter

108 629 290 684 incestuosam
318 629 397 682 unius
421 629 539 697 coniugis
564 645 623 682 cum
647 628 843 695 consanguinea
866 628 910 684 vel

7 739 9 750 ,
111 700 309 768 consanguineo
334 699 444 754 alterius
471 700 542 756 intra
566 699 711 754 secundum
735 698 855 768 gradum,
882 707 910 755 et

109 787 165 826 non
183 771 263 839 ultra,
288 777 318 824 ut
342 777 418 838 patet
445 761 480 824 eir
497 771 677 825 declaratione
696 769 818 838 Gregorii
835 771 909 825 XIII.

110 842 186 896 Haec
205 857 259 896 non
278 841 377 895 dirimit
395 841 501 910 quidem
514 841 720 910 Matrimonium,
735 849 828 910 utpote
838 841 910 910 quod

110 914 170 969 sola
187 919 273 968 morte
288 911 457 982 dissolvatur,
477 913 524 968 sed
538 914 627 981 privat
641 928 716 967 reum
729 913 787 967 iure
800 913 910 982 petendi

110 984 238 1054 debitum,
249 982 334 1038 donec
344 983 528 1052 dispensetur,
542 983 656 1039 reddere
668 993 758 1038 tamen
767 985 909 1054 Innocenti,

110 1056 133 1111 si
150 1055 218 1109 illud
236 1061 320 1124 petat,
338 1062 452 1110 tenetur.
488 1055 530 1109 Ab
549 1055 595 1110 illo
614 1062 703 1110 autem
720 1055 909 1124 impedimento

109 1125 256 1182 secundum
274 1142 438 1180 communem
455 1128 613 1180 sententiata
631 1133 742 1182 excusat
758 1128 910 1196 ignorantia

106 1199 194 1266 facta',·
211 1198 234 1254 si
251 1213 278 1256 r.
296 1214 322 1265 g.
340 1198 450 1252 maritus
468 1213 525 1252 rem
543 1197 626 1252 habet
639 1215 698 1252 cum
713 1199 910 1267 consanguinea

108 1270 203 1324 uxoris
220 1269 248 1322 iu
266 1268 383 1323 secundo
402 1268 494 1338 gradu,
514 1268 561 1323 sed
574 1269 680 1324 omnino
697 1269 831 1340 ignorans,
850 1285 909 1326 eam

109 1355 171 1396 esse
189 1340 420 1407 consanguineam.
443 1339 482 1406 (S.
496 1339 557 1408 Ia'p.
577 1339 621 1394 lala.
637 1343 660 1393 6.
679 1343 810 1409 a.1073.)
830 1342 908 1410 Igno·

108 1410 198 1467 tantia
215 1412 292 1474 turca,
319 1411 336 1465 i.
356 1426 380 1465 e.
398 1411 422 1465 si
440 1411 481 1464 vir
500 1409 602 1464 accedit
624 1409 659 1463 ad
684 1412 907 1479 consanguineam

109 1482 211 1550 uxoris,
225 1481 348 1537 nesciens
362 1488 471 1549 praeter
483 1481 570 1550 legem
583 1480 699 1535 divinam
713 1481 808 1537 adesse
821 1482 908 1551 legem

111 1552 241 1610 ecclesiae
260 1553 288 1606 id
306 1553 500 1622 prohibentem,
524 1551 695 1620 probabilius
713 1559 741 1607 et
756 1553 846 1606 ocrim
863 1567 909 1608 ex·

111 1631 189 1680 cusat
207 1625 239 1678 ab
258 1623 457 1692 impedimento.
496 1623 536 1689 (S.
555 1623 617 1693 Lip.
642 1623 686 1676 lib.
716 1627 740 1677 6.
764 1639 792 1681 a.
816 1627 909 1692 1072.)

111 1696 267 1764 Ignorantia
276 1711 390 1763 poenae,
408 1696 426 1751 i.
445 1711 468 1748 e.
488 1695 511 1748 si
529 1695 588 1762 quis
605 1693 705 1748 habeat
722 1693 859 1749 scientiam
872 1695 910 1749 le-

112 1768 154 1836 gis
182 1774 210 1820 et
233 1766 306 1834 facti,
333 1767 381 1821 sed
406 1765 517 1834 nesciat,
544 1765 592 1819 tali
616 1764 734 1820 facinore
759 1765 845 1819 amitti
868 1765 911 1821 ius

112 1837 223 1907 petendi
242 1837 367 1902 debitum,
387 1853 421 1891 an
439 1843 549 1892 excuset
558 1837 592 1891 ab
605 1836 802 1905 impedimento,
821 1836 910 1905 dispu-

111 1916 188 1964 tatur
205 1909 276 1963 inter
292 1908 326 1962 D.
344 1908 395 1977 D.;
422 1909 508 1977 prima
525 1909 658 1963 sentenu'a
675 1915 769 1977 negat3
793 1907 911 1962 secunda

113 1979 241 2049 affirmat;
267 1986 294 2034 et
317 1979 386 2034 hanc
411 1979 437 2034 S.
455 1979 515 2048 Lig.
545 1979 603 2046 (lad
629 1983 653 2034 6.
678 1995 706 2035 a.
730 1981 822 2047 1074.)
848 1979 911 2034 dicit

107 2052 175 2108 satis
192 2050 394 2120 probabilem.¹)

146 2133 189 2188 Ab
206 2132 396 2202 impedimento
411 2131 554 2202 affinitatis,
569 2147 638 2200 quae
653 2131 760 2186 advenit
773 2131 910 2186 Matrimo-

112 2205 159 2260 nio
178 2204 231 2258 iam
245 2211 390 2273 contracto,
409 2203 564 2273 dispensare
582 2211 673 2273 potest
680 2204 840 2273 Episcopus,
859 2201 910 2258 aal-

109 2283 164 2332 tem
182 2276 209 2330 vi
226 2276 360 2346 legitimae
379 2275 586 2330 consuetudinis.

149 2358 274 2426 Denique
301 2357 508 2425 advertendum,
536 2354 608 2423 quod
638 2354 673 2409 ad
704 2352 911 2409 contrahendam

114 2445 307 2499 quamcumque
327 2427 480 2483 affinitatem
502 2428 653 2495 requiratur
671 2427 767 2495 copula
783 2424 911 2495 perfecta,

111 2517 162 2573 per
182 2517 261 2568 quam
279 2501 366 2554 viret
390 2499 486 2553 mulier
511 2497 579 2552 fiunt
602 2511 657 2551 una
681 2512 758 2565 caro;
784 2497 813 2550 in
830 2495 911 2550 dubio

115 2579 205 2628 autem
223 2572 403 2640 praesumitur
412 2571 509 2638 copula
521 2568 655 2638 perfecta3
674 2569 737 2636 quia
750 2582 784 2621 ex
796 2583 911 2622 commu-

115 2644 187 2699 niter
206 2642 419 2712 contingentibus
446 2639 564 2712 prudeus
588 2640 703 2694 habetur
720 2637 911 2710 praesumptio.

126 2838 149 2891 ι)
164 2838 209 2882 ctr.
224 2837 332 2878 lddnrtar.
346 2837 507 2878 Pastoralblatt
520 2847 541 2876 a.
556 2829 616 2878 laet.
630 2844 688 2876 num.
702 2829 722 2873 2.
