2130 3242
133 145 174 190 iis
309 149 340 190 lla
354 148 546 190 bamamsntornm
559 147 755 190 ministratione.

135 251 207 309 dicit
244 250 370 308 Getarum
387 250 416 306 iu
433 251 512 320 praxi
535 267 586 320 pro
603 251 678 307 hisee
695 249 851 319 regionibus
869 251 940 306 baec

137 323 321 379 controversia
337 339 393 378 non
411 323 560 392 estmagni
576 323 711 392 momenti,
729 339 789 376 cum
806 321 940 391 Episcopi

136 395 207 450 inter
224 392 368 449 facultates
387 395 598 462 quinquennales
617 395 689 462 (sub.
701 410 774 448 uum.
790 394 842 463 10.)
857 394 941 450 etiam

135 465 254 522 habeant
271 464 426 520 facultatem
444 464 619 535 „absolvendi
637 466 671 520 ab
690 465 812 520 omuibus
831 465 940 521 casibus

136 537 282 592 reservatis
310 537 391 592 etiam
408 537 436 591 in
454 537 534 592 Bulla
551 537 673 605 coenae,
700 536 729 591 in
745 536 813 591 locis
839 543 942 606 umen,

136 608 183 663 ubi
209 608 318 676 impune
342 608 470 663 haeresos
495 608 669 676 ιιιιιιιιιιιιιιι
694 605 853 675 etquidem
878 623 941 662 cum

136 685 280 749 potestate,
295 677 408 734 eandem
415 679 551 734 licentiam
561 680 641 734 etiam
650 679 710 734 aliis
720 677 940 734 communicandi.

174 751 334 806 Reserraiio
353 749 418 804 Sodi
429 750 602 819 Apostolicae
619 749 692 804 facta
703 757 791 806 cessat
805 765 871 818 erga
883 765 943 804 mu·

136 820 226 890 bores,
254 836 341 892 senes,
368 821 589 890 valetudinarios,
615 821 772 890 religiosos,
796 819 939 890 moniales,

137 891 332 962 filiosfamilias,
351 907 454 962 servos,
473 893 625 947 cauponibus
643 892 775 962 detentos,
794 891 941 947 obstrictos

138 979 203 1018 cura
221 963 310 1046 alendi
328 963 371 1017 vel
390 963 592 1047 administrandi
602 963 740 1047 tumidam,
758 969 786 1018 et
803 963 871 1046 alios
884 979 942 1018 om·

138 1034 444 1176 tiilsllldiii
459 1035 874 1175 tilltliiitlbtbide
891 1049 941 1174 ii

138 1176 232 1231 riardo.
270 1176 352 1231 Teste
371 1176 399 1235 S.
412 1177 542 1245 Lignorio
561 1177 618 1244 (zai.
638 1180 663 1235 7.
681 1193 708 1230 a.
727 1178 784 1244 85.)
804 1177 844 1232 uti
862 1191 944 1232 senes

139 1246 233 1302 haberi
246 1254 367 1316 possunt,
386 1249 433 1315 qui
452 1254 514 1304 sunt
534 1249 629 1304 saltem
643 1246 820 1316 sexagenarii.
855 1247 887 1302 In
899 1246 945 1304 bis

141 1333 205 1386 ergo
225 1325 253 1373 et
270 1318 400 1374 similibus
415 1318 545 1374 adiunctis
559 1335 577 1374 a
590 1319 696 1375 casibus
709 1317 859 1388 papalibus,
877 1317 945 1374 licet

141 1390 195 1446 siut
211 1390 311 1444 notorii
328 1405 378 1446 neu
390 1391 504 1459 publici,
522 1391 675 1460 Episcopus
693 1390 833 1445 absolvere
851 1395 946 1458 potest

141 1461 199 1516 sive
224 1475 274 1530 per
291 1476 336 1531 se,
361 1462 418 1517 sive
445 1477 596 1530 persuum
619 1462 756 1517 Vioarium
781 1460 946 1530 generalem,

142 1532 200 1588 sire
217 1547 267 1600 per
285 1533 352 1588 alios
370 1533 452 1588 etiam
479 1533 632 1588 sacerdotes
657 1533 692 1587 ad
714 1533 768 1587 hoo
790 1531 947 1601 specialiter

143 1603 319 1673 deputandos.
339 1603 500 1659 Conceditur
518 1605 588 1659 enim
604 1605 633 1658 in
650 1603 708 1658 iure
727 1603 871 1672 Episcopis
895 1619 947 1672 po·

144 1683 229 1732 testas
243 1675 400 1731 absolvendi
418 1675 452 1731 ab
467 1675 737 1730 excommunicatione
754 1675 846 1744 papali
864 1689 948 1743 quos·

143 1747 225 1817 libet,
250 1747 296 1815 qui
315 1762 349 1802 ex
367 1747 487 1816 corporis
504 1746 675 1816 impotentia,
699 1751 746 1802 aut
763 1745 884 1814 quolibet
902 1761 948 1801 ca·

145 1819 241 1874 nouioo
268 1817 457 1886 impedimento
481 1834 536 1873 nou
560 1825 675 1887 possunt
698 1817 773 1872 adiro
795 1817 949 1872 Romanum

146 1887 304 1944 Pontificem
324 1891 357 1956 (o.
374 1890 423 1944 Eo
439 1890 568 1957 musitae,
587 1905 609 1944 c.
630 1889 766 1960 ῼιιιιιίι,
785 1888 820 1942 dc
835 1892 949 1944 ceam.
1063 1933 1064 1938 ,

147 1963 323 2028 emembrem.)
359 1961 391 2015 In
410 1961 506 2029 quibus
519 1961 637 2016 textibus
658 1961 709 2016 etsi
727 1957 893 2016 solummodo
913 1957 949 2014 de

147 2031 350 2100 percussoribus
368 2032 524 2087 clericorum
543 2047 630 2087 sermo
644 2031 687 2101 sit,
704 2031 839 2086 Doctores
856 2037 950 2085 ιιιιιιιι

147 2103 322 2158 communiter
340 2118 387 2159 eos
406 2103 555 2158 extendunt
580 2102 615 2158 ad
643 2102 789 2170 quamlibet
807 2116 951 2157 censuram

145 2172 270 2228 Pontifici
286 2181 462 2232 reservatam.
498 2175 561 2229 Non
579 2175 676 2243 obstat,
695 2173 768 2242 quod
783 2179 950 2228 memoratae

146 2259 279 2314 personae
297 2244 375 2300 facile
393 2246 507 2301 Romam
530 2246 647 2300 seribere
665 2245 784 2314 possint;
814 2243 859 2311 qm
878 2241 950 2298 enim

146 2315 393 2442 ιιιὲιῐὲιιοιιιιιξὲιιιι,ι
399 2317 476 2372 iuxta
489 2316 696 2442 comtmumolrem
709 2314 950 2454 affligam·

229 2403 284 2442 non
328 2403 439 2442 nenur·
459 2403 474 2444 e
493 2405 544 2443 oon
617 2405 637 2442 u
654 2403 665 2441 ι
937 2413 951 2428 ·

148 2459 309 2528 adoneus,
335 2429 510 2526 quistinam
533 2403 842 2528 irea'neqntfffflsessere
859 2454 951 2526 cerea

147 2535 180 2584 ut
196 2530 256 2599 ipsa
273 2529 437 2598 dispensatio
452 2537 499 2585 aut
510 2529 625 2585 facultas
644 2527 816 2598 dispensandi
830 2527 952 2582 obtinea-

149 2608 203 2655 tur.
222 2629 256 2642 -
276 2601 304 2655 Si
322 2599 548 2670 impedimentum,
566 2616 620 2669 quo
639 2602 698 2668 quis
717 2598 814 2655 Sedens
831 2599 951 2667 Aposto-

147 2671 227 2726 licam
245 2670 319 2725 adire
336 2671 503 2743 prohibetur,
528 2673 563 2727 sit
582 2671 620 2726 ad
637 2677 748 2741 tempus,
767 2684 896 2725 censurae
915 2668 953 2724 ad

150 2749 257 2810 tempus
276 2741 475 2810 suspenduntur
503 2750 530 2798 et
548 2743 680 2798 absolutio
707 2743 733 2798 ei
749 2741 831 2798 tribui
848 2741 953 2809 nequit,

152 2813 205 2868 nisi
223 2811 351 2867 indirecte
370 2812 405 2866 od
422 2813 631 2884 coincidentiam,
658 2813 686 2868 id
706 2819 755 2883 est,
782 2828 842 2866 cum
859 2826 953 2881 onere,
