2152 3234
330 197 363 239 lle
377 195 518 240 flammeolo
530 198 672 244 Matrimonll
858 195 900 240 ΗΒ

103 303 162 354 etot
180 314 198 352 o
216 298 321 368 elicita·
339 298 384 353 rel
408 303 448 354 tot
465 303 529 354 ιιιι
544 299 662 368 modae,
691 303 755 366 ocor
767 313 902 366 peractoc

104 372 138 424 ia
151 375 234 438 porto
250 370 393 438 remotiori,
420 370 511 437 stipite
528 370 641 438 dempto.
678 369 722 424 Sic
739 369 823 424 irater
839 386 900 426 con·

103 441 212 496 iunctus
231 447 272 496 ast
295 439 458 495 insecundo
476 440 561 508 gradu
585 457 643 496 cum
670 439 727 494 filia
742 439 833 496 fratris
851 442 900 496 sui.

144 509 373 580 concamaratae
394 512 425 564 irs
447 511 520 566 liaeo
542 517 615 566 recto
638 511 742 566 dirimit
758 511 900 566 Matrimo-

102 583 182 636 aiam
199 598 283 650 uagam
300 582 444 651 infinitior,
462 589 492 638 ut
510 581 592 650 aiunt,
611 589 638 637 et
655 582 761 650 quidem
778 583 837 636 iure
853 597 900 636 na·

5 643 7 708 l
101 661 196 720 turae3
214 651 285 708 unde
299 651 473 708 ascendentes
483 666 543 708 cum
554 654 611 708 suis
630 652 860 721 descendentibus,
873 660 902 708 et

102 725 222 780 vicissim
238 739 372 790 nunquam
394 731 507 792 possunt
532 724 650 779 validum
673 723 740 778 inire
763 724 901 779 Matrimo-

102 795 186 854 nium
222 795 372 865 Praecipua
394 795 474 850 huius
500 795 681 864 impedimenti
705 795 774 850 ratio
801 795 902 862 petitur

105 865 311 922 er'rercrcntia
328 882 360 920 ac
378 866 551 935 subiectione,
576 881 656 934 quam
673 867 733 936 ipsa
748 873 845 921 natura
861 865 901 920 in·

105 938 192 1006 spirat
206 952 271 1004 erga
282 943 416 1005 parentes,
431 951 553 1004 quaeque
566 937 740 993 familiaritati
758 953 790 992 ac
803 951 901 1004 acqua·

105 1007 177 1064 litati
195 1007 328 1076 coniugali
345 1007 422 1062 valde
440 1016 581 1077 repugnat.
610 1009 721 1064 Constat
738 1023 844 1076 quoque
862 1008 902 1062 in·

104 1078 200 1163 fideles
217 1079 275 1134 solo
294 1078 375 1134 ductu
391 1080 502 1134 radonis
521 1095 539 1136 a
555 1080 603 1136 tali
621 1080 787 1136 matrimonio
805 1080 902 1134 abhor-

104 1165 202 1206 ruisse.

142 1223 180 1276 Ia
197 1220 270 1274 liaeo
287 1225 377 1276 cotem
394 1221 543 1276 collaterali
563 1223 785 1290 consanguinitas
801 1222 901 1276 Mami·

104 1293 228 1375 moniam
247 1291 351 1346 dirimit
372 1307 457 1360 usgssc
480 1293 518 1346 od
542 1298 667 1360 quartam
683 1293 801 1361 gradum
817 1293 902 1346 mdo·

5 1423 6 1432 χ
104 1363 170 1429 aioc,
187 1378 241 1417 non
260 1362 391 1430 quddem'
383 1378 442 1418 rure
459 1371 579 1431 naturae,
598 1371 711 1431 excepto
727 1363 797 1418 torte
814 1364 901 1432 primo

104 1433 201 1502 gradu,
220 1431 292 1488 sed'
285 1448 343 1488 mre
362 1434 550 1502 ecclesiastico,
574 1433 608 1488 ob
625 1433 811 1489 necessitatem
829 1434 901 1488 cohi·

105 1503 189 1558 bandi
206 1505 445 1572 concupiscentiam
462 1505 532 1558 inter
549 1505 773 1588 consanguineos3
791 1519 853 1558 ιιιι
870 1505 901 1558 li·

105 1574 192 1630 bidini
209 1573 329 1630 fraenum
346 1576 432 1630 laxari
448 1574 592 1643 rideretur,
611 1591 634 1630 ss
626 1575 870 1629 Matrimonium
862 1591 902 1628 sn·

106 1653 151 1702 ter
167 1660 296 1715 personas
313 1647 373 1702 illas
390 1647 452 1700 iniri
468 1653 568 1715 posset,
592 1661 658 1712 quas
677 1645 754 1700 simul
771 1645 901 1713 habitare,

106 1723 155 1772 ιιι
174 1717 281 1785 saepius
299 1717 451 1773 conversari
468 1715 625 1785 plerumque
642 1730 752 1772 necesse
770 1723 819 1770 est
848 1716 900 1770 Ac·

106 1785 179 1844 cedit
196 1789 348 1843 reverentia
366 1789 487 1857 sanguini
505 1787 602 1842 debita
637 1787 759 1842 Diximus
781 1787 840 1840 iure
858 1801 900 1840 ec·

105 1859 272 1927 olesiastic03
289 1860 391 1914 namin
407 1875 478 1916 nova
491 1860 550 1928 lege
563 1858 651 1914 nullus
665 1858 901 1926 consanguinitatis

6 1937 7 2000 j
104 1929 205 2000 gradum
231 1945 265 1984 ex
287 1938 431 1999 praecepto
456 1930 545 1986 divino
569 1930 684 1998 positivo
702 1929 900 1984 Matrimonium

6 2009 8 2024 '
105 2001 219 2066 dirimit,
245 2001 294 2056 sed
312 2002 440 2057 ccclesiae
459 2017 524 2056 suae
542 2017 632 2056 curam
651 2001 720 2054 hanc
738 2008 765 2054 et
782 2007 900 2068 potesta·

6 2065 8 2080 '
105 2080 161 2128 tem
178 2072 287 2138 reliquit
304 2072 427 2128 Salvator
443 2080 550 2141 noster,
577 2077 674 2140 ut'pro
692 2072 899 2126 circumstantia.

106 2160 167 2200 rum
184 2144 323 2212 varietate,
342 2159 373 2198 ac
390 2145 548 2199 necessitate
563 2143 778 2213 impedimentum
796 2143 847 2196 hoc
866 2141 901 2197 ad

104 2215 196 2270 varios
211 2213 309 2282 gradum
326 2214 482 2269 extenderet
490 2215 534 2270 vel
542 2216 723 2282 restringeret
742 2213 811 2266 Hinc
820 2213 900 2268 Oono

95 2284 180 2340 ΙΤιιιι.
201 2284 273 2341 Sass.
291 2288 334 2340 at.
353 2301 410 2342 can.
430 2289 454 2339 3.
473 2285 615 2340 anathema
630 2285 695 2339 dicit
711 2284 901 2352 asserentibus,

107 2370 155 2412 eos
172 2363 275 2410 tantum
289 2357 524 2439 consanguinitatis
538 2363 565 2411 et
579 2355 713 2410 affinitatis
730 2354 836 2424 gradus,
855 2355 902 2422 qui

7 2423 10 2440 ⁸
105 2428 134 2482 in
151 2427 272 2481 Levitico
290 2428 487 2496 exprimuntur,
514 2441 595 2494 posse
617 2425 746 2494 impedire
763 2425 901 2480 Matrimo-

106 2499 180 2552 nium
205 2498 430 2567 contrahendum,
458 2506 485 2552 et
503 2497 626 2552 dirimere
645 2503 822 2566 contractum,
851 2511 902 2551 neo

106 2583 188 2639 posse
207 2569 370 2624 ecclesiam
362 2585 390 2622 ιι
408 2569 540 2624 nonnullis
559 2583 651 2622 eorum
669 2539 832 2637 dispensari,
855 2573 902 2622 aut

108 2640 278 2704 constituere,
297 2648 327 2695 nt
344 2641 435 2709 plures
451 2639 598 2722 impediant
620 2647 647 2693 et
664 2638 795 2692 dirimant

144 2709 221 2778 Qui
213 2727 241 2764 ιιι
258 2711 347 2778 aliquo
362 2709 597 2780 consanguinitatis
611 2717 657 2766 aut
670 2709 803 2764 affinitatis
816 2706 902 2776 gradu

7 2781 12 2820 l
107 2781 243 2852 prohibito
257 2781 455 2836 Matrimonium
473 2783 574 2849 absque
589 2779 785 2849 dispensatione
799 2787 902 2833 contra·

8 2911 9 2920 ,
107 2853 173 2908 hare
192 2859 313 2921 attentat,
339 2852 399 2922 ipso
416 2852 486 2908 lacto
507 2850 803 2907 excommunicationem
820 2850 903 2904 meio·
