2108 3226
165 163 205 206 isi
357 165 484 206 Gratiarum
498 166 597 206 actiones
610 167 662 216 post
677 165 774 209 Missam.

165 268 229 337 quid
248 285 278 324 os
290 284 391 394 ιιιιιιιιὲι,
418 269 537 338 Corpore
561 277 609 394 mlo
633 276 839 395 cousecratgrrrmll,l
859 277 964 394 tufoque

98 363 108 383 r
235 347 340 395 uratum
375 357 409 394 an
447 342 488 394 'ue
521 342 610 395 van'o
630 342 675 396 uia
693 348 721 394 et
734 357 762 396 so
812 343 856 395 “a
894 343 935 397 als

164 356 327 466 mm,
341 419 368 466 et
380 357 470 480 turgffla
483 383 570 466 adbuc
583 357 726 479 ioguetur?
745 413 839 481 Absit;
854 383 876 468 si
891 357 965 468 erigi

165 483 315 538 locutmum
333 485 383 551 sit,
412 499 549 539 sermones
567 491 628 538 tuos
655 491 760 538 tautum
777 484 916 552 loquetur;
941 485 967 540 si

165 554 230 622 quid
249 555 349 609 esuriet
367 561 394 608 et
412 555 492 624 sitiet,
510 562 537 609 te
557 555 650 623 solum,
668 556 740 609 vitae
754 555 863 624 fontem,
882 555 965 625 sitiet,

165 641 215 680 nec
234 625 306 680 aliud
323 627 352 679 in
371 641 403 679 eo
419 627 478 695 erit,
496 626 548 680 nisi
561 643 623 694 pax,
642 624 693 680 nisi
706 627 823 695 castitas,
841 627 894 680 nisi
906 627 966 694 pie·

164 704 216 765 tas,
241 698 293 752 nisi
318 698 423 751 caritas.
442 727 476 736 -
495 697 631 765 Numquid
654 711 825 766 cormeum,
854 699 966 767 inquo,

165 775 277 837 propter
299 768 407 821 nimiam
433 769 571 823 caritatem
592 776 681 837 tuam,
710 768 759 822 tibi
785 769 967 823 sanctuarium

165 839 281 908 parasti,
308 839 408 893 utiam
433 846 461 893 te
479 840 507 892 iu
525 840 576 893 hoc
595 840 674 894 exilio
693 839 861 908 possideam,
889 839 964 894 aliud

166 917 274 979 praeter
291 917 327 978 te,
346 917 393 964 aut
410 911 462 965 nisi
479 919 591 978 propter
608 918 644 979 te,
664 910 783 965 amabit?
815 910 894 966 Absit
911 911 962 964 ite-

165 997 233 1050 rum,
253 982 357 1049 olem,
377 982 460 1050 absit3
486 997 520 1035 ex
541 982 662 1036 omnibus
677 982 746 1036 caris
767 982 820 1036 cris
840 989 871 1036 tu
889 982 964 1038 solus

166 1051 278 1107 dilectus
297 1052 435 1121 specialis,
455 1053 597 1121 diligentur
611 1053 700 1107 omnia
712 1060 823 1121 propter
836 1059 871 1122 te,
891 1060 919 1107 et
931 1060 964 1108 tu

165 1131 277 1191 propter
300 1130 327 1178 te
350 1125 452 1192 ipsum3
480 1124 543 1190 quia
567 1132 604 1192 tu,
633 1125 748 1178 Domine
766 1126 850 1192 Deus,
880 1139 963 1192 super

166 1195 255 1249 omnia
271 1196 358 1250 bonus
377 1210 414 1250 es.
444 1195 536 1248 Indica
553 1196 625 1264 mihi,
645 1195 709 1264 quid
726 1211 768 1249 me
782 1195 849 1250 velis
862 1194 963 1264 facere,

165 1271 196 1320 ut
212 1266 333 1334 placeam
349 1266 398 1320 tibi
416 1267 538 1321 omnibus
557 1266 650 1322 diebus
668 1267 740 1321 vitae
758 1281 843 1320 meae.

201 1350 243 1389 Hic
257 1350 318 1398 andi,
332 1350 385 1399 quid
393 1351 497 1399 loquatur
510 1342 533 1389 in
546 1352 569 1389 ta
579 1351 693 1399 Dominus,
707 1350 745 1398 qni
758 1350 816 1388 hunc
830 1350 872 1388 tibi
881 1350 968 1398 aperiet

166 1415 275 1454 defectum
284 1443 305 1459 ..
318 1443 341 1459 ..
355 1420 377 1456 oi
392 1416 488 1455 suaviter
503 1417 656 1464 exprobrabit,
670 1415 786 1464 mediaque
795 1415 967 1455 eundemextar·

165 1480 262 1519 minandi
276 1482 389 1528 suggerem
410 1479 575 1529 postulabitque
593 1482 677 1529 pariter
700 1491 713 1520 a
731 1484 753 1519 te
768 1480 813 1519 taia
827 1481 967 1529 sacrificium,

165 1573 173 1588 .
185 1573 190 1586 .
202 1576 207 1589 .
217 1573 224 1586 .
234 1546 268 1586 vei
281 1546 349 1586 talem
362 1547 554 1586 mortificationem
564 1576 570 1590 .
581 1573 586 1586 .
596 1577 616 1590 ..
631 1557 672 1596 per
685 1546 743 1586 diem
757 1547 909 1588 exercendam.
932 1549 968 1588 Au

166 1611 279 1660 quippiam
291 1612 313 1650 ei
327 1611 435 1660 denegato
449 1612 540 1661 poteris,
555 1613 592 1660 qui
608 1623 631 1651 se
645 1612 688 1651 tibi
702 1615 774 1650 totum
788 1612 894 1651 tradidit?
912 1613 969 1654 (lou-

166 1677 310 1718 sultissimum
325 1679 367 1717 erit
382 1689 487 1718 renovare
502 1679 537 1718 iric
546 1678 665 1717 identidem
680 1678 791 1718 castitatis
801 1680 884 1726 votum,
900 1679 969 1718 alias-

166 1754 208 1791 que
222 1744 268 1783 Deo
282 1744 353 1783 iactas
367 1744 530 1792 promissiones.
558 1743 641 1784 Deinde
661 1742 720 1782 dices
738 1753 788 1782 cum
806 1746 898 1782 auctore
916 1743 969 1782 Imi-

165 1810 250 1848 tattonis
264 1809 355 1849 Christi.-

201 1860 308 1915 Adinva
325 1877 375 1930 me,
394 1862 508 1917 Domine
527 1862 611 1930 Deus,
634 1861 751 1916 inbono
771 1861 919 1929 proposito,
940 1867 969 1916 et

166 1938 258 1986 sancto
278 1934 386 1987 servitio
404 1940 460 2002 tuo,
480 1942 507 1987 et
525 1932 559 1986 do
577 1933 642 1986 mihi
659 1949 729 1987 nunc
748 1930 828 1985 hodie
845 1931 968 2000 perfecte

165 2003 291 2072 incipere,
309 2005 373 2071 quia
390 2005 457 2057 nihii
476 2010 525 2072 est,
544 2003 616 2071 quod
634 2005 765 2058 hactenus
783 2001 844 2057 ieci.
877 2003 968 2058 Eleva

165 2080 280 2127 mentem
298 2090 419 2143 pressam
437 2075 506 2128 mole
525 2083 710 2144 peccatorum,
739 2081 766 2127 et
785 2073 820 2126 ad
838 2075 968 2129 coelestia

165 2152 251 2199 totum
269 2145 430 2201 desiderium
444 2161 532 2199 meum
545 2146 688 2216 suspende,
706 2153 736 2200 ut
753 2151 862 2212 gustata
875 2146 964 2199 suavi-

165 2221 221 2270 tate
240 2233 372 2285 supernae
390 2217 532 2285 felicitatis,
551 2219 642 2286 pigeat
657 2217 689 2272 de
708 2217 821 2272 terrenis
836 2217 966 2285 cogitare.

165 2287 253 2355 Junge
272 2303 313 2342 me
332 2288 381 2342 tibi
398 2289 571 2356 inseparabili
590 2288 739 2344 dilectionis
757 2287 873 2357 vinculo,
900 2304 967 2356 quo·

165 2359 237 2412 niam
253 2366 284 2413 tu
303 2359 375 2414 solos
394 2359 491 2414 sufficis
510 2361 623 2429 amanti,
652 2368 679 2415 et
703 2360 803 2426 absque
821 2366 850 2413 te
868 2357 968 2414 frivola

166 2437 228 2484 suut
245 2431 378 2510 universa:

360 2539 475 2593 ouum
487 2540 664 2594 oratiarum
677 2540 768 2582 cauo.

201 2605 244 2659 Ad
262 2621 341 2674 quem
359 2606 405 2660 diu
424 2607 557 2675 suspiravi
574 2609 587 2633 *
606 2608 699 2663 Jesum
716 2606 824 2661 tandem
843 2607 941 2678 habeo,
953 2612 966 2636 ⁴

165 2677 243 2731 Hunc
252 2678 405 2747 amplector,
419 2693 497 2745 quem
507 2678 606 2747 optavi,
615 2681 628 2705 *
638 2679 723 2746 Quem
733 2679 835 2746 optavi,
845 2683 941 2734 teneo!
954 2682 967 2706 *

166 2747 264 2804 Omnes
289 2763 364 2803 meae
383 2750 516 2804 exsultate
535 2749 720 2805 *Facultates
747 2749 860 2820 ammae,
880 2753 892 2777 ⁴
910 2751 968 2806 Ex·

164 2820 272 2889 sultate,
289 2820 451 2889 triumphata
469 2824 482 2848 *
499 2821 537 2876 Et
554 2820 676 2889 ingresso
695 2819 831 2889 plaudite!
