2130 3242
327 183 359 222 ne
373 181 513 222 Soonmonto
527 181 683 224 Poenitentiu.
863 181 905 225 428

95 284 180 356 fidei3
200 285 231 338 30
248 285 296 352 qui
309 298 369 338 oum
383 284 464 339 dubio
477 284 530 341 flde
544 299 728 354 possessorem
741 286 829 342 bonde
840 287 905 344 fidei

96 373 152 413 sno
168 357 341 425 possessione
366 357 509 426 spoliarit,
541 365 731 425 perseverante
758 358 846 413 dubio.
866 387 900 400 -

95 430 249 484 Possessor
275 427 361 481 rnriee
385 427 449 482 fidei
468 429 496 482 1⁰
522 428 602 484 debet
628 428 734 483 dornino
757 430 900 485 restituere

95 515 159 554 rem
175 500 272 568 ipsam,
291 500 315 553 si
333 498 419 553 odhno
432 507 527 569 exstet,
546 515 623 554 secus
638 499 818 569 aequivolens,
842 501 905 556 lieet

7 569 8 582 ²
97 587 137 626 ex
151 585 185 626 eo
198 569 279 624 ditior
290 569 377 624 foetus
395 586 449 624 non
467 571 517 639 sit3
536 574 566 624 2⁰
584 571 665 624 debet
683 585 811 640 reperere
826 585 903 626 omne

96 642 229 696 damnum
243 655 396 710 emergens3
415 642 445 694 30
463 640 543 697 debet
555 644 686 697 resoroire
705 657 782 696 omne
804 643 905 698 licitum

95 714 206 768 luorum
224 727 347 780 tessens3
369 714 399 765 4⁰
417 711 498 768 debet
515 714 657 768 restituere
675 713 777 768 fruetus
794 720 905 768 notore-

96 785 141 840 les
160 790 189 838 et
206 783 304 838 mixtos
323 790 459 838 exstantes
478 791 505 838 et
523 791 704 854 consumptos,
729 785 851 852 quemvis
869 799 905 840 ex

95 855 198 910 iisdem
215 871 270 909 non
293 853 375 910 fuerit
392 854 481 910 foetus
506 855 599 926 ditior,
626 857 680 911 imo
707 863 734 912 et
751 856 903 926 neglectos3

97 928 133 981 5⁰
150 933 242 995 potest
260 925 391 980 deducere
409 923 511 980 fruetus
529 926 709 994 industrieles,
738 927 838 983 loboris
856 943 904 982 vo-

97 998 195 1066 lorem,
215 1011 347 1064 expensos
365 999 532 1052 necessarios
546 999 673 1068 erudies,
691 1013 795 1054 noenon
816 1006 844 1054 et
857 999 904 1053 oii-

96 1085 170 1140 quas
189 1069 372 1136 voluptuarias
390 1068 487 1123 iudicio
506 1068 681 1138 prudentum}
700 1070 730 1124 60
748 1077 839 1139 potest
857 1087 904 1124 eu·

95 1139 174 1194 ferre
192 1140 394 1193 melioramento
413 1140 576 1208 extrinsece3
603 1141 632 1194 70
650 1157 684 1195 sn
702 1141 903 1196 melioramento

94 1211 247 1266 intrinseoo
263 1211 316 1278 ipsi
334 1226 351 1263 e
369 1209 475 1265 domino
495 1211 548 1266 sint
565 1212 769 1282 compensanda,
798 1222 903 1268 oontro·

97 1283 233 1350 ver-titum
249 1281 359 1336 Lessios
378 1287 406 1335 et
422 1282 500 1350 Lugo
519 1281 657 1337 affirment.

137 1353 389 1408 Possesoordobioe
396 1353 463 1418 ridor·
475 1353 629 1422 (opponitur
646 1356 798 1423 possessori
812 1362 902 1410 oertee

95 1423 174 1494 fidei)
193 1424 302 1493 estius,
321 1425 368 1491 qui
381 1423 492 1492 dubitet,
512 1441 546 1478 an
563 1439 608 1480 res
627 1439 644 1478 e
661 1440 690 1480 se
709 1441 836 1494 possesso
853 1441 904 1481 suo

101 1497 139 1552 sit
160 1511 194 1550 an
209 1495 311 1563 aliena3
330 1495 463 1562 obligatus
481 1503 523 1551 est
540 1496 592 1549 hoe
611 1497 729 1550 ratione:
751 1497 779 1551 10
794 1511 904 1564 posses·
995 1552 1010 1572 ,

23 1629 26 1636 ,
99 1555 208 1623 εἰάιθιη
225 1567 296 1620 bone
313 1565 366 1620 fide
384 1566 522 1635 incipiens,
550 1565 646 1620 deinde
666 1566 762 1620 dubiae
780 1565 844 1620 fidei
862 1567 902 1622 fo·

98 1645 170 1706 etos,
185 1653 246 1691 eom
260 1637 402 1692 omissione
416 1637 523 1691 debitae
537 1636 698 1706 diligentiae,
712 1645 904 1706 perseverante

99 1709 194 1778 dubio,
213 1723 262 1775 pro
281 1714 341 1762 reto
354 1707 428 1763 dubii
441 1709 581 1776 restituet3
599 1709 630 1761 20
651 1709 697 1776 qni
717 1709 750 1763 sb
764 1709 839 1763 initio
854 1708 905 1764 fuit

99 1782 190 1835 melae
203 1779 275 1847 fidei,
294 1779 389 1833 deinde
404 1779 500 1833 dubiae
512 1779 584 1849 fidei,
601 1780 645 1833 vel
667 1780 700 1834 ob
716 1780 792 1834 initio
807 1779 904 1834 dubios

99 1851 166 1906 fidei
185 1857 214 1905 et
231 1849 327 1904 deinde
353 1851 439 1904 molae
457 1849 521 1904 fidei
538 1852 566 1905 in
590 1857 704 1918 utroque
732 1867 804 1919 essu,
831 1850 905 1904 edhi-

100 1925 160 1978 bita
177 1921 316 1990 diligentia
327 1929 519 1988 perseverante
534 1922 623 1992 dubio,
637 1938 688 1990 pro
703 1929 763 1977 rote
777 1921 850 1976 dubii
863 1937 907 1976 re·

100 1995 204 2061 stimet,
225 1993 357 2060 (Loeror'oe
374 1993 418 2046 lio.
433 1997 458 2046 3.
474 2009 506 2060 p.
524 1997 552 2050 2.
570 2011 598 2052 n.
618 1993 686 2048 562:
698 1993 726 2050 S.
743 1994 804 2063 Lip.
819 1995 863 2048 lid.
877 1998 907 2048 4.

101 2083 131 2122 o.
150 2066 224 2131 625.)
230 2083 240 2131 ,·
261 2064 290 2116 3⁰
308 2063 441 2132 dubitans,
467 2079 501 2118 on
518 2080 564 2120 res
583 2066 618 2120 sit
639 2065 735 2133 aliene,
759 2071 850 2134 potest
867 2066 907 2118 ni·

102 2136 248 2190 hilominns
267 2149 326 2187 esnr
343 2135 471 2203 ‘oeoipere
493 2135 571 2190 titulo
597 2135 761 2206 donationis,
794 2137 906 2204 emptio·

103 2209 145 2262 nis
164 2215 225 2274 eto,
244 2205 324 2260 modo
343 2221 402 2259 earn
428 2221 460 2260 eo
479 2207 567 2261 animo
591 2208 720 2276 eoeipiei,
751 2213 781 2262 ut
799 2207 905 2262 domino

102 2279 237 2346 restituet,
257 2277 360 2345 sipost
382 2277 535 2344 diligentem
558 2278 756 2345 inquisitionem
780 2293 842 2332 eum
865 2279 908 2332 in·

103 2350 225 2417 venerit3
244 2348 308 2416 quio
326 2348 355 2401 in
375 2348 427 2401 hoo
441 2347 547 2402 domino
568 2364 622 2403 non
636 2348 701 2404 ieoit
713 2350 844 2420 iniuriam,
860 2349 909 2404 sed

104 2419 272 2475 beneficium.
311 2419 534 2485 (desererent.
553 2437 580 2473 o.
599 2423 655 2488 24.)

102 2514 111 2528 ¹
143 2491 172 2546 Si
189 2490 339 2560 poenitens,
359 2490 405 2558 qui
416 2497 489 2546 eerto
504 2491 636 2559 obligatus
651 2491 741 2546 estad
758 2491 908 2546 restitutio-

103 2578 174 2632 nem,
193 2576 306 2629 eamque
325 2559 414 2616 fecere
432 2568 536 2630 potest,
564 2561 695 2617 difficilem
719 2578 748 2618 se
777 2561 910 2630 ostendet,

102 2635 198 2690 dooeri
216 2633 305 2701 debet,
323 2647 377 2686 non
395 2632 492 2686 dimitti
509 2640 655 2703 peceatum,
683 2635 734 2688 nisi
752 2634 910 2689 restituetur

103 2707 242 2774 obietnm3
259 2718 309 2758 neo
328 2702 507 2759 absolvendus
526 2711 575 2774 est,
594 2704 679 2759 donee
692 2705 772 2773 plene
786 2705 853 2758 ooiit
866 2718 908 2758 re·

104 2778 229 2834 stituere.

141 2846 320 2903 Absolutione
338 2845 462 2914 indignus
480 2846 575 2901 merito
593 2846 716 2915 hebetur,
741 2845 787 2914 qni
803 2851 912 2900 reousot
