<?xml version="1.0" encoding="UTF-8"?>
<!DOCTYPE html PUBLIC "-//W3C//DTD XHTML 1.0 Transitional//EN"
    "http://www.w3.org/TR/xhtml1/DTD/xhtml1-transitional.dtd">
<html xmlns="http://www.w3.org/1999/xhtml" xml:lang="en" lang="en">
 <head>
  <title>
</title>
<meta http-equiv="Content-Type" content="text/html;charset=utf-8" />
  <meta name='ocr-system' content='tesseract 3.04.00' />
  <meta name='ocr-capabilities' content='ocr_page ocr_carea ocr_par ocr_line ocrx_word'/>
</head>
<body>
  <div class='ocr_page' id='page_1' title='image "./manualesacerdot00schngoog_0343.png"; bbox 0 0 2124 3230; ppageno 0'>
   <div class='ocr_carea' id='block_1_1' title="bbox 279 149 899 202">
    <p class='ocr_par' dir='ltr' id='par_1_1' title="bbox 279 149 899 202">
     <span class='ocr_line' id='line_1_1' title="bbox 279 149 899 202; baseline -0.002 -7"><span class='ocrx_word' id='word_1_1' title='bbox 279 153 344 195; x_wconf 74' lang='lat' dir='ltr'>Ritus</span> <span class='ocrx_word' id='word_1_2' title='bbox 358 153 483 194; x_wconf 79' lang='lat' dir='ltr'>eelebrendi</span> <span class='ocrx_word' id='word_1_3' title='bbox 496 153 588 194; x_wconf 66' lang='lat' dir='ltr'>uiuam</span> <span class='ocrx_word' id='word_1_4' title='bbox 601 153 718 202; x_wconf 70' lang='lat' dir='ltr'>privatam.</span> <span class='ocrx_word' id='word_1_5' title='bbox 857 149 899 194; x_wconf 73' lang='lat'>818</span> 
     </span>
    </p>
   </div>
   <div class='ocr_carea' id='block_1_2' title="bbox 95 253 900 468">
    <p class='ocr_par' dir='ltr' id='par_1_2' title="bbox 95 253 900 468">
     <span class='ocr_line' id='line_1_2' title="bbox 99 253 900 325; baseline -0.006 -10"><span class='ocrx_word' id='word_1_6' title='bbox 99 255 194 325; x_wconf 78' lang='lat' dir='ltr'>stelae,</span> <span class='ocrx_word' id='word_1_7' title='bbox 213 255 325 312; x_wconf 81' lang='lat' dir='ltr'>Missnle</span> <span class='ocrx_word' id='word_1_8' title='bbox 344 271 427 324; x_wconf 88' lang='lat' dir='ltr'>super</span> <span class='ocrx_word' id='word_1_9' title='bbox 445 255 551 312; x_wconf 78' lang='lat' dir='ltr'>cassino</span> <span class='ocrx_word' id='word_1_10' title='bbox 571 255 658 324; x_wconf 82' lang='lat' dir='ltr'>aperit</span> <span class='ocrx_word' id='word_1_11' title='bbox 665 255 693 323; x_wconf 83' lang='lat'>²),</span> <span class='ocrx_word' id='word_1_12' title='bbox 711 253 814 324; x_wconf 83' lang='lat' dir='ltr'>reperit</span> <span class='ocrx_word' id='word_1_13' title='bbox 834 253 900 310; x_wconf 89' lang='lat' dir='ltr'>Mis·</span> 
     </span>
     <span class='ocr_line' id='line_1_3' title="bbox 95 325 900 395; baseline -0.002 -11"><span class='ocrx_word' id='word_1_14' title='bbox 95 339 153 384; x_wconf 86' lang='lat' dir='ltr'>sam</span> <span class='ocrx_word' id='word_1_15' title='bbox 181 334 210 382; x_wconf 85' lang='lat' dir='ltr'>et</span> <span class='ocrx_word' id='word_1_16' title='bbox 235 327 373 395; x_wconf 80' lang='lat' dir='ltr'>signacula</span> <span class='ocrx_word' id='word_1_17' title='bbox 396 327 452 384; x_wconf 87' lang='lat' dir='ltr'>suis</span> <span class='ocrx_word' id='word_1_18' title='bbox 476 326 542 382; x_wconf 86' lang='lat' dir='ltr'>locis</span> <span class='ocrx_word' id='word_1_19' title='bbox 570 325 760 383; x_wconf 80' lang='lat' dir='ltr'>accommodat.</span> <span class='ocrx_word' id='word_1_20' title='bbox 794 325 900 382; x_wconf 78' lang='lat' dir='ltr'>Deinde</span> 
     </span>
     <span class='ocr_line' id='line_1_4' title="bbox 96 396 898 468; baseline -0.004 -14"><span class='ocrx_word' id='word_1_21' title='bbox 96 398 206 454; x_wconf 85' lang='lat' dir='ltr'>rediens</span> <span class='ocrx_word' id='word_1_22' title='bbox 225 397 260 454; x_wconf 87' lang='lat' dir='ltr'>ad</span> <span class='ocrx_word' id='word_1_23' title='bbox 273 397 390 452; x_wconf 87' lang='lat' dir='ltr'>medium</span> <span class='ocrx_word' id='word_1_24' title='bbox 404 399 504 468; x_wconf 77' lang='lat' dir='ltr'>altaris,</span> <span class='ocrx_word' id='word_1_25' title='bbox 522 396 594 452; x_wconf 85' lang='lat' dir='ltr'>facta</span> <span class='ocrx_word' id='word_1_26' title='bbox 607 398 722 466; x_wconf 87' lang='lat' dir='ltr'>primum</span> <span class='ocrx_word' id='word_1_27' title='bbox 741 396 898 452; x_wconf 86' lang='lat' dir='ltr'>crucireve·</span> 
     </span>
    </p>
   </div>
   <div class='ocr_carea' id='block_1_3' title="bbox 9 466 901 538">
    <p class='ocr_par' dir='ltr' id='par_1_3' title="bbox 9 466 901 538">
     <span class='ocr_line' id='line_1_5' title="bbox 9 466 901 538; baseline -0.002 -12"><span class='ocrx_word' id='word_1_28' title='bbox 9 475 10 500; x_wconf 64' lang='lat'>¹</span> <span class='ocrx_word' id='word_1_29' title='bbox 94 470 193 537; x_wconf 77' lang='lat' dir='ltr'>sentia,</span> <span class='ocrx_word' id='word_1_30' title='bbox 211 476 320 525; x_wconf 82' lang='lat' dir='ltr'>vertens</span> <span class='ocrx_word' id='word_1_31' title='bbox 346 469 403 538; x_wconf 76' lang='lat' dir='ltr'>se2)</span> <span class='ocrx_word' id='word_1_32' title='bbox 429 469 464 526; x_wconf 87' lang='lat' dir='ltr'>ad</span> <span class='ocrx_word' id='word_1_33' title='bbox 489 485 572 524; x_wconf 86' lang='lat' dir='ltr'>cornu</span> <span class='ocrx_word' id='word_1_34' title='bbox 596 469 736 537; x_wconf 87' lang='lat' dir='ltr'>Epistolae</span> <span class='ocrx_word' id='word_1_35' title='bbox 763 466 901 524; x_wconf 85' lang='lat' dir='ltr'>descendit</span> 
     </span>
    </p>
   </div>
   <div class='ocr_carea' id='block_1_4' title="bbox 29 537 942 2518">
    <p class='ocr_par' dir='ltr' id='par_1_4' title="bbox 94 537 899 668">
     <span class='ocr_line' id='line_1_6' title="bbox 94 537 899 611; baseline -0.006 -13"><span class='ocrx_word' id='word_1_36' title='bbox 94 548 160 611; x_wconf 85' lang='lat' dir='ltr'>post</span> <span class='ocrx_word' id='word_1_37' title='bbox 177 539 297 596; x_wconf 87' lang='lat' dir='ltr'>infimum</span> <span class='ocrx_word' id='word_1_38' title='bbox 315 540 428 609; x_wconf 62' lang='lat' dir='ltr'>medum</span> <span class='ocrx_word' id='word_1_39' title='bbox 446 541 546 610; x_wconf 81' lang='lat' dir='ltr'>altaris,</span> <span class='ocrx_word' id='word_1_40' title='bbox 565 548 596 598; x_wconf 87' lang='lat' dir='ltr'>ut</span> <span class='ocrx_word' id='word_1_41' title='bbox 608 541 646 596; x_wconf 89' lang='lat' dir='ltr'>ibi</span> <span class='ocrx_word' id='word_1_42' title='bbox 659 540 741 596; x_wconf 84' lang='lat' dir='ltr'>faciat</span> <span class='ocrx_word' id='word_1_43' title='bbox 754 537 899 594; x_wconf 79' lang='lat' dir='ltr'>confessio·</span> 
     </span>
     <span class='ocr_line' id='line_1_7' title="bbox 94 628 166 668; baseline 0 0"><span class='ocrx_word' id='word_1_44' title='bbox 94 628 166 668; x_wconf 78' lang='lat' dir='ltr'>nem.</span> 
     </span>
    </p>

    <p class='ocr_par' dir='ltr' id='par_1_5' title="bbox 29 679 902 2035">
     <span class='ocr_line' id='line_1_8' title="bbox 133 679 899 751; baseline -0.005 -11"><span class='ocrx_word' id='word_1_45' title='bbox 133 687 160 740; x_wconf 87' lang='lat'>3.</span> <span class='ocrx_word' id='word_1_46' title='bbox 178 682 228 737; x_wconf 91' lang='lat' dir='ltr'>De</span> <span class='ocrx_word' id='word_1_47' title='bbox 246 682 432 751; x_wconf 88' lang='lat' dir='ltr'>principio</span> <span class='ocrx_word' id='word_1_48' title='bbox 456 681 586 738; x_wconf 81' lang='lat' dir='ltr'>Missae</span> <span class='ocrx_word' id='word_1_49' title='bbox 612 688 646 737; x_wconf 84' lang='lat' dir='ltr'>et</span> <span class='ocrx_word' id='word_1_50' title='bbox 670 679 899 736; x_wconf 83' lang='lat' dir='ltr'>confessione</span> 
     </span>
     <span class='ocr_line' id='line_1_9' title="bbox 94 749 899 824; baseline -0.005 -14"><span class='ocrx_word' id='word_1_51' title='bbox 94 753 275 810; x_wconf 84' lang='lat' dir='ltr'>facienda</span> <span class='ocrx_word' id='word_1_52' title='bbox 295 753 435 824; x_wconf 76' lang='lat' dir='ltr'><strong>Sacerdos,</strong></span> <span class='ocrx_word' id='word_1_53' title='bbox 453 770 513 808; x_wconf 88' lang='lat' dir='ltr'>cum</span> <span class='ocrx_word' id='word_1_54' title='bbox 531 755 646 822; x_wconf 86' lang='lat' dir='ltr'>primum</span> <span class='ocrx_word' id='word_1_55' title='bbox 664 751 833 808; x_wconf 84' lang='lat' dir='ltr'>descenderit</span> <span class='ocrx_word' id='word_1_56' title='bbox 849 749 899 806; x_wconf 88' lang='lat' dir='ltr'>sub</span> 
     </span>
     <span class='ocr_line' id='line_1_10' title="bbox 96 821 900 894; baseline -0.004 -14"><span class='ocrx_word' id='word_1_57' title='bbox 96 825 220 882; x_wconf 87' lang='lat' dir='ltr'>infimum</span> <span class='ocrx_word' id='word_1_58' title='bbox 238 825 350 894; x_wconf 78' lang='lat' dir='ltr'>gradum</span> <span class='ocrx_word' id='word_1_59' title='bbox 369 825 469 892; x_wconf 86' lang='lat' dir='ltr'>altaris,</span> <span class='ocrx_word' id='word_1_60' title='bbox 490 826 622 880; x_wconf 84' lang='lat' dir='ltr'>convertit</span> <span class='ocrx_word' id='word_1_61' title='bbox 647 839 676 879; x_wconf 89' lang='lat' dir='ltr'>se</span> <span class='ocrx_word' id='word_1_62' title='bbox 703 823 737 878; x_wconf 89' lang='lat' dir='ltr'>ad</span> <span class='ocrx_word' id='word_1_63' title='bbox 755 824 843 892; x_wconf 89' lang='lat' dir='ltr'>ipsum</span> <span class='ocrx_word' id='word_1_64' title='bbox 862 821 900 878; x_wconf 86' lang='lat' dir='ltr'>al·</span> 
     </span>
     <span class='ocr_line' id='line_1_11' title="bbox 94 895 898 966; baseline -0.006 -13"><span class='ocrx_word' id='word_1_65' title='bbox 94 904 166 966; x_wconf 78' lang='lat' dir='ltr'>tere,</span> <span class='ocrx_word' id='word_1_66' title='bbox 190 897 238 952; x_wconf 88' lang='lat' dir='ltr'>nbi</span> <span class='ocrx_word' id='word_1_67' title='bbox 263 903 338 952; x_wconf 84' lang='lat' dir='ltr'>stans</span> <span class='ocrx_word' id='word_1_68' title='bbox 355 897 384 952; x_wconf 91' lang='lat' dir='ltr'>in</span> <span class='ocrx_word' id='word_1_69' title='bbox 401 896 498 966; x_wconf 89' lang='lat' dir='ltr'>medio,</span> <span class='ocrx_word' id='word_1_70' title='bbox 516 897 613 952; x_wconf 88' lang='lat' dir='ltr'>iunctis</span> <span class='ocrx_word' id='word_1_71' title='bbox 630 895 752 950; x_wconf 86' lang='lat' dir='ltr'>manibus</span> <span class='ocrx_word' id='word_1_72' title='bbox 771 900 837 948; x_wconf 83' lang='lat' dir='ltr'>ente</span> <span class='ocrx_word' id='word_1_73' title='bbox 851 907 898 962; x_wconf 90' lang='lat' dir='ltr'>pe·</span> 
     </span>
     <span class='ocr_line' id='line_1_12' title="bbox 97 964 898 1036; baseline -0.004 -12"><span class='ocrx_word' id='word_1_74' title='bbox 97 975 167 1036; x_wconf 87' lang='lat' dir='ltr'>ctus,</span> <span class='ocrx_word' id='word_1_75' title='bbox 197 969 315 1024; x_wconf 83' lang='lat' dir='ltr'>extensis</span> <span class='ocrx_word' id='word_1_76' title='bbox 340 975 367 1024; x_wconf 86' lang='lat' dir='ltr'>et</span> <span class='ocrx_word' id='word_1_77' title='bbox 391 968 487 1022; x_wconf 86' lang='lat' dir='ltr'>iunctis</span> <span class='ocrx_word' id='word_1_78' title='bbox 513 969 615 1035; x_wconf 89' lang='lat' dir='ltr'>pariter</span> <span class='ocrx_word' id='word_1_79' title='bbox 633 967 730 1036; x_wconf 81' lang='lat' dir='ltr'>digitis,</span> <span class='ocrx_word' id='word_1_80' title='bbox 756 964 898 1034; x_wconf 89' lang='lat' dir='ltr'>et-poilice</span> 
     </span>
     <span class='ocr_line' id='line_1_13' title="bbox 97 1036 898 1108; baseline -0.004 -13"><span class='ocrx_word' id='word_1_81' title='bbox 97 1039 195 1095; x_wconf 80' lang='lat' dir='ltr'>dextro</span> <span class='ocrx_word' id='word_1_82' title='bbox 224 1055 306 1108; x_wconf 89' lang='lat' dir='ltr'>snper</span> <span class='ocrx_word' id='word_1_83' title='bbox 333 1039 468 1094; x_wconf 85' lang='lat' dir='ltr'>sinistrum</span> <span class='ocrx_word' id='word_1_84' title='bbox 492 1040 581 1106; x_wconf 88' lang='lat' dir='ltr'>posito</span> <span class='ocrx_word' id='word_1_85' title='bbox 608 1039 636 1094; x_wconf 88' lang='lat' dir='ltr'>in</span> <span class='ocrx_word' id='word_1_86' title='bbox 668 1037 776 1094; x_wconf 88' lang='lat' dir='ltr'>modum</span> <span class='ocrx_word' id='word_1_87' title='bbox 804 1036 898 1106; x_wconf 81' lang='lat' dir='ltr'>crucis,</span> 
     </span>
     <span class='ocr_line' id='line_1_14' title="bbox 97 1109 899 1180; baseline -0.004 -14"><span class='ocrx_word' id='word_1_88' title='bbox 97 1111 174 1180; x_wconf 88' lang='lat' dir='ltr'><strong>quod</strong></span> <span class='ocrx_word' id='word_1_89' title='bbox 199 1125 306 1180; x_wconf 88' lang='lat' dir='ltr'>semper</span> <span class='ocrx_word' id='word_1_90' title='bbox 331 1118 467 1175; x_wconf 70' lang='lat' dir='ltr'>servarim,</span> <span class='ocrx_word' id='word_1_91' title='bbox 493 1109 599 1178; x_wconf 87' lang='lat' dir='ltr'>quando</span> <span class='ocrx_word' id='word_1_92' title='bbox 624 1110 769 1178; x_wconf 73' lang='lat' dir='ltr'>iunguntur</span> <span class='ocrx_word' id='word_1_93' title='bbox 795 1124 899 1176; x_wconf 84' lang='lat' dir='ltr'>manus,</span> 
     </span>
     <span class='ocr_line' id='line_1_15' title="bbox 95 1179 899 1251; baseline -0.007 -12"><span class='ocrx_word' id='word_1_94' title='bbox 95 1189 289 1251; x_wconf 85' lang='lat' dir='ltr'>praeterquam</span> <span class='ocrx_word' id='word_1_95' title='bbox 315 1189 378 1249; x_wconf 88' lang='lat' dir='ltr'>post</span> <span class='ocrx_word' id='word_1_96' title='bbox 401 1183 643 1248; x_wconf 80' lang='lat' dir='ltr'>consecrationem,</span> <span class='ocrx_word' id='word_1_97' title='bbox 669 1180 775 1236; x_wconf 85' lang='lat' dir='ltr'>detecto</span> <span class='ocrx_word' id='word_1_98' title='bbox 803 1179 899 1249; x_wconf 86' lang='lat' dir='ltr'>capite,</span> 
     </span>
     <span class='ocr_line' id='line_1_16' title="bbox 97 1251 900 1321; baseline -0.001 -14"><span class='ocrx_word' id='word_1_99' title='bbox 97 1253 173 1309; x_wconf 82' lang='lat' dir='ltr'>iacta</span> <span class='ocrx_word' id='word_1_100' title='bbox 190 1254 265 1321; x_wconf 83' lang='lat' dir='ltr'>prius</span> <span class='ocrx_word' id='word_1_101' title='bbox 284 1253 355 1308; x_wconf 85' lang='lat' dir='ltr'>cruci</span> <span class='ocrx_word' id='word_1_102' title='bbox 372 1253 513 1308; x_wconf 80' lang='lat' dir='ltr'>v&#39;elcltari</span> <span class='ocrx_word' id='word_1_103' title='bbox 529 1251 663 1321; x_wconf 88' lang='lat' dir='ltr'>profunda</span> <span class='ocrx_word' id='word_1_104' title='bbox 685 1251 845 1318; x_wconf 82' lang='lat' dir='ltr'>reverentia,</span> <span class='ocrx_word' id='word_1_105' title='bbox 863 1277 900 1290; x_wconf 86' lang='lat'>-·</span> 
     </span>
     <span class='ocr_line' id='line_1_17' title="bbox 99 1321 900 1394; baseline 0 -16"><span class='ocrx_word' id='word_1_106' title='bbox 99 1325 127 1394; x_wconf 87' lang='lat' dir='ltr'>(i.</span> <span class='ocrx_word' id='word_1_107' title='bbox 148 1341 171 1379; x_wconf 89' lang='lat' dir='ltr'>e.</span> <span class='ocrx_word' id='word_1_108' title='bbox 191 1324 326 1393; x_wconf 82' lang='lat' dir='ltr'>profimda</span> <span class='ocrx_word' id='word_1_109' title='bbox 344 1325 439 1392; x_wconf 85' lang='lat' dir='ltr'>capitis</span> <span class='ocrx_word' id='word_1_110' title='bbox 458 1330 485 1377; x_wconf 90' lang='lat' dir='ltr'>et</span> <span class='ocrx_word' id='word_1_111' title='bbox 495 1325 615 1392; x_wconf 84' lang='lat' dir='ltr'>corporis</span> <span class='ocrx_word' id='word_1_112' title='bbox 626 1323 805 1392; x_wconf 76' lang='lat' dir='ltr'>inclinatione,</span> <span class='ocrx_word' id='word_1_113' title='bbox 824 1321 900 1379; x_wconf 58' lang='grc' dir='ltr'>ΕΒ.</span> 
     </span>
     <span class='ocr_line' id='line_1_18' title="bbox 102 1393 900 1464; baseline -0.006 -12"><span class='ocrx_word' id='word_1_114' title='bbox 102 1395 132 1452; x_wconf 77' lang='lat'>0.</span> <span class='ocrx_word' id='word_1_115' title='bbox 152 1400 179 1451; x_wconf 86' lang='lat'>8.</span> <span class='ocrx_word' id='word_1_116' title='bbox 193 1397 284 1464; x_wconf 79' lang='lat' dir='ltr'>Apaa&#39;l.</span> <span class='ocrx_word' id='word_1_117' title='bbox 299 1399 390 1463; x_wconf 85' lang='grc'><em>1808.)</em></span> <span class='ocrx_word' id='word_1_118' title='bbox 411 1425 444 1434; x_wconf 89' lang='grc'>-</span> <span class='ocrx_word' id='word_1_119' title='bbox 463 1395 508 1450; x_wconf 87' lang='lat' dir='ltr'>vel</span> <span class='ocrx_word' id='word_1_120' title='bbox 521 1396 545 1450; x_wconf 93' lang='lat' dir='ltr'>si</span> <span class='ocrx_word' id='word_1_121' title='bbox 556 1396 585 1450; x_wconf 93' lang='lat' dir='ltr'>in</span> <span class='ocrx_word' id='word_1_122' title='bbox 599 1411 631 1450; x_wconf 88' lang='lat' dir='ltr'>eo</span> <span class='ocrx_word' id='word_1_123' title='bbox 647 1395 682 1449; x_wconf 85' lang='lat' dir='ltr'>sit</span> <span class='ocrx_word' id='word_1_124' title='bbox 699 1393 900 1453; x_wconf 80' lang='lat' dir='ltr'>tabernaculum</span> 
     </span>
     <span class='ocr_line' id='line_1_19' title="bbox 101 1465 899 1535; baseline -0.006 -13"><span class='ocrx_word' id='word_1_125' title='bbox 101 1466 150 1522; x_wconf 89' lang='lat' dir='ltr'>SS.</span> <span class='ocrx_word' id='word_1_126' title='bbox 180 1466 354 1535; x_wconf 86' lang='lat' dir='ltr'>Sacramenti,</span> <span class='ocrx_word' id='word_1_127' title='bbox 380 1466 453 1521; x_wconf 85' lang='lat' dir='ltr'>facta</span> <span class='ocrx_word' id='word_1_128' title='bbox 477 1465 662 1534; x_wconf 83' lang='lat' dir='ltr'>genuflexione</span> <span class='ocrx_word' id='word_1_129' title='bbox 690 1493 724 1504; x_wconf 84' lang='lat'>-</span> <span class='ocrx_word' id='word_1_130' title='bbox 752 1465 785 1533; x_wconf 85' lang='lat' dir='ltr'>(si</span> <span class='ocrx_word' id='word_1_131' title='bbox 811 1465 839 1517; x_wconf 92' lang='lat' dir='ltr'>in</span> <span class='ocrx_word' id='word_1_132' title='bbox 866 1477 899 1518; x_wconf 88' lang='lat' dir='ltr'>eo</span> 
     </span>
     <span class='ocr_line' id='line_1_20' title="bbox 29 1534 900 1607; baseline -0.005 -15"><span class='ocrx_word' id='word_1_133' title='bbox 29 1601 33 1607; x_wconf 18' lang='grc' dir='ltr'>ι</span> <span class='ocrx_word' id='word_1_134' title='bbox 102 1537 151 1592; x_wconf 83' lang='lat' dir='ltr'>SS.</span> <span class='ocrx_word' id='word_1_135' title='bbox 171 1538 371 1593; x_wconf 81' lang='lat' dir='ltr'>Sacramentum</span> <span class='ocrx_word' id='word_1_136' title='bbox 394 1539 429 1592; x_wconf 87' lang='lat' dir='ltr'>sit</span> <span class='ocrx_word' id='word_1_137' title='bbox 440 1538 571 1592; x_wconf 90' lang='lat' dir='ltr'>inclusum</span> <span class='ocrx_word' id='word_1_138' title='bbox 585 1543 631 1591; x_wconf 83' lang='lat' dir='ltr'>aut</span> <span class='ocrx_word' id='word_1_139' title='bbox 645 1535 803 1604; x_wconf 85' lang='lat' dir='ltr'>expositum,</span> <span class='ocrx_word' id='word_1_140' title='bbox 821 1534 900 1588; x_wconf 87' lang='lat' dir='ltr'>unico</span> 
     </span>
     <span class='ocr_line' id='line_1_21' title="bbox 102 1603 901 1678; baseline -0.003 -14"><span class='ocrx_word' id='word_1_141' title='bbox 102 1625 176 1678; x_wconf 83' lang='lat' dir='ltr'>genn</span> <span class='ocrx_word' id='word_1_142' title='bbox 193 1608 278 1664; x_wconf 80' lang='lat' dir='ltr'>flectit</span> <span class='ocrx_word' id='word_1_143' title='bbox 294 1610 322 1664; x_wconf 91' lang='lat' dir='ltr'>in</span> <span class='ocrx_word' id='word_1_144' title='bbox 340 1608 430 1664; x_wconf 83' lang='lat' dir='ltr'>infimo</span> <span class='ocrx_word' id='word_1_145' title='bbox 457 1609 542 1677; x_wconf 64' lang='lat' dir='ltr'>madu</span> <span class='ocrx_word' id='word_1_146' title='bbox 567 1608 667 1677; x_wconf 84' lang='lat' dir='ltr'>citaris,</span> <span class='ocrx_word' id='word_1_147' title='bbox 690 1606 718 1661; x_wconf 79' lang='lat' dir='ltr'>S.</span> <span class='ocrx_word' id='word_1_148' title='bbox 742 1605 777 1660; x_wconf 85' lang='lat' dir='ltr'>R.</span> <span class='ocrx_word' id='word_1_149' title='bbox 804 1603 831 1660; x_wconf 84' lang='lat'>0.</span> <span class='ocrx_word' id='word_1_150' title='bbox 858 1607 901 1662; x_wconf 84' lang='lat'>12.</span> 
     </span>
     <span class='ocr_line' id='line_1_22' title="bbox 103 1674 901 1736; baseline -0.008 0"><span class='ocrx_word' id='word_1_151' title='bbox 103 1680 176 1736; x_wconf 82' lang='lat' dir='ltr'>Noa.</span> <span class='ocrx_word' id='word_1_152' title='bbox 195 1685 274 1735; x_wconf 71' lang='grc'><strong><em>1831.»</em></strong></span> <span class='ocrx_word' id='word_1_153' title='bbox 292 1690 319 1735; x_wconf 88' lang='lat' dir='ltr'>et</span> <span class='ocrx_word' id='word_1_154' title='bbox 338 1680 491 1735; x_wconf 77' lang='lat' dir='ltr'>Gardellc&#39;ai</span> <span class='ocrx_word' id='word_1_155' title='bbox 503 1680 645 1736; x_wconf 78' lang='lat' dir='ltr'>Commeat.</span> <span class='ocrx_word' id='word_1_156' title='bbox 664 1678 831 1732; x_wconf 71' lang='lat' dir='ltr'>talamana</span> <span class='ocrx_word' id='word_1_157' title='bbox 844 1674 901 1730; x_wconf 78' lang='lat' dir='ltr'>ete-</span> 
     </span>
     <span class='ocr_line' id='line_1_23' title="bbox 102 1746 902 1822; baseline -0.008 -16"><span class='ocrx_word' id='word_1_158' title='bbox 102 1756 185 1806; x_wconf 80' lang='lat' dir='ltr'>meat.</span> <span class='ocrx_word' id='word_1_159' title='bbox 205 1751 229 1822; x_wconf 67' lang='grc' dir='ltr'>ξ.</span> <span class='ocrx_word' id='word_1_160' title='bbox 248 1755 292 1806; x_wconf 85' lang='lat'>30.</span> <span class='ocrx_word' id='word_1_161' title='bbox 304 1769 341 1806; x_wconf 75' lang='lat' dir='ltr'>aa·</span> <span class='ocrx_word' id='word_1_162' title='bbox 350 1755 407 1820; x_wconf 86' lang='lat'><em>26.)</em></span> <span class='ocrx_word' id='word_1_163' title='bbox 418 1779 450 1790; x_wconf 91' lang='lat'>-</span> <span class='ocrx_word' id='word_1_164' title='bbox 462 1759 566 1806; x_wconf 83' lang='lat' dir='ltr'>erectus</span> <span class='ocrx_word' id='word_1_165' title='bbox 578 1749 671 1818; x_wconf 86' lang='lat' dir='ltr'>incipit</span> <span class='ocrx_word' id='word_1_166' title='bbox 683 1749 803 1803; x_wconf 88' lang='lat' dir='ltr'>Missam.</span> <span class='ocrx_word' id='word_1_167' title='bbox 821 1746 902 1801; x_wconf 85' lang='lat' dir='ltr'>Stans</span> 
     </span>
     <span class='ocr_line' id='line_1_24' title="bbox 101 1817 901 1892; baseline -0.009 -14"><span class='ocrx_word' id='word_1_168' title='bbox 101 1823 187 1892; x_wconf 78' lang='lat' dir='ltr'>igitur</span> <span class='ocrx_word' id='word_1_169' title='bbox 205 1823 343 1878; x_wconf 86' lang='lat' dir='ltr'>celebrans</span> <span class='ocrx_word' id='word_1_170' title='bbox 361 1830 423 1878; x_wconf 89' lang='lat' dir='ltr'>ante</span> <span class='ocrx_word' id='word_1_171' title='bbox 440 1822 559 1877; x_wconf 88' lang='lat' dir='ltr'>infimum</span> <span class='ocrx_word' id='word_1_172' title='bbox 569 1821 680 1891; x_wconf 80' lang='lat' dir='ltr'>gradum</span> <span class='ocrx_word' id='word_1_173' title='bbox 690 1819 782 1875; x_wconf 88' lang='lat' dir='ltr'>altaris</span> <span class='ocrx_word' id='word_1_174' title='bbox 800 1817 840 1887; x_wconf 84' lang='lat' dir='ltr'>(ut</span> <span class='ocrx_word' id='word_1_175' title='bbox 857 1833 901 1872; x_wconf 89' lang='lat' dir='ltr'>sn·</span> 
     </span>
     <span class='ocr_line' id='line_1_25' title="bbox 101 1887 901 1964; baseline -0.005 -16"><span class='ocrx_word' id='word_1_176' title='bbox 101 1894 163 1964; x_wconf 85' lang='lat' dir='ltr'>pra)</span> <span class='ocrx_word' id='word_1_177' title='bbox 182 1894 333 1961; x_wconf 85' lang='lat' dir='ltr'>producens</span> <span class='ocrx_word' id='word_1_178' title='bbox 350 1910 431 1948; x_wconf 85' lang='lat' dir='ltr'>mann</span> <span class='ocrx_word' id='word_1_179' title='bbox 450 1894 545 1948; x_wconf 83' lang='lat' dir='ltr'>dextra</span> <span class='ocrx_word' id='word_1_180' title='bbox 562 1910 579 1947; x_wconf 84' lang='lat' dir='ltr'>a</span> <span class='ocrx_word' id='word_1_181' title='bbox 596 1893 684 1948; x_wconf 82' lang='lat' dir='ltr'>fronte</span> <span class='ocrx_word' id='word_1_182' title='bbox 702 1891 737 1946; x_wconf 85' lang='lat' dir='ltr'>ad</span> <span class='ocrx_word' id='word_1_183' title='bbox 754 1897 848 1959; x_wconf 85' lang='lat' dir='ltr'>pectus</span> <span class='ocrx_word' id='word_1_184' title='bbox 867 1887 901 1945; x_wconf 90' lang='lat' dir='ltr'>si·</span> 
     </span>
     <span class='ocr_line' id='line_1_26' title="bbox 103 1964 767 2035; baseline -0.003 -17"><span class='ocrx_word' id='word_1_185' title='bbox 103 1981 186 2034; x_wconf 77' lang='lat' dir='ltr'>gnum</span> <span class='ocrx_word' id='word_1_186' title='bbox 205 1967 298 2035; x_wconf 86' lang='lat' dir='ltr'>crucis,</span> <span class='ocrx_word' id='word_1_187' title='bbox 318 1966 382 2020; x_wconf 85' lang='lat' dir='ltr'>dicit</span> <span class='ocrx_word' id='word_1_188' title='bbox 398 1964 558 2034; x_wconf 82' lang='lat' dir='ltr'>intelligibili</span> <span class='ocrx_word' id='word_1_189' title='bbox 577 1964 668 2035; x_wconf 84' lang='lat' dir='ltr'>(clara)</span> <span class='ocrx_word' id='word_1_190' title='bbox 686 1977 767 2018; x_wconf 87' lang='lat' dir='ltr'>vnce:</span> 
     </span>
    </p>

    <p class='ocr_par' dir='ltr' id='par_1_6' title="bbox 101 2030 901 2162">
     <span class='ocr_line' id='line_1_27' title="bbox 101 2030 901 2162; baseline -0.008 -72"><span class='ocrx_word' id='word_1_191' title='bbox 101 2037 190 2162; x_wconf 41' lang='lat' dir='ltr'>Azan</span> <span class='ocrx_word' id='word_1_192' title='bbox 206 2039 313 2092; x_wconf 80' lang='lat' dir='ltr'>nomiae</span> <span class='ocrx_word' id='word_1_193' title='bbox 340 2037 434 2092; x_wconf 80' lang='lat' dir='ltr'>Patris</span> <span class='ocrx_word' id='word_1_194' title='bbox 459 2042 484 2092; x_wconf 83' lang='lat' dir='ltr'>et</span> <span class='ocrx_word' id='word_1_195' title='bbox 508 2037 579 2092; x_wconf 58' lang='grc' dir='ltr'>Νὴ·</span> <span class='ocrx_word' id='word_1_196' title='bbox 606 2041 632 2090; x_wconf 83' lang='lat' dir='ltr'>et</span> <span class='ocrx_word' id='word_1_197' title='bbox 662 2035 782 2104; x_wconf 76' lang='lat' dir='ltr'>Spiritus</span> <span class='ocrx_word' id='word_1_198' title='bbox 806 2030 901 2086; x_wconf 75' lang='lat' dir='ltr'>saneti.</span> 
     </span>
    </p>

    <p class='ocr_par' dir='ltr' id='par_1_7' title="bbox 101 2175 942 2518">
     <span class='ocr_line' id='line_1_28' title="bbox 137 2175 903 2248; baseline -0.007 -16"><span class='ocrx_word' id='word_1_199' title='bbox 137 2178 175 2232; x_wconf 85' lang='lat' dir='ltr'>Et</span> <span class='ocrx_word' id='word_1_200' title='bbox 188 2184 331 2246; x_wconf 85' lang='lat' dir='ltr'>postquam</span> <span class='ocrx_word' id='word_1_201' title='bbox 344 2177 372 2231; x_wconf 91' lang='lat' dir='ltr'>id</span> <span class='ocrx_word' id='word_1_202' title='bbox 386 2177 491 2248; x_wconf 84' lang='lat' dir='ltr'>dixerit,</span> <span class='ocrx_word' id='word_1_203' title='bbox 505 2195 559 2233; x_wconf 90' lang='lat' dir='ltr'>non</span> <span class='ocrx_word' id='word_1_204' title='bbox 569 2177 650 2234; x_wconf 87' lang='lat' dir='ltr'>debet</span> <span class='ocrx_word' id='word_1_205' title='bbox 661 2175 803 2231; x_wconf 81' lang='lat' dir='ltr'>advertere</span> <span class='ocrx_word' id='word_1_206' title='bbox 812 2187 903 2241; x_wconf 88' lang='lat' dir='ltr'>quem·</span> 
     </span>
     <span class='ocr_line' id='line_1_29' title="bbox 102 2245 942 2318; baseline 0 -14"><span class='ocrx_word' id='word_1_207' title='bbox 102 2264 216 2317; x_wconf 85' lang='lat' dir='ltr'>cumque</span> <span class='ocrx_word' id='word_1_208' title='bbox 234 2250 263 2303; x_wconf 89' lang='lat' dir='ltr'>in</span> <span class='ocrx_word' id='word_1_209' title='bbox 282 2249 334 2304; x_wconf 87' lang='lat' dir='ltr'>alio</span> <span class='ocrx_word' id='word_1_210' title='bbox 362 2249 440 2304; x_wconf 81' lang='lat' dir='ltr'>altari</span> <span class='ocrx_word' id='word_1_211' title='bbox 467 2249 653 2318; x_wconf 82' lang='lat' dir='ltr'>celebrantem,</span> <span class='ocrx_word' id='word_1_212' title='bbox 680 2247 785 2303; x_wconf 81' lang='lat' dir='ltr'>etiamsi</span> <span class='ocrx_word' id='word_1_213' title='bbox 809 2245 905 2300; x_wconf 76' lang='lat' dir='ltr'>Sacra·¹</span> <span class='ocrx_word' id='word_1_214' title='bbox 939 2298 942 2304; x_wconf 92' lang='lat'><em>.</em></span> 
     </span>
     <span class='ocr_line' id='line_1_30' title="bbox 101 2319 904 2389; baseline -0.006 -15"><span class='ocrx_word' id='word_1_215' title='bbox 101 2329 220 2376; x_wconf 86' lang='lat' dir='ltr'>mentum</span> <span class='ocrx_word' id='word_1_216' title='bbox 231 2320 327 2389; x_wconf 85' lang='lat' dir='ltr'>elevet,</span> <span class='ocrx_word' id='word_1_217' title='bbox 342 2319 391 2376; x_wconf 84' lang='lat' dir='ltr'>aed</span> <span class='ocrx_word' id='word_1_218' title='bbox 404 2321 557 2376; x_wconf 76' lang='lat' dir='ltr'>continuate</span> <span class='ocrx_word' id='word_1_219' title='bbox 570 2320 699 2389; x_wconf 82' lang='lat' dir='ltr'>prosequi</span> <span class='ocrx_word' id='word_1_220' title='bbox 706 2319 819 2374; x_wconf 79' lang='lat' dir='ltr'>Missam</span> <span class='ocrx_word' id='word_1_221' title='bbox 827 2326 904 2371; x_wconf 79' lang='lat' dir='ltr'>suam</span> 
     </span>
     <span class='ocr_line' id='line_1_31' title="bbox 102 2389 905 2518; baseline -0.006 -73"><span class='ocrx_word' id='word_1_222' title='bbox 102 2406 188 2516; x_wconf 41' lang='lat' dir='ltr'>{sque</span> <span class='ocrx_word' id='word_1_223' title='bbox 208 2390 243 2518; x_wconf 60' lang='lat' dir='ltr'>atd</span> <span class='ocrx_word' id='word_1_224' title='bbox 260 2390 350 2515; x_wconf 49' lang='lat' dir='ltr'>ineps.</span> <span class='ocrx_word' id='word_1_225' title='bbox 361 2390 447 2516; x_wconf 53' lang='grc' dir='ltr'>ι(ίξὶιιοιί</span> <span class='ocrx_word' id='word_1_226' title='bbox 465 2391 708 2517; x_wconf 47' lang='grc' dir='ltr'>ίιειιιιιὶἒεινιιιιι·</span> <span class='ocrx_word' id='word_1_227' title='bbox 724 2389 848 2444; x_wconf 81' lang='lat' dir='ltr'>inMisse</span> <span class='ocrx_word' id='word_1_228' title='bbox 861 2401 905 2441; x_wconf 89' lang='lat' dir='ltr'>so·</span> 
     </span>
    </p>

    <p class='ocr_par' dir='ltr' id='par_1_8' title="bbox 129 2476 614 2518">
     <span class='ocr_line' id='line_1_32' title="bbox 129 2476 614 2518; baseline 0.002 -1"><span class='ocrx_word' id='word_1_229' title='bbox 129 2478 216 2517; x_wconf 90' lang='lat' dir='ltr'>mme</span> <span class='ocrx_word' id='word_1_230' title='bbox 248 2479 315 2517; x_wconf 78' lang='lat' dir='ltr'>simu</span> <span class='ocrx_word' id='word_1_231' title='bbox 346 2476 557 2518; x_wconf 88' lang='lat' dir='ltr'>eamam1ms</span> <span class='ocrx_word' id='word_1_232' title='bbox 594 2479 614 2518; x_wconf 84' lang='lat' dir='ltr'>s.</span> 
     </span>
    </p>
   </div>
   <div class='ocr_carea' id='block_1_5' title="bbox 115 2629 907 2823">
    <p class='ocr_par' dir='ltr' id='par_1_9' title="bbox 115 2629 907 2823">
     <span class='ocr_line' id='line_1_33' title="bbox 115 2629 906 2690; baseline -0.014 -9"><span class='ocrx_word' id='word_1_233' title='bbox 115 2638 136 2690; x_wconf 81' lang='grc' dir='ltr'>ι)</span> <span class='ocrx_word' id='word_1_234' title='bbox 151 2640 178 2680; x_wconf 85' lang='lat' dir='ltr'>In</span> <span class='ocrx_word' id='word_1_235' title='bbox 192 2640 263 2680; x_wconf 78' lang='lat' dir='ltr'>Missa</span> <span class='ocrx_word' id='word_1_236' title='bbox 277 2640 364 2690; x_wconf 84' lang='lat' dir='ltr'>privata</span> <span class='ocrx_word' id='word_1_237' title='bbox 378 2649 423 2681; x_wconf 87' lang='lat' dir='ltr'>non</span> <span class='ocrx_word' id='word_1_238' title='bbox 437 2638 489 2680; x_wconf 81' lang='lat' dir='ltr'>licet</span> <span class='ocrx_word' id='word_1_239' title='bbox 502 2639 603 2680; x_wconf 74' lang='lat' dir='ltr'>ministro</span> <span class='ocrx_word' id='word_1_240' title='bbox 617 2637 703 2686; x_wconf 81' lang='lat' dir='ltr'>eperire</span> <span class='ocrx_word' id='word_1_241' title='bbox 713 2633 810 2674; x_wconf 80' lang='lat' dir='ltr'>Missale.</span> <span class='ocrx_word' id='word_1_242' title='bbox 834 2629 862 2681; x_wconf 61' lang='grc' dir='ltr'>(Β</span> <span class='ocrx_word' id='word_1_243' title='bbox 878 2630 906 2670; x_wconf 74' lang='lat' dir='ltr'>r.</span> 
     </span>
     <span class='ocr_line' id='line_1_34' title="bbox 155 2704 365 2757; baseline -0.019 -8"><span class='ocrx_word' id='word_1_244' title='bbox 155 2706 179 2749; x_wconf 81' lang='lat'>0.</span> <span class='ocrx_word' id='word_1_245' title='bbox 192 2705 212 2748; x_wconf 75' lang='lat'>7.</span> <span class='ocrx_word' id='word_1_246' title='bbox 227 2706 282 2756; x_wconf 77' lang='lat' dir='ltr'>Sept.</span> <span class='ocrx_word' id='word_1_247' title='bbox 297 2704 365 2757; x_wconf 60' lang='lat'><strong><em>1816)</em></strong></span> 
     </span>
     <span class='ocr_line' id='line_1_35' title="bbox 117 2760 907 2823; baseline -0.033 1"><span class='ocrx_word' id='word_1_248' title='bbox 117 2766 138 2823; x_wconf 80' lang='lat'>¹)</span> <span class='ocrx_word' id='word_1_249' title='bbox 154 2770 235 2812; x_wconf 69' lang='lat' dir='ltr'>statim</span> <span class='ocrx_word' id='word_1_250' title='bbox 245 2771 328 2820; x_wconf 66' lang='lat' dir='ltr'>amque</span> <span class='ocrx_word' id='word_1_251' title='bbox 338 2770 463 2819; x_wconf 63' lang='lat' dir='ltr'>rutmors,</span> <span class='ocrx_word' id='word_1_252' title='bbox 474 2769 563 2818; x_wconf 70' lang='lat' dir='ltr'>(naras</span> <span class='ocrx_word' id='word_1_253' title='bbox 572 2767 736 2815; x_wconf 69' lang='lat' dir='ltr'>occaecans.)</span> <span class='ocrx_word' id='word_1_254' title='bbox 744 2760 907 2814; x_wconf 71' lang='lat' dir='ltr'>aequanimam</span> 
     </span>
    </p>
   </div>
   <div class='ocr_carea' id='block_1_6' title="bbox 154 2833 802 2954">
    <p class='ocr_par' dir='ltr' id='par_1_10' title="bbox 154 2833 802 2954">
     <span class='ocr_line' id='line_1_36' title="bbox 154 2833 622 2884; baseline -0.011 -6"><span class='ocrx_word' id='word_1_255' title='bbox 154 2836 182 2878; x_wconf 84' lang='lat' dir='ltr'>de</span> <span class='ocrx_word' id='word_1_256' title='bbox 196 2835 269 2878; x_wconf 76' lang='lat' dir='ltr'>medlo</span> <span class='ocrx_word' id='word_1_257' title='bbox 283 2835 362 2876; x_wconf 78' lang='lat' dir='ltr'>alteris</span> <span class='ocrx_word' id='word_1_258' title='bbox 375 2835 487 2876; x_wconf 79' lang='lat' dir='ltr'>recedens.</span> <span class='ocrx_word' id='word_1_259' title='bbox 515 2833 622 2884; x_wconf 72' lang='lat' dir='ltr'>(Marcei.)</span> 
     </span>
     <span class='ocr_line' id='line_1_37' title="bbox 746 2898 802 2954; baseline 0 -22"><span class='ocrx_word' id='word_1_260' title='bbox 746 2903 762 2954; x_wconf 81' lang='lat'><strong>9</strong></span> <span class='ocrx_word' id='word_1_261' title='bbox 771 2898 802 2932; x_wconf 67' lang='lat' dir='ltr'>a*</span> 
     </span>
    </p>
   </div>
   <div class='ocr_carea' id='block_1_7' title="bbox 0 0 1074 3230">
    <p class='ocr_par' dir='ltr' id='par_1_11' title="bbox 0 0 1074 3230">
     <span class='ocr_line' id='line_1_38' title="bbox 0 0 1074 3230; baseline 0 0"><span class='ocrx_word' id='word_1_262' title='bbox 0 0 1074 3230; x_wconf 95' lang='lat' dir='ltr'> </span> 
     </span>
    </p>
   </div>
  </div>
 </body>
</html>
