2146 3234
299 166 331 206 De
345 167 471 206 visltations
484 169 506 206 et
520 177 573 206 eura
585 166 728 206 infirmorum.
870 163 913 207 689

29 323 34 336 ,
112 285 207 324 ommis
226 269 287 338 (qui
302 270 329 323 ai
344 269 458 323 sortiere
475 271 584 336 oasam,
608 270 708 323 atomio
732 267 766 322 do
782 268 832 323 hoe
847 269 911 338 fiat)

98 347 142 400 ..et
159 346 236 395 testes
254 340 292 394 ad
309 341 455 394 minimum
468 340 531 407 duo,
551 345 576 394 ot
592 342 650 408 ipse
666 339 799 394 sacerdos

88 418 90 422 '
116 403 255 482 ¹thtirtts
272 411 394 465 omacius
413 412 534 480 pmoctia
559 426 701 466 oooumsua
718 416 834 478 tempore
851 426 912 464 oon·

111 499 181 553 pruo
206 483 347 548 coufiteteor
366 488 480 551 peccatu
503 499 563 552 suo,
594 489 619 536 et
643 481 693 536 SS
717 481 910 536 Eucharistiae

115 551 289 609 aucmento
307 554 434 621 rofio-itur·
465 555 502 608 Io
517 555 579 621 foro
597 555 702 608 intorno
721 553 910 621 consessorum,

110 625 271 692 fucultatem
295 625 329 678 ab
353 625 458 679 homeri
479 625 635 680 &soluendi
657 625 770 690 meras,
797 623 911 677 absoluit

38 725 49 742 ·
114 698 193 751 duma
208 697 326 764 formum
344 711 517 750 commarcam.

222 824 247 871 4.
272 825 309 872 Do
323 824 475 871 visltattono
489 827 515 870 et
528 836 594 870 eura
607 824 777 870 infirmorum.
787 825 806 878 ²)

382 907 426 957 (lux
439 906 523 946 Rituali
536 906 651 958 Romano.)

150 987 174 1040 1.
193 985 331 1040 Paroohus
348 985 377 1039 in
394 985 488 1053 primis
505 985 656 1040 meminisse
675 983 762 1052 debet,
787 999 842 1038 non
860 998 910 1052 po·

111 1062 226 1112 ememus
241 1071 301 1111 esse
315 1057 432 1111 muneris
446 1057 487 1112 sui
500 1064 604 1126 partes,¹
615 1057 810 1124 aegrotantium
820 1069 912 1109 curam

112 1127 223 1185 habere.
242 1126 331 1194 Quare
350 1127 541 1196 cumprimum
559 1129 673 1196 noverit,
699 1127 849 1195 quempiam
878 1141 911 1180 ex

110 1198 236 1253 fidelibus
250 1199 330 1252 curae
341 1213 406 1252 suae
420 1197 567 1253 commissis
581 1207 730 1267 aegrotare,
748 1214 803 1253 non
817 1212 912 1266 exape-

112 1271 205 1338 stabit,
223 1274 254 1322 ut
272 1268 306 1322 ad
324 1283 385 1322 eum
402 1275 522 1336 vocetur,
541 1269 589 1323 sed
606 1271 677 1323 ultro
696 1268 731 1322 ad
748 1270 823 1322 illum
837 1283 911 1323 aoce-

112 1340 178 1408 dat;
196 1309 277 1406 idque
296 1355 349 1392 uon
367 1340 450 1393 semel
467 1346 579 1408 tantum,
604 1338 653 1394 sed
679 1340 794 1408 saepius,
820 1347 913 1408 quate·

113 1425 165 1464 nus
183 1425 251 1477 opus
269 1408 362 1477 fuerit3
388 1411 562 1476 horteturque
587 1409 755 1492 parochiales
781 1427 852 1480 suos,
883 1417 913 1466 ut

112 1481 202 1548 ipsum
227 1479 400 1548 admoneant,
426 1496 485 1534 oum
517 1480 665 1548 ediquem
657 1497 686 1533 rn
710 1481 839 1547 parochia
863 1496 913 1536 sua

114 1557 258 1676 {aggrotare
281 1551 429 1621 eontigerit,
455 1551 599 1620 praecipue
624 1551 647 1607 si
671 1550 780 1606 morbus
804 1552 912 1619 gravior

147 1621 205 1676 erit.

153 1696 179 1748 2.
197 1691 241 1746 Ad
252 1693 305 1747 hoc
316 1693 428 1762 iuvabit,
449 1693 607 1762 praesertim
620 1692 653 1746 in.
662 1692 757 1760 amplis
770 1692 914 1762 parochiis,

115 1771 288 1832 aegrotorum
304 1772 403 1834 notam,
423 1779 471 1819 seu
489 1764 638 1832 catalogum
652 1764 761 1832 habere,
779 1770 809 1817 ut
827 1763 923 1820 ouius.

25 1891 27 1895 ,
116 1851 170 1904 que
195 1842 293 1890 statum
318 1843 346 1890 et
370 1835 548 1891 conditionem
578 1842 736 1904 eognoscat,
768 1849 913 1901 eorumque

115 1907 272 1962 memoriam
290 1906 394 1962 facilius
411 1908 537 1976 retinere,
563 1913 592 1961 et
607 1906 660 1961 illis
683 1912 834 1975 opportune
853 1905 914 1961 sub·

116 1979 209 2033 venire
228 1979 321 2047 possit

77 2107 79 2112 ,
154 2053 180 2104 3.
199 2049 300 2117 Quodsi
323 2050 457 2119 parochus
482 2050 599 2118 legitime
624 2047 777 2132 impeditus,
795 2047 912 2104 infirmo·

115 2137 185 2190 rum,
204 2128 234 2176 ut
253 2121 359 2188 quando
370 2122 467 2194 plures
476 2128 545 2190 sunt,
564 2121 710 2176 visitationi
723 2119 856 2175 interdum
869 2135 915 2175 va·

118 2207 180 2246 care
198 2209 253 2247 non
270 2198 368 2260 potest,
386 2192 414 2246 id
439 2181 629 2275 praestandum
654 2191 758 2246 curabit
781 2207 830 2260 per
848 2191 915 2247 alios

116 2263 320 2332 sacerdotes,
299 2281 322 2319 s1
340 2279 407 2331 quos
425 2264 532 2318 habet
525 2281 553 2317 nr
570 2263 700 2332 parochia
717 2279 774 2331 sua,
798 2270 845 2317 aut
863 2263 915 2317 sul·

114 2342 172 2390 tem
184 2349 239 2458 tpler
256 2335 339 2390 laicos
358 2335 479 2390 homines
503 2335 563 2404 pios
590 2341 617 2389 et
642 2334 786 2388 christiana
804 2333 915 2389 caritate

136 2420 182 2460 rae
203 2406 262 2462 '.tos

115 2422 134 2476 p
153 2479 180 2532 4
201 2478 335 2545 Aegrotos
353 2476 474 2546 visitans,
500 2491 533 2530 ea
551 2492 604 2543 qua
631 2474 785 2532 sacerdotes
808 2475 917 2529 Domini

118 2545 204 2616 decet,
222 2548 363 2603 honestate
383 2554 410 2602 et
428 2547 559 2616 gravitate
578 2563 608 2602 se
626 2547 733 2616 habeat,
751 2554 853 2601 utnon
871 2561 915 2603 ae·

116 2617 174 2685 gris
192 2618 284 2687 solum,
304 2618 352 2674 sed
370 2619 421 2674 sibi
435 2626 462 2674 et
476 2618 627 2675 domesticis
644 2618 775 2676 verbot
747 2625 775 2672 et
792 2617 917 2686 exemplo

116 2688 204 2757 prosit
220 2688 256 2758 ad
273 2690 395 2747 salutem.
937 2719 939 2724 s

136 2843 159 2906 1)
174 2841 217 2887 Cir.
232 2843 360 2886 humbertiat
373 2845 480 2888 Iartttruio
493 2844 529 2890 63.
