2108 3226
398 111 405 138 s

333 183 416 230 Quarta
429 184 550 232 gratiarum
565 186 631 224 aotlo.
842 183 883 227 1³5

111 285 212 340 Tristis
232 299 307 338 eram
332 292 359 339 et
377 284 505 354 abiectus,
524 287 536 312 1
555 285 639 338 Eram
666 285 724 339 sine
743 285 848 357 gaudio,
869 291 882 315 *

78 356 146 424 Quia
165 357 263 410 aberat
281 355 402 424 dilectus,
421 359 433 383 1
453 356 537 423 Quem
550 371 617 424 prae
637 356 737 410 cunctis
757 356 881 427 diligo;*

79 428 132 482 Sed
160 435 192 482 ut
215 427 290 480 venit
318 435 345 480 et
361 428 471 482 intrant
489 433 500 454 1
520 428 632 481 Animae
657 428 800 497 tugurium,
828 429 881 484 1Ο

78 515 159 567 quam
178 498 258 552 dulce
276 499 425 566 permeavit
443 501 455 524 *
473 499 565 553 Meum
583 515 629 554 cor
648 499 785 553 solatium!

112 571 179 625 Non
201 570 241 624 eia
264 577 351 624 terras
370 570 470 624 umbris
494 577 579 624 tectas
598 573 610 597 *
629 569 729 624 Gratus
753 569 793 624 sol
821 570 881 624 illu-

79 642 171 710 minat,
190 643 202 667 *
222 640 285 694 Non
303 642 340 695 sic
360 641 478 696 aestibus
494 641 610 696 deiectas
629 644 641 666 1
655 640 769 695 Nimbus
783 640 881 696 herbas

10 769 11 790 ,
78 718 193 781 recreat,
207 714 220 738 *
235 712 309 766 Sicut
323 713 436 766 animam
450 713 620 780 languentem
640 715 652 739 1
670 712 813 766 Refocillat
826 713 881 767 Do·

79 785 175 851 minus,
194 784 215 907 L
226 783 303 836 Hanc
319 784 471 838 tristantem
489 791 516 838 et
533 790 684 852 torpentem
704 785 716 809 *
734 783 818 838 Novis
833 784 880 839 do·

80 862 125 908 nat
145 854 198 906 viri
217 869 258 908 us.

112 925 194 979 Felix
213 924 280 992 dies,
298 923 364 978 felix
380 925 456 994 hora,
475 927 487 954 *
507 925 566 992 Qua
580 940 631 994 me,
650 926 725 994 Jesu,
743 925 846 995 visitas,
866 928 878 954 *

81 996 198 1050 Pulchra
213 996 292 1050 nimis
313 1003 340 1049 et
359 994 457 1050 decora
476 999 488 1024 1
510 997 579 1066 Lux,
598 995 633 1050 ad
650 1013 693 1051 me
712 1013 766 1065 qua
783 1011 881 1066 prope-

81 1083 132 1122 ras.
151 1069 168 1101 *
187 1067 240 1134 Qui
258 1074 286 1120 te
299 1075 374 1121 tenet
394 1068 477 1122 habet
490 1069 563 1134 satis,
582 1071 594 1095 1
613 1068 688 1137 Quia,
707 1070 798 1136 quite
816 1085 878 1137 pos·

82 1139 158 1206 sidet,
185 1140 197 1164 1
223 1138 340 1192 Uberem
364 1137 498 1194 felicitatis
521 1139 624 1193 *Vera
646 1138 747 1194 fontem
769 1141 880 1196 obtinet

115 1210 182 1277 Quis
201 1225 256 1263 non
273 1217 347 1262 tuam
365 1209 511 1264 admiretur
528 1212 540 1236 1
558 1211 718 1280 Bonitatem‚
730 1212 853 1280 Domine,
868 1213 880 1239 1

83 1279 116 1350 Si,
136 1279 211 1348 quod
228 1279 303 1349 facis,
321 1281 471 1350 meditetur,
490 1285 501 1308 *
521 1280 597 1336 Serio
611 1283 745 1336 examinel
765 1285 777 1309 1
790 1283 834 1336 Ad
851 1289 879 1336 te

81 1368 137 1421 ruo,
157 1351 193 1406 ad
213 1367 256 1406 me
270 1352 326 1406 ruis
346 1355 358 1379 *
377 1352 416 1406 Et
428 1368 470 1406 me
483 1352 547 1407 sinis
560 1354 683 1420 protinus
700 1355 712 1379 *
725 1355 879 1408 Immiscere

82 1437 154 1477 meos
172 1424 227 1477 tuis
246 1422 423 1490 *Amplexus
442 1424 615 1492 amplexibus.

115 1494 190 1548 Nihil
204 1509 287 1562 eram,
305 1509 347 1547 me
367 1496 465 1550 creasti
483 1497 495 1520 1
512 1495 555 1548 Ex
570 1496 682 1550 obscuro
701 1494 784 1549 nihilo
804 1497 816 1521 *
832 1495 879 1549 Di·

81 1565 213 1632 vinaeque
236 1580 279 1618 me
305 1564 410 1620 donasti
438 1565 593 1621 *Rationis
617 1565 710 1634 radio,
734 1569 747 1593 *
765 1566 819 1618 Pro
838 1581 880 1620 ma
907 1624 910 1629 ,

81 1638 153 1691 nasci
166 1637 306 1691 voluisti*
325 1637 356 1689 In
369 1637 476 1691 deserto
494 1637 608 1707 stabulo,
627 1639 639 1663 1
656 1637 694 1692 Et
704 1635 781 1690 finire
795 1643 881 1690 morte

82 1709 150 1762 tristi
170 1711 182 1734 *
201 1707 338 1761 Vitam'in
355 1708 484 1775 patibulo.

115 1780 232 1833 Praeter
242 1778 320 1844 dona,
340 1779 435 1845 quibus
450 1778 519 1833 ditas
535 1780 547 1804 *
560 1778 606 1832 Me
619 1778 713 1833 diebus
728 1777 846 1846 singulis,
867 1778 881 1811 *

83 1848 174 1919 Dapes
193 1849 276 1903 hodie
290 1850 404 1904 mellitas
423 1851 531 1904 *Datis
550 1850 626 1904 addis
644 1851 745 1918 gratiis.
765 1853 777 1875 *
796 1849 817 1904 0
834 1866 881 1905 ro-

82 1921 170 1990 luptas
185 1920 274 1975 cordis
286 1923 347 1989 mei,
362 1925 373 1948 *
387 1922 454 1975 Jesu
473 1920 651 1989 dilectissime,
666 1924 677 1947 *
690 1923 723 1975 In
733 1936 775 1975 me
789 1936 880 1992 regna,

82 1992 132 2046 Fili
149 1993 213 2060 Dei,
232 1995 243 2017 1
262 1992 364 2061 Regna,
382 2007 466 2060 regna
483 1991 583 2046 liberel

113 2065 146 2118 In
159 2078 204 2117 me
218 2065 357 2131 proprium
371 2078 489 2117 amorem
503 2066 514 2089 *
530 2063 597 2116 Tam
611 2069 735 2130 potenter
749 2077 853 2133 eneces,
867 2067 880 2091 *

82 2134 116 2188 Ut
132 2143 162 2189 te
180 2149 269 2188 amem
287 2142 315 2188 et
328 2133 438 2189 adorem
456 2137 468 2159 *
487 2133 586 2202 Solum,
606 2135 674 2188 sicut
692 2134 787 2202 dignus
807 2151 850 2203 es;
869 2137 881 2162 *

81 2207 111 2260 ln
127 2221 172 2259 me
190 2205 271 2274 tolle,
300 2205 372 2272 quod
390 2212 432 2260 est
450 2206 524 2272 puris
544 2209 555 2228 ‘
575 2206 662 2259 Grave
680 2207 733 2260 tuis
752 2205 851 2275 oculis,
871 2207 883 2258 5*

82 2276 116 2332 Ut
134 2278 174 2332 sic
193 2277 294 2330 arctius
312 2277 432 2332 venturis
451 2282 462 2303 1
482 2277 543 2330 Tibi
560 2277 656 2344 iungar
673 2278 797 2332 saeculis.

115 2348 230 2403 Oriente
257 2348 313 2402 sole
333 2363 420 2416 mane,
439 2350 450 2375 1
470 2347 613 2401 Occidente
636 2363 759 2417 vespera,
778 2351 790 2374 *
807 2349 883 2407 Bone

83 2419 155 2488 Jesu,
176 2434 282 2472 mecum
299 2435 386 2487 mane,
405 2421 417 2445 1
435 2419 542 2472 Mecum
557 2434 662 2486 semper
679 2420 787 2474 habital
808 2421 820 2444 *
838 2419 884 2473 Nil

84 2499 151 2560 ate,
178 2505 230 2544 nec
248 2506 320 2544 mors
343 2505 393 2544 nec
410 2491 475 2545 rita.
494 2493 506 2517 1
524 2490 570 2544 Nil
588 2506 604 2544 a
622 2498 649 2544 te
667 2506 710 2544 me
729 2497 852 2559 separat,
871 2491 884 2516 *

83 2561 150 2616 Unio
169 2563 206 2617 sit
223 2560 336 2630 infinita,
355 2563 367 2588 *
386 2561 474 2628 Quam
491 2561 533 2616 ris
551 2563 625 2615 nulla
642 2561 775 2615 terminet.

116 2633 219 2688 Canem
248 2631 332 2686 donec
359 2633 498 2700 respirabo
524 2636 536 2659 1
560 2632 712 2686 Gratiarum
737 2633 847 2701 cantica,
871 2635 883 2660 *

83 2702 180 2759 Millies
207 2705 276 2757 haec
293 2704 397 2757 iterabo
416 2706 428 2730 1
446 2705 478 2756 ln
496 2704 607 2758 coelesti
623 2705 719 2772 patria,
738 2706 750 2730 1
770 2701 882 2770 Quando

83 2781 115 2844 te,
133 2782 240 2830 remoto
259 2775 329 2843 velo,
348 2777 359 2800 *
378 2775 453 2829 Sicut
466 2789 504 2843 es,
523 2775 658 2842 aspiciam,
678 2776 690 2800 1
707 2773 817 2828 Etcum
828 2774 882 2827 An·

83 2848 148 2914 gebs
166 2849 196 2900 in
214 2846 291 2900 coelo
309 2848 321 2872 1
339 2846 371 2898 In
389 2854 525 2902 aeternum
546 2847 662 2913 diligam.
699 2846 793 2898 Amen.
