2124 3230
174 160 215 204 330
342 165 375 204 De
389 164 538 204 celebratione
552 163 587 206 88.
602 164 685 204 Missas
699 163 806 207 sacrificii.

176 281 251 335 gens,
271 281 330 320 eam
347 265 445 334 accipit
467 265 537 320 inter
554 265 669 320 indicem
688 271 715 319 et
733 264 849 318 medium
867 263 975 336 digitos,

175 353 255 406 quam
272 344 366 392 tenens
394 352 475 405 super
493 337 579 391 altare
598 344 729 404 erectam,
758 337 866 392 sinistra
891 352 975 404 super

175 407 315 477 corporale
333 409 429 476 posita,
454 407 518 462 dicit
535 415 639 462 secreto
656 407 759 462 Libora
776 421 834 476 aaa,
860 423 976 474 quaesa-

173 495 235 534 mus
253 487 304 535 etc.
339 481 492 547 Antequam
515 478 653 534 celebrans
678 478 749 533 dicat
775 478 812 531 do
834 479 976 546 propitiae

170 567 282 620 paoem,
310 551 399 605 elevat
420 565 501 604 mauu
524 549 620 604 dextra
642 558 768 616 patenam
797 549 830 602 de
849 548 928 604 altari
946 557 975 606 et

176 623 293 690 scipsum
312 639 370 676 cum
390 637 423 675 ea
441 623 529 689 signat
546 621 622 689 signo
642 621 727 675 crucis
740 620 878 689 (integrae,
898 621 926 676 S.
937 621 974 675 R.

178 693 207 749 0.
226 697 267 748 13.
282 693 383 747 Martii
399 695 490 759 1627.)
512 691 633 746 circute
652 691 687 746 ad
704 699 806 760 pectus,
823 691 917 746 dicens
936 692 975 746 da

170 765 310 833 propitias
323 780 421 832 pacem
438 765 469 816 ira
488 763 581 834 dietus
598 765 706 818 nostrie.
744 762 810 816 (lum
829 763 917 830 signat
934 779 973 832 se,

175 851 282 889 manum
297 835 431 888 sinistram
444 835 521 903 ponit
533 833 603 888 infra
616 841 723 902 pectus;
738 833 835 888 deiude
847 841 975 901 patenam

174 906 260 974 ipsam
278 905 415 962 osculatur
433 905 471 974 (et
489 905 596 973 quidem
614 907 642 960 in
660 906 837 973 extremitate,
856 919 906 963 seu
923 921 973 960 ora

175 977 203 1032 S.
217 977 252 1033 R.
268 975 296 1030 G.
310 979 355 1030 24.
368 977 440 1030 Jolii
456 979 544 1045 1683.)
565 983 592 1032 et
609 990 788 1045 prosequens:
807 981 839 1030 ct
856 991 906 1044 ope
923 978 973 1032 mi·

173 1047 337 1101 amicordiae
363 1052 427 1100 tuoe
457 1055 507 1102 etc.
539 1047 669 1102 submittit
701 1054 827 1116 patenam
859 1047 972 1117 hostiae,

175 1133 254 1186 quam
278 1117 364 1172 indice
390 1118 497 1174 sinistro
525 1118 708 1172 accommodat
734 1133 816 1186 super
839 1125 973 1187 patenam,

174 1188 337 1257 discooperit
368 1190 493 1258 calicem,
525 1197 553 1244 et
584 1187 740 1258 genuflexus
772 1189 974 1264 Sacramentum

174 1259 281 1328 adoram
299 1267 356 1314 tum
375 1277 404 1315 sa
423 1261 536 1330 erigens,
560 1261 657 1328 accipit
674 1261 789 1316 hostiam
807 1260 877 1314 inter
894 1261 971 1328 polli-

173 1345 232 1385 cem
250 1339 277 1386 et
294 1331 408 1386 indicem
426 1331 536 1387 dextrae
554 1347 648 1387 manus
667 1339 694 1386 et
712 1347 771 1386 cum
788 1331 850 1398 illis,
869 1347 901 1386 ac
915 1332 972 1399 pol-

174 1402 225 1456 lice
254 1409 281 1457 et
303 1403 390 1458 indice
409 1403 532 1458 sinistrae
559 1417 653 1458 manus
679 1415 741 1458 eam
766 1417 847 1470 super
864 1403 974 1456 calicem

174 1480 277 1543 tenens,
296 1482 451 1528 reverenter
469 1473 568 1542 frangit
586 1489 635 1542 per
653 1473 776 1541 medium,
800 1472 906 1528 dicens:
921 1490 974 1542 per

173 1546 293 1600 eamdem
306 1545 455 1602 Dominum
471 1551 592 1600 acetrum
609 1545 702 1600 Jeaum
719 1543 855 1600 cariatum
867 1545 973 1599 Fam

174 1621 267 1684 teum,
296 1624 324 1671 et
339 1615 454 1672 mediam
472 1623 591 1686 partem,
617 1630 698 1683 quam
713 1616 785 1670 inter
802 1616 927 1682 pollicem
945 1624 973 1670 ct

173 1687 289 1742 indicem
308 1687 419 1742 dextrae
437 1703 531 1742 manus
544 1695 627 1756 tenet,
644 1687 721 1755 penit
739 1701 819 1754 super
832 1693 973 1756 patanam5

175 1757 209 1812 de
228 1759 281 1812 alia
298 1759 401 1827 media,
428 1773 508 1826 quam
526 1759 634 1814 sinistra
651 1774 731 1812 manu
758 1764 846 1826 tenet,
873 1756 974 1826 frangit

173 1845 234 1884 cum
252 1829 348 1898 pollice
368 1837 396 1885 et
413 1829 500 1886 indice
518 1829 630 1884 dextrae
648 1845 742 1884 manus
759 1828 919 1896 particulam
935 1829 975 1898 (et

174 1899 282 1967 quidem
300 1915 334 1954 ex
351 1899 471 1954 inferiori
489 1907 575 1970 parte,
595 1899 624 1959 S.
642 1899 677 1954 R.
700 1897 728 1956 0.
746 1903 772 1952 4.
790 1900 862 1969 Aug.
881 1903 971 1967 1663.)

171 1985 339 2038 prosequens
357 1973 388 2025 irc
404 1973 509 2027 coitate
527 1971 647 2040 Spiritus
659 1971 749 2026 sonci
760 1971 844 2038 Deae,
863 1979 892 2026 et
908 1987 971 2040 par·

171 2041 280 2095 ticulam
296 2042 409 2110 hostiae,
428 2059 508 2110 quam
524 2058 605 2097 manu
623 2041 717 2098 dextra
734 2042 851 2110 retinuit,
875 2049 971 2098 tenens

171 2127 253 2180 snper
272 2112 388 2182 calicem,
414 2129 494 2180 quem
509 2114 618 2169 sinistra
635 2123 685 2181 per
702 2111 802 2167 nodum
819 2111 890 2167 inira
907 2129 972 2182 cup·

172 2198 235 2252 pam
254 2184 359 2253 retinet,
377 2185 538 2253 intelligibili
554 2199 621 2240 voce
640 2184 718 2239 dicit:
735 2185 791 2238 Per
808 2185 902 2238 omnio
914 2199 973 2238 eoe-
1056 2223 1057 2226 ,

175 2254 238 2307 culo
255 2255 429 2309 enecatarum.
463 2256 494 2310 R.
512 2257 616 2323 Aaou
640 2263 668 2310 et
685 2271 745 2308 cum
762 2255 823 2322 ipsa
840 2255 974 2324 particula

171 2325 281 2392 signans
299 2331 341 2391 ter
359 2341 376 2379 a
393 2327 465 2382 labio
484 2326 519 2382 ad
535 2327 635 2382 labium
654 2326 743 2382 calicis
762 2325 839 2380 dicit:
872 2327 936 2381 Pon
954 2327 973 2393 †

170 2395 286 2449 Domini
301 2398 336 2450 sit
349 2398 367 2464 †
380 2413 484 2466 sermea·
495 2398 657 2465 votionum.
675 2397 817 2464 Responsa
831 2412 881 2465 per
894 2397 970 2452 mini·

170 2473 269 2520 strum:
288 2467 329 2521 Et
342 2485 402 2522 cam
415 2470 515 2538 spirita
528 2474 584 2536 tao,
598 2467 763 2537 particulam,
782 2483 862 2535 quarn
875 2467 972 2524 dextra

169 2543 345 2608 manutenet,
359 2540 476 2594 immittit
488 2541 516 2593 in
530 2540 640 2594 calicem
654 2539 744 2594 dicens
759 2546 878 2594 secreto:
892 2540 972 2594 Haec
1056 2577 1057 2596 r

173 2609 324 2664 commeatio
339 2617 389 2664 etc.
407 2609 512 2665 Deinde
526 2611 637 2679 pollices
652 2618 680 2665 et
693 2608 793 2665 indices
808 2625 890 2678 super
908 2611 971 2664 cali·

148 2693 227 2754 ¹cern
253 2680 444 2746 aliquantulum
472 2683 564 2749 tergit,
594 2689 621 2736 et
638 2681 741 2750 iungit,
770 2681 879 2736 calicem
897 2681 971 2749 pella

171 2751 292 2817 cooperit
310 2758 337 2807 et
355 2750 512 2818 genuflexus
531 2751 732 2808 Sacramentum
751 2750 855 2821 adorat,
883 2752 969 2820 surgit

169 2826 200 2874 ct
210 2829 284 2875 stans
302 2821 399 2876 iunctis
412 2822 534 2878 mauibm
548 2830 609 2878 ante
623 2830 728 2892 pectus,
740 2823 829 2892 capite
842 2823 969 2880 inclinato
