2138 3226
152 170 193 214 1⁷6
433 174 543 216 salutatio
557 174 670 224 Augallca.

189 277 308 334 Oranus.
330 277 416 346 Dens,
434 293 452 332 a
468 292 521 345 quo
536 283 630 336 sancta
643 275 783 346 desideria,
801 284 876 334 recta
889 294 955 334 con·

152 350 220 418 eilia,
240 357 268 406 et
284 351 357 405 iusta
375 356 437 404 sunt
455 362 546 418 opere,
565 348 601 403 da
614 349 699 404 servis
712 349 766 403 tuis
777 349 858 419 illam,
871 365 954 418 qnam

153 420 269 476 mundus
288 420 352 476 dare
370 435 425 474 non
441 427 541 490 potest,
558 435 665 488 pacem;
683 425 714 474 nt
727 426 755 474 et
767 419 957 476 cordanostra

151 491 283 548 mandatis
300 492 354 546 tuis
381 490 472 546 dedita
498 498 526 546 et
543 491 660 546 hostium
677 491 784 546 sublata
800 490 952 562 formidine,

150 571 274 633 tempora
284 564 394 618 sinttua
404 563 571 630 protectione
580 561 731 630 naucula.
750 562 804 616 Per
816 563 953 620 Christum

151 635 305 694 Dominum.
342 634 436 688 Amen.

392 771 466 818 ontio
478 773 506 816 sd
519 772 561 826 88.
575 771 706 824 Trinium,

193 859 237 899 qna
250 849 389 898 peractorum
403 857 501 896 operum,
519 857 576 896 quae
589 847 618 887 ad
632 846 781 895 indulgentias
794 847 912 888 lucrandas

370 901 509 950 praescripta
523 903 593 950 crant,
608 901 634 940 dt
648 900 737 940 oblatio.

187 987 358 1042 Praestitisse
385 1003 456 1041 nunc
479 987 545 1040 mihi
567 986 677 1056 videor,
706 1002 722 1040 o
749 985 796 1042 SS.
822 987 951 1057 Trinitas,

152 1074 326 1128 quaecunque
344 1057 379 1112 ad
404 1058 551 1126 plenariam
574 1058 721 1112 debitarum
746 1073 894 1126 poenarum
910 1060 954 1114 in-

153 1130 317 1198 dulgentiam
330 1129 526 1198 impetrandam
538 1129 705 1198 praescripta
718 1136 802 1184 erant
833 1130 910 1185 Haec
924 1139 953 1186 et

151 1200 234 1256 multo
245 1201 325 1269 plnre
339 1200 444 1254 divinae
458 1201 592 1256 maiestati
604 1208 676 1269 tuae,
694 1207 787 1268 utpote
803 1201 952 1258 innumeris

152 1272 238 1340 eidem
247 1271 397 1326 nominibus
407 1273 570 1340 obstrictum,
580 1279 769 1340 praestareme
777 1273 951 1341 oportuisset.

150 1342 273 1398 infinitae
290 1342 403 1397 bonitati
421 1349 484 1398 tuae
506 1343 686 1412 profanasque
710 1342 739 1396 in
762 1359 813 1400 nos
830 1343 893 1398 licet
910 1343 951 1398 in·

151 1414 321 1483 dignissimos
347 1414 502 1469 liberalitati
528 1413 698 1468 tribuendum
723 1420 778 1483 est,
804 1414 876 1481 qnod
894 1421 951 1470 tam

150 1486 283 1542 cumtrlate
302 1485 431 1542 vilissime
453 1485 558 1541 debitae
577 1485 714 1540 servitutis
738 1491 847 1540 nostrae
865 1501 954 1554 opera

150 1557 338 1612 remunereris.
376 1556 487 1625 Suscipe
506 1571 580 1626 ergo,
603 1555 686 1612 oSS.
706 1556 838 1624 Trinitas,
866 1571 954 1625 opera

152 1644 169 1684 a
187 1644 230 1683 me
248 1627 495 1696 quomodocumque
517 1627 655 1697 praestita,
679 1633 707 1681 et
719 1627 776 1696 fac,
806 1633 837 1682 nt
853 1627 952 1684 horum

151 1699 271 1756 delectus
298 1699 429 1754 Passieno
462 1705 490 1754 et
516 1706 601 1754 morte
630 1698 738 1754 Domini
770 1699 857 1754 nostri
883 1699 953 1755 Jesn

151 1771 258 1840 Christi,
273 1769 445 1838 eiusdemque
459 1771 594 1838 Sanguine
602 1770 795 1839 pretiosissimo
809 1771 952 1838 pronubis

152 1841 240 1897 effusu
258 1841 448 1910 suppleantur3
464 1848 544 1909 atque
558 1842 597 1896 ite
609 1855 652 1895 me
667 1841 720 1907 (vel
734 1841 848 1894 animam
860 1841 953 1912 istam)

150 1912 288 1982 plenariae
315 1913 394 1967 huius
419 1912 599 1981 indulgentiae
624 1912 667 1966 fac
694 1913 859 1980 participem.
895 1913 953 1968 Pro

152 1999 205 2051 quo
224 1981 354 2038 beneficio
368 1983 418 2038 tibi
436 1985 539 2038 coelum
560 1990 588 2038 et
600 1989 673 2038 terra
690 1999 794 2038 mecum
811 1981 906 2039 laudes
924 1991 954 2040 et
1065 1983 1066 1988 ’

149 2055 295 2123 gratiam
313 2054 432 2110 actiones
450 2061 558 2110 cantent
586 2070 656 2110 nunc
681 2061 708 2110 et
734 2055 951 2124 inperpetuum.

149 2127 267 2252 Ameana
283 2202 376 2254 noster
393 2202 444 2252 etc.
480 2195 540 2252 Ave
557 2196 646 2251 Maria
663 2203 713 2253 etc.

499 2305 599 2320 mm

345 2371 550 2430 SALUTATIO
568 2373 620 2428 AN
621 2373 762 2429 GELICA·

283 2461 321 2512 (ad
334 2464 417 2504 trinum
430 2475 551 2516 campanae
564 2465 659 2514 pulsum.
675 2484 700 2492 -
714 2461 817 2514 tuing).

189 2547 221 2602 V.
240 2547 361 2618 Angelus
378 2550 487 2607 Domini
504 2552 636 2607 nuntiavit
653 2552 767 2620 Mariae,

184 2618 220 2673 R.
238 2620 276 2674 Et
294 2623 417 2691 concepit
435 2622 468 2678 de
483 2623 584 2692 Spiritu
603 2630 704 2681 sancto.
722 2622 782 2676 Ave
793 2621 883 2677 Maria
900 2629 952 2678 etc.

188 2689 219 2744 V.
238 2690 311 2746 Ecce
331 2694 426 2748 ancilla
443 2693 559 2764 Domini,

184 2760 219 2815 R.
238 2761 301 2817 Fiat
331 2764 396 2819 mihi
433 2763 578 2821 secuudum
615 2765 726 2820 verbnm
762 2770 846 2820 tuum.
891 2763 954 2822 Ave

146 2829 236 2886 Maria
256 2841 307 2888 etc.
