2106 3228
155 139 184 184 dss
323 143 430 184 Materiae
443 142 599 182 nonnullarum
612 141 788 184 meditationum.

155 247 246 315 tinam,
265 245 450 302 errabundam.
469 246 570 300 Mirare
587 252 643 300 tam
661 246 725 302 boni
742 246 859 314 pastoris
877 229 953 300 beni-

156 317 293 386 gnitatem.
329 318 436 372 Euulta
462 323 487 371 et
504 319 605 371 lutare
628 319 659 370 iu
682 317 868 371 misericordia
886 319 955 376 eiua.

156 389 214 456 (Ps.
227 389 280 459 30.)
309 389 378 443 Dole
397 389 538 456 plurimum
556 388 590 441 de
607 390 660 442 tuis
678 388 787 442 nimium
805 387 953 456 frequenti·

157 461 207 515 bns
226 461 448 515 aberrationibus.
475 459 597 514 Amabile
611 460 683 514 illins
702 460 772 513 ovile
789 460 818 512 in
835 458 955 514 futurum

156 547 191 585 ne
210 531 327 600 deseras,
345 547 442 600 neque,
460 547 529 598 quae
547 531 687 599 praecipit,
717 531 788 585 ultra
813 531 954 585 oblivisca-

156 603 203 670 ris,
222 610 252 657 ut
269 603 357 672 possis
382 619 442 656 cnm
467 603 605 670 Propheta
629 601 732 655 dicere:
764 602 869 656 Brraai
884 604 956 656 siem

156 675 223 740 ouis,
244 691 313 742 quoe
322 675 421 741 periit3
449 690 546 741 quoue
563 689 674 728 surum
686 678 770 740 tuum,
796 674 861 741 quio
878 690 956 726 maa

157 745 226 798 doto
243 751 293 798 tua
312 761 368 798 uou
378 761 437 798 suut
451 744 564 811 oblitua;
582 745 637 798 vel:
656 744 892 798 Etruseoricordia
905 749 956 798 tua

156 816 330 884 subsequetur
347 833 389 869 rae
403 816 526 870 omuibus
535 815 628 868 dubus
643 817 715 868 uitae
728 831 810 880 meae,
828 820 859 869 ui
876 816 955 870 iulio·

156 887 236 944 bitere
253 889 284 940 iu
303 886 382 940 doruo
400 886 515 940 Domini
530 887 561 939 iu
578 887 773 954 louoitudiueut
791 886 904 939 dierum.

192 958 241 1012 111.
258 957 306 1012 Ad
316 955 483 1026 quidoeuit?
499 958 562 1025 lpse
571 956 690 1011 declarat
702 956 889 1026 dieensz‘(Luc.
900 956 954 1026 19.)

156 1030 229 1082 veuit
237 1029 330 1082 Filius
347 1029 463 1082 bouiuis
476 1044 602 1096 quaerere
616 1034 641 1082 et
653 1029 758 1082 saloura
769 1029 867 1095 facua,
882 1029 958 1096 quod

151 1101 282 1168 perierat,
302 1107 329 1154 et
347 1100 434 1168 (Joan.
454 1100 506 1166 10.)
525 1115 572 1168 epo
589 1100 658 1164 oeui,
685 1104 716 1152 ut
734 1100 819 1152 uitam
835 1099 955 1154 babeant

158 1186 226 1237 coes,
245 1177 270 1224 et
287 1171 473 1225 abuudantius
489 1170 614 1224 habeant.
644 1169 666 1224 0
682 1169 758 1224 dulce
774 1176 802 1223 et
814 1170 954 1225 amicabile
1044 1217 1045 1238 ,

157 1242 269 1296 verbnm
286 1243 314 1296 in
333 1258 398 1296 aure
411 1241 576 1309 peccatorisl
605 1240 747 1295 Obtestare
761 1242 905 1296 coelestem
922 1241 955 1295 il·
1044 1257 1045 1284 ³

156 1313 212 1366 lum
225 1319 369 1382 pastorem,
384 1320 414 1367 ut
426 1313 455 1366 id
474 1313 585 1380 impleat
601 1319 629 1366 et
644 1317 815 1380 exsequatur,
833 1311 867 1366 ad
881 1312 958 1379 quod
1044 1339 1045 1382 ,

157 1385 239 1453 venit,
254 1384 396 1452 faciatque,
415 1391 453 1452 ut,
469 1385 537 1438 sicnt
551 1384 610 1451 ipse
624 1384 690 1438 vivit
707 1390 819 1450 propter
836 1383 956 1452 Patrem,
1044 1387 1045 1412 ³

155 1455 204 1524 ita,
229 1455 412 1509 manducando
432 1456 489 1510 eins
508 1455 629 1522 Carnem,
655 1463 683 1508 et
699 1462 730 1508 tn
747 1455 824 1508 vivas
842 1462 957 1522 propter

156 1541 227 1584 eum.
264 1529 296 1580 In
308 1527 456 1594 Evangelio
467 1534 556 1581 autem
565 1533 698 1580 testantur
711 1525 769 1580 eins
783 1541 848 1580 oves
860 1525 958 1582 fideles

157 1613 252 1652 vocem
271 1599 439 1670 eiusaudire
458 1605 485 1652 et
502 1598 576 1650 illum
595 1598 686 1664 sequi3
713 1594 756 1649 fac
776 1603 803 1650 et
820 1603 850 1650 tu
864 1597 957 1652 simili·

157 1674 208 1737 ter,
226 1677 256 1723 ut
273 1671 310 1724 sis
329 1669 471 1737 aliquando
491 1685 524 1722 ex
542 1669 648 1722 illorum
665 1683 785 1735 numero,
804 1667 838 1722 de
857 1669 956 1736 quibus

158 1739 235 1794 dicit:
253 1742 295 1795 Et
311 1743 394 1794 uitam
412 1747 548 1794 aetcruora
566 1739 601 1793 do
619 1741 665 1792 eis.
694 1740 784 1806 (Joan.
804 1741 858 1807 10.)

242 1867 291 1918 45.
310 1867 490 1918 Meditatio:
509 1865 589 1918 Jesus
606 1864 758 1932 redemptor
777 1867 874 1918 uester.

193 1952 215 2006 I.
245 1952 311 2021 Ques
328 1952 421 2007 veuit?
443 1953 564 2008 Christus
582 1954 671 2021 Jesus,
690 1969 775 2020 agnus
789 1952 849 2020 Dei,
870 1968 960 2020 agnus

157 2023 354 2092 immaculatus,
377 2025 452 2078 cuius
469 2025 588 2092 pretioso
608 2024 742 2092 Sanguine
760 2023 892 2091 redempti
910 2039 960 2078 su-

158 2111 233 2162 mus3
262 2096 308 2161 qui
330 2102 372 2149 est
389 2111 453 2150 vere
473 2095 596 2150 Salvator
613 2095 705 2149 mnndi
734 2097 820 2164 (Joan.
839 2094 884 2164 4.),
911 2096 961 2162 qui

159 2165 252 2220 dilexit
269 2182 326 2234 nos,
346 2174 373 2220 et
390 2166 500 2221 tradidit
514 2167 686 2234 semetipsum
699 2183 749 2234 pro
764 2167 849 2234 nobis,
867 2167 959 2222 iustus

158 2237 339 2306 prominens,
359 2244 389 2291 ut
405 2255 455 2292 nos
474 2237 584 2292 offerret
601 2239 670 2294 Deo.
703 2239 834 2292 Mirabilis
853 2237 959 2291 miseri-

158 2308 264 2364 cordia!
291 2308 390 2362 Dicant
406 2325 484 2377 nunc,
503 2311 549 2376 qui
566 2309 698 2376 redempti
717 2316 778 2364 sunt
796 2324 813 2362 a
830 2308 958 2378 Domino,

158 2381 284 2448 qnoniam
301 2379 396 2434 bonus,
430 2380 594 2434 collaudabo
614 2388 641 2434 te
659 2382 755 2448 Deum,
789 2379 960 2434 salvatorem

151 2467 246 2506 'meum
264 2458 292 2504 et
308 2451 420 2518 placebo
438 2452 487 2507 tibi
500 2454 529 2504 in
546 2453 656 2520 regione
674 2452 804 2519 vivorum,
829 2451 892 2518 quia
905 2451 960 2504 eri·

157 2524 240 2591 puisti
258 2523 372 2576 animam
385 2539 472 2576 meam
486 2522 519 2576 de
533 2530 628 2592 morte,
646 2523 738 2578 oculos
753 2537 827 2578 meos
841 2537 858 2575 a
870 2522 959 2590 lacry-

157 2595 215 2662 mis,
234 2593 318 2662 pedes
336 2609 410 2648 meos
429 2610 446 2648 a
463 2594 551 2661 lapsu.

192 2665 227 2719 11.
254 2665 302 2720 Ad
320 2681 397 2733 quem
414 2663 507 2720 caud?
536 2665 579 2720 dd
597 2665 724 2720 miserum
742 2662 876 2732 qnondam
893 2677 961 2732 pec·

158 2736 210 2790 cati
229 2753 350 2806 servum,
379 2737 424 2804 qui
443 2751 523 2804 saepe
542 2737 652 2805 saepius
670 2737 785 2805 pretium
807 2737 836 2790 in
853 2735 962 2790 redem-

156 2808 275 2877 ptionem
289 2825 364 2864 suam
377 2809 525 2878 impensum
539 2807 695 2878 dissipavit3
708 2808 814 2862 Filium
827 2807 883 2862 Dei
896 2821 961 2862 eou-
