2138 3226
385 199 464 239 Preces
477 201 621 249 vespertinae.

101 299 206 368 Regina
224 297 479 369 Gonieesonrm,-
445 316 545 355 -ora
561 317 611 369 pro
630 301 716 356 nobis.

102 371 207 440 Regina
223 371 425 440 Virginum-
446 387 494 426 cra
511 387 561 440 pro
580 371 676 452 nobis.

102 442 206 510 Regina
223 441 384 497 Sanctorum
402 443 580 510 omnium,-
600 459 649 498 ora
665 458 716 512 pro
734 444 822 499 nobis.

102 513 237 582 Regina
215 528 273 568 sure
282 513 344 568 labe
355 514 477 582 ongmalr
486 521 622 584 concepta
631 515 694 584 r)-
662 530 754 568 ora
762 530 813 583 pro
821 516 907 575 nobie

101 585 196 653 Agnus
214 585 276 653 Dei,
297 593 358 652 etc,
378 614 411 623 -
431 601 512 653 parce
530 586 616 654 nobis,
634 586 757 640 Domine.

101 656 195 724 Agnus
213 656 275 724 Dei,
296 662 355 725 etc,
375 685 409 694 -
429 656 526 710 exaudi
543 673 603 725 nos,
621 657 744 712 Domine.

100 727 194 796 Agnus
212 727 276 796 Dei,
296 733 356 795 etc,
375 753 407 764 —
426 727 554 782 miserere
572 728 658 782 nobis.

101 798 208 854 Christe
227 797 291 852 audi
309 813 368 866 nos,
388 826 421 838 ·-
442 799 547 854 Christe
567 799 665 853 exaudi
682 814 741 869 nos,
760 805 811 856 eto.

134 870 219 924 Pater
237 875 331 923 noster
349 876 399 923 etc.
436 870 494 924 Ave
512 870 602 924 Mor-ia
620 877 671 928 etc.

137 956 161 1006 1.
182 952 465 1008 Osacrosancta
483 953 645 1008 Trinitas
653 952 841 1023 ,quantaiuit
858 960 920 1028 tua·

100 1039 165 1093 erga
182 1039 226 1078 me
240 1025 380 1091 hucusque
394 1024 500 1078 bonitas
510 1031 537 1079 et
551 995 713 1080 liberalitas!
752 1024 774 1078 Ο
793 1026 905 1080 Pater

100 1102 271 1163 aeterne,
296 1097 396 1163 gratim
414 1096 464 1149 tibi
482 1112 532 1164 ago
552 1111 619 1162 quas
637 1112 748 1164 possum
766 1097 904 1167 maximas,

100 1167 163 1234 quia
173 1181 218 1220 me
233 1165 289 1220 ad
281 1168 423 1249 imaginem
437 1174 517 1236 tuam,
538 1175 565 1221 et
583 1167 617 1221 ad
634 1169 811 1222 salutemt
767 1184 798 1221 ee
800 1175 904 1222 ternam

99 1239 211 1307 creasti,
237 1244 265 1291 et
283 1237 311 1290 ιιι
328 1239 397 1292 hanc
415 1253 500 1304 usque
518 1238 648 1292 boramt
637 1245 691 1292 tam
709 1246 820 1307 paterne
841 1255 903 1294 con

99 1279 223 1364 servasti
260 1308 367 1363 Gratias
385 1309 434 1363 tibi
453 1325 569 1364 summas
589 1309 693 1378 habeo,
725 1310 799 1363 Fili
823 1310 903 1380 Dei,

99 1381 162 1448 quia
179 1379 302 1450 pretioso
322 1379 456 1448 Sanguine
474 1387 521 1434 tuo
540 1395 583 1434 me
601 1380 745 1450 redemisti,
778 1388 805 1434 et
821 1382 903 1437 toties

100 1452 216 1508 abluisti.
248 1450 355 1506 Gratias
368 1451 424 1520 tibi,
444 1458 566 1506 sancte
582 1423 756 1520 Spiritus,
774 1453 903 1507 maximas

99 1521 198 1591 refero,
217 1523 282 1590 quia
294 1537 337 1576 me
350 1523 378 1575 in
392 1523 529 1590 Baptismo
549 1521 727 1592 sanctificasti,
747 1530 775 1577 et
794 1523 829 1576 ad
843 1539 903 1578 san·

100 1601 169 1648 ctam
188 1593 331 1647 ecelesiam
348 1593 505 1661 perduxisti.
541 1593 648 1648 Infinita
672 1594 730 1648 laus
759 1601 786 1647 et
804 1595 914 1662 gratia--

99 1681 158 1719 rum
177 1665 249 1718 actio
270 1665 305 1718 sit
323 1664 379 1734 tibi,
399 1665 566 1719 sanctssima
580 1665 714 1733 Trinitas3
733 1665 796 1732 quia
814 1663 905 1733 bodie,

101 1736 279 1802 omnibusque
297 1737 438 1790 momentis
451 1737 522 1790 ritae
541 1751 617 1790 meae
637 1736 670 1790 ab
690 1735 836 1790 innumeris
850 1751 905 1788 nra-

100 1806 133 1861 lia
152 1821 195 1860 me
214 1807 366 1876 protexisti,
395 1813 422 1860 et
439 1814 481 1862 tot
498 1806 634 1860 beneficiis
654 1806 802 1861 cumulasti.
835 1806 905 1873 Quid

101 1877 199 1948 habeo,
218 1878 256 1930 mi
269 1877 352 1945 Deus,
372 1878 444 1945 quod
457 1877 603 1946 rependam
617 1878 686 1932 tibi?
723 1878 843 1948 Suscipe,
858 1878 918 1950 ob-⁴

103 1963 193 2018 secro,
224 1948 314 2002 omnia
331 1949 397 2003 Jesu
421 1956 450 2003 et
467 1949 571 2002 Mariae
596 1949 703 2018 merita,
732 1955 760 2003 et
785 1966 844 2003 cum
863 1950 905 2004 his

102 2021 245 2088 meipsum,
261 2026 289 2074 et
302 2021 390 2074 omnia
402 2036 463 2074 mea
484 2021 685 2090 inperpetuum
704 2019 791 2075 laudis
805 2027 833 2075 et
846 2035 906 2089 gra·

102 2091 225 2145 titudinis
244 2091 438 2146 holocaustum.

140 2178 166 2229 2.
186 2173 209 2228 Ο
223 2174 331 2228 Pater
343 2175 516 2244 luminum,
530 2191 580 2243 per
589 2175 727 2228 caritatem
736 2182 809 2229 tuam
819 2181 905 2229 aeter·

104 2261 165 2299 nam
185 2261 253 2314 erga
270 2261 312 2298 me
333 2246 453 2301 obtestor
470 2253 507 2315 te,
525 2253 556 2300 ut
573 2247 728 2300 memoriam
745 2247 810 2300 mihi
828 2261 905 2300 reno·

103 2331 158 2384 res,
176 2317 345 2371 intellectum
359 2317 499 2386 illumines,
513 2318 678 2371 voluntatem
692 2317 830 2386 accendas,
846 2333 906 2386 gra·

103 2387 220 2456 tiamque
239 2388 362 2456 largiaris
381 2387 550 2458 agnoscendi,
569 2387 727 2458 detestandi,
747 2387 906 2442 emendandi

105 2464 131 2512 et
148 2459 340 2527 compensandi
359 2461 448 2513 omnia
465 2467 577 2528 peccata
594 2475 663 2528 mea,
682 2460 858 2527 negligentias
878 2465 905 2512 et

104 2528 308 2598 ingratitudines
333 2545 425 2599 meas,
453 2531 549 2598 quibus
576 2530 656 2585 hodie
680 2531 772 2585 oculos
798 2529 903 2584 divinae

127 2679 147 2732 1)
161 2683 258 2722 Litanlia
267 2682 400 2721 Lauretauia
409 2693 453 2721 non
467 2693 495 2722 ex
508 2683 626 2731 praecepto
641 2681 802 2730 adiungendum
815 2682 903 2719 estser-

157 2759 205 2788 ana:
226 2749 334 2798 Regina
355 2749 414 2788 aine
438 2748 502 2787 labe
525 2749 661 2797 originali
685 2749 834 2795 concepta,
860 2746 905 2786 nial

158 2815 218 2854 adalt
238 2814 348 2853 indultum
367 2815 512 2854 coneeeaionle
532 2824 572 2864 pro
590 2815 703 2862 ffloeceaia,
724 2823 764 2852 nec
782 2813 857 2860 potest
876 2811 904 2850 ad

163 2881 253 2920 libitum
266 2879 363 2929 afflengi.
391 2880 419 2930 (d.
436 2881 465 2920 Si.
479 2879 502 2920 0.
516 2879 536 2922 8.
550 2879 620 2930 April.
634 2879 704 2926 18⁶5.)
