2152 3234
320 175 353 216 lia
366 176 508 216 sacramento
521 175 664 220 Matrimonii.
852 174 894 222 tsi

126 276 196 332 -Duo
223 283 285 332 simi
307 276 409 333 Romae
438 276 546 332 diversa
568 276 724 346 dioostoria,
751 293 801 346 per
825 295 894 346 quaa

97 347 222 402 Summus
236 347 370 402 'Pontifex
399 347 612 416 dispensationes
637 348 770 418 concedit,
797 366 893 419 nempe

36 415 42 430 '
96 435 177 474 somn
194 420 409 474 Paenitentioeia
427 428 454 474 et
466 418 743 487 Mariand-quam
751 429 893 478 revocatur

98 489 268 544 Cancellurn'o
286 497 314 544 et
330 491 508 556 Praefectura
524 489 661 544 Breuinm.
857 555 859 562 y

132 561 354 629 Dispensationes
375 563 428 628 pro
444 562 506 628 fano
524 563 630 616 intono
648 560 765 629 pendant
783 577 800 616 a
816 577 893 618 sacra

95 631 324 699 Paenitentiamm
341 631 552 700 dispensationes
561 648 616 702 pro
627 633 690 699 foro
704 638 812 688 emendo
826 649 891 702 pon-

96 701 161 756 dent
179 719 196 756 a
213 703 349 770 Danaam
375 703 445 757 unde
471 703 599 771 sequitur,
616 704 775 772 reputantes
793 702 827 758 ad
843 704 891 758 im-

95 773 254 841 petrandam
269 773 492 842 dispensationem
505 791 586 842 snper
599 775 794 842 impedimentis
807 777 891 830 oeead·

94 845 131 898 tis
149 844 184 898 ad
203 860 305 898 sacram
323 843 576 912 homuntionem,
599 861 680 913 super
696 846 892 912 impedimentis

96 931 158 970 veno
172 915 290 983 palatie-ia
308 914 343 968 ad
359 915 508 970 Dotoniom
526 933 580 970 esse
596 917 794 970 eeennrendnm.

133 986 199 1040 Cum
218 1001 282 1040 vero
302 1001 336 1039 ex
354 985 430 1042 dictis
448 989 571 1054 superius
597 987 667 1055 (pag.
686 987 756 1056 541.)
780 1003 890 1044 consau-

94 1057 210 1124 guinitas
229 1057 347 1124 quaevis,
366 1058 486 1124 quamvis
505 1059 538 1112 de
556 1057 627 1112 iacto
646 1059 757 1128 occulta,
784 1074 890 1128 semper

94 1129 166 1182 inter
186 1128 300 1196 publiea
322 1128 512 1196 impedimento
527 1129 692 1184 recensenda
710 1130 758 1198 sit,
783 1130 811 1183 in
829 1145 890 1184 con-

94 1199 280 1267 sanguinitatis
294 1199 429 1268 gradibus,
446 1201 550 1267 quoties
565 1201 652 1268 agitur
666 1201 699 1254 de
711 1201 890 1257 Matrimonia

94 1269 284 1338 contradendo,
301 1269 367 1324 nihil
381 1271 454 1324 valet
465 1270 682 1326 Paenitentiama.
709 1271 787 1326 idem
802 1272 888 1328 dicem

94 1339 157 1394 dum
183 1348 224 1396 est
249 1340 282 1394 de
309 1340 435 1396 affinitate
464 1358 496 1396 en
520 1343 617 1410 eopnla
641 1342 729 1409 lietto5
755 1358 837 1410 quare
861 1343 890 1398 in

93 1418 209 1478 utroque
235 1427 299 1466 casu
323 1427 373 1480 pro
391 1412 450 1466 foro
470 1419 580 1468 externo
604 1412 766 1480 dispensatio
785 1420 827 1468 est
843 1429 889 1481 pe·

57 1499 59 1506 ·
93 1481 184 1550 tenda,
213 1490 240 1537 et
264 1482 468 1550 dispensationis
491 1484 596 1538 litterae
622 1484 801 1540 asservandae
819 1493 888 1554 sunt,

93 1559 124 1608 ut
150 1553 314 1608 Matrimonii
339 1553 493 1622 legitimitas
520 1556 606 1622 possit
635 1555 756 1622 probari,
785 1557 889 1621 quoties

93 1640 163 1692 opus
181 1623 269 1680 luerit.
306 1623 335 1678 Si
359 1633 448 1680 autem
474 1626 561 1694 agitur
588 1626 621 1680 de
638 1627 816 1680 Matrimonia
833 1627 889 1680 tom

93 1701 238 1762 contemto,
258 1711 292 1748 ex
308 1697 386 1763 praxi
399 1696 521 1750 Romana
539 1705 566 1750 et
584 1697 754 1754 concessione
769 1695 887 1750 Summo·

91 1782 152 1820 rum
169 1765 327 1820 Pontificum
345 1767 554 1822 Paenitentiama
572 1767 709 1836 dispensat
725 1767 754 1820 in
771 1766 887 1823 secundo

91 1837 180 1906 gradu
198 1837 434 1905 consanguinitatis
453 1846 499 1892 aut
517 1837 650 1894 affinitatis
668 1855 702 1892 ex
720 1839 816 1906 copula
832 1839 888 1892 lici·

91 1916 135 1978 to,
164 1907 308 1962 dnmmodo
326 1908 542 1976 impedimentum
559 1926 612 1977 pen
630 1909 718 1964 decem
735 1925 822 1964 onnus
839 1910 888 1963 dn·

92 1981 196 2034 round
214 1980 353 2048 oecultum,
372 1979 472 2047 pariter
489 1981 517 2034 in
534 1981 614 2036 tertio
633 1987 660 2034 et
678 1987 772 2048 quarto
794 1980 887 2050 gradu,

92 2050 238 2118 dnmmodo
257 2051 309 2106 sint
327 2050 431 2104 occulti.

127 2121 253 2176 Ceterum
272 2121 360 2188 quoad
377 2120 518 2178 facultates
537 2121 725 2190 dispensandi„
736 2136 804 2188 quae
817 2121 885 2176 Poe-

92 2193 263 2250 uitentiariao
284 2193 311 2244 in
324 2193 404 2248 rebus
418 2193 654 2248 matrimonialibus
668 2200 828 2262 competunt,
846 2193 886 2247 iu·

90 2270 137 2318 rat
155 2264 199 2316 hic
219 2263 315 2316 afferre
333 2264 393 2330 ipsa
410 2263 510 2318 Bened.
529 2264 603 2328 xlv,
620 2264 717 2331 verba,
744 2264 840 2330 quibus
857 2263 886 2320 in

90 2333 202 2389 constit.
221 2335 321 2410 Pastor
338 2334 423 2388 denne
430 2334 449 2404 1)
463 2333 574 2390 Maioris
590 2335 791 2390 Paenitentiam
803 2333 885 2388 facul·

87 2411 158 2462 tates
177 2404 315 2460 describit:
387 2475 393 2488 .
459 2475 473 2488 ..
660 2465 680 2487 =.
779 2476 785 2488 ι
817 2476 822 2486 Ι

89 2475 489 2615 detinetdetinet
503 2474 886 2615 nitidisnitidis

90 2633 173 2686 super
186 2617 381 2686 impedimentis
401 2618 519 2686 occultis,
539 2632 607 2685 quae
620 2617 819 2672 Matrimonium
832 2632 887 2672 non

100 2785 123 2840 1)
136 2787 244 2834 Magnum
259 2786 382 2826 Baliarium
401 2788 523 2828 Romanum
545 2789 597 2831 tom.
618 2787 678 2828 XVI.
699 2797 750 2837 pag.
767 2779 813 2826 tat.
835 2785 885 2830 odlt.

137 2851 245 2893 Lasami-
259 2847 319 2894 itta
610 2871 612 2876 ·
