2098 3222
161 183 204 228 ‘18⁰
264 181 267 188 ’
315 187 347 226 De
361 186 493 236 quibusdem
508 185 557 244 eliis
571 184 710 224 secerdotum
724 183 809 223 officiis.

202 286 233 344 V.
251 285 382 340 Dominus
401 285 475 340 dabit
491 285 690 354 benignitatem,

198 357 233 411 R.
251 357 290 411 Et
306 363 379 410 terra
396 365 490 411 nostre
507 355 581 410 debit
598 355 713 410 fructum
731 355 821 411 eunmi

202 428 233 482 V.
252 429 277 481 A
295 427 399 496 fiilgure
419 435 447 482 et
463 434 632 496 tempestate,

199 499 233 553 R.
252 499 353 553 Libera
369 515 427 568 nos,
446 499 573 554 Domine!

204 571 234 624 V.
253 571 278 624 A
296 577 382 639 peste,
401 569 470 623 ieme
489 577 517 624 et
534 567 614 639 bello,

200 641 235 695 R.
253 641 353 696 Libera
370 657 428 709 nos,
446 641 574 695 Dominei

204 713 235 766 V.
254 712 376 781 Domine,
396 711 493 782 exaudi
511 713 659 766 orationem
676 727 771 781 meum,
790 717 842 766 etc.

204 783 235 838 V.
254 784 384 838 Dominus
402 784 546 852 vobiscum,
566 790 616 837 etc.

202 854 320 910 &emen
339 855 453 909 Domine
463 859 562 922 sancte,
572 855 655 908 Peter
664 853 841 921 omnipotens,
853 859 967 907 aeterne

163 925 247 994 Deus,
266 933 293 980 te
308 925 463 996 suppliciter
477 925 659 993 deprecemur,
674 931 705 978 ut
717 923 903 980 misericordie
919 931 969 978 tue
1032 963 1037 980 .

165 1005 297 1051 annuente
316 997 447 1052 concedes
464 997 541 1051 nobis
555 997 682 1050 messium
700 996 812 1065 copiam,
830 994 968 1050 fructuum

164 1067 324 1137 largitatem,
336 1068 527 1135 vinearumque
537 1067 720 1136 substantiam,
731 1067 858 1121 arborum
866 1065 967 1136 foetus,

164 1146 311 1208 proventus
325 1140 442 1193 omnium
454 1154 552 1208 rerum,
571 1145 651 1206 atque
669 1137 703 1191 ab
720 1138 763 1192 his
782 1138 905 1192 omnihus
921 1153 968 1207 pe-

167 1209 287 1265 stiferum
313 1209 386 1265 sidus
411 1210 576 1278 tempestatis
605 1209 797 1276 universasque
823 1209 968 1278 procellas,

164 1280 265 1349 frigora
279 1288 306 1335 et
319 1281 462 1349 grandines
476 1296 600 1335 amovere
615 1281 741 1349 digneris.
761 1281 815 1336 Per
830 1279 967 1336 Christum

164 1352 308 1406 Dominum
325 1359 453 1408 nostrum.
472 1382 506 1392 —
525 1353 560 1406 R.
578 1352 674 1408 Amen.

205 1423 235 1478 V.
255 1423 296 1480 Sit
313 1439 412 1478 nomen
428 1424 536 1478 Domini
553 1423 729 1493 benedictum,
749 1429 798 1477 etc.

206 1495 237 1549 V.
255 1495 424 1549 Adiutorium
442 1495 562 1550 nostrum
579 1495 607 1548 in
625 1496 731 1549 nomine
750 1493 867 1562 Domini,
887 1499 940 1549 etc.

203 1566 359 1621 Benedictio
377 1564 430 1621 Dei
449 1567 646 1636 omnipotentis,
664 1567 683 1634 †
701 1565 790 1620 Petris
808 1570 837 1618 et
855 1563 922 1620 Filii
941 1571 969 1620 et

165 1636 281 1706 Spiritus
299 1638 384 1694 saneti
400 1637 545 1694 descendet
562 1653 644 1706 super
661 1651 726 1706 nos,¹
739 1643 766 1691 et
783 1635 966 1690 habitationes

164 1716 279 1835 noffitras
298 1716 325 1764 et
343 1725 425 1778 super
442 1708 545 1764 fructus
559 1716 660 1776 terrae,
678 1715 706 1764 et
722 1714 831 1764 maneat
849 1722 965 1776 semper.

229 1823 236 1838 .
253 1783 348 1835 Amen.

395 1858 432 1904 15.
450 1859 487 1904 De
500 1857 735 1904 Benedictlonlbus.

459 1929 550 1980 Raouios
563 1929 676 1978 concretu.

201 1995 316 2051 Noverit
328 1994 460 2062 sacerdos,
481 2010 597 2062 quorum
613 2010 704 2054 retum
717 1993 915 2049 benedictiones
927 1992 967 2048 od

164 2067 261 2136 epotos,
280 2072 306 2121 et
318 2081 387 2135 quoe
398 2066 435 2120 od
447 2065 615 2134 Episcopum
627 2081 677 2122 etto
697 2066 757 2121 iuro
765 2066 934 2135 pertineant,
944 2065 966 2133 ¹)
1036 2129 1037 2146 χ

166 2165 327 2178 ..-

181 2199 202 2254 l)
215 2202 264 2252 „sd
278 2201 402 2240 secerdotes
416 2200 524 2250 Episcopo
539 2199 655 2239 inferiores
668 2199 780 2248 portinent
800 2197 968 2239 benedictiones

219 2268 290 2308 solum
303 2267 415 2316 vestales,
440 2277 479 2306 seu
493 2265 614 2316 simplices,
637 2265 661 2304 in
683 2265 764 2314 qulbus
782 2274 828 2303 nou
847 2263 968 2304 intervenit

219 2333 295 2372 unctio
309 2331 434 2372 chrismatis
448 2332 482 2371 ssi
497 2331 554 2370 sacri
568 2331 618 2372 olei.
641 2330 703 2370 luter
716 2330 831 2370 istesvero
845 2329 967 2370 nonnnilse

219 2400 277 2446 sunt,
298 2407 355 2446 quse
375 2397 403 2437 ad
421 2397 493 2444 ipsum
512 2395 647 2436 sacerdotem
664 2397 774 2445 pertinent
792 2396 819 2435 de
833 2395 881 2434 iure
896 2399 919 2434 et
933 2405 968 2434 rs·

218 2463 278 2502 tione
292 2463 386 2512 ordinis;
411 2463 480 2512 aliae,
503 2473 560 2512 quae
580 2464 674 2512 possunt
692 2462 721 2502 ab
735 2471 761 2501 eo
775 2461 870 2502 nonies-ri
884 2462 967 2502 strum
1036 2483 1037 2524 ᾗ

218 2528 362 2577 delegationis
372 2530 445 2570 iactae
456 2531 483 2568 ab
490 2529 600 2578 Episcopo
611 2561 616 2570 .
626 2559 631 2570 .
644 2561 648 2570 .
658 2559 663 2570 .
672 2527 783 2577 inquibus
793 2538 839 2567 uon
848 2528 967 2568 hstenenlt
1036 2527 1037 2582 j

218 2595 292 2634 unctio
307 2594 453 2634 chrismatus*
479 2595 551 2634 Datur
564 2594 673 2643 lipiscopo
692 2594 787 2634 incultas
807 2593 967 2644 subdelemdi

217 2659 345 2699 facultstem
358 2660 499 2701 benedicendi
508 2662 589 2710 omnia,
604 2670 753 2710 quaecumque
769 2657 799 2698 sd
813 2659 912 2699 divinum
921 2660 964 2701 rel·
1036 2681 1037 2684 =

217 2728 265 2764 tum
279 2727 409 2776 spectantis,
430 2728 454 2767 ln
468 2728 547 2777 qulbus
561 2737 625 2768 soora
638 2727 713 2766 unctio
727 2736 773 2766 nou
786 2726 912 2766 adhibetur.
936 2725 961 2776 (S
1036 2707 1037 2726 ¹

217 2791 242 2830 B.
254 2791 275 2832 0.
289 2789 320 2830 17.
330 2791 387 2831 Moli
400 2791 470 2841 1760.)
485 2813 512 2840 -,
526 2793 628 2840 „Rituale
643 2793 765 2832 Romanum
779 2791 852 2842 primo
866 2793 917 2834 loeo
928 2803 966 2844 po·

216 2855 250 2894 nit
264 2855 432 2907 benedictiones,
453 2869 510 2908 quae
524 2859 552 2898 od
566 2859 682 2908 pst-ochos,
702 2869 741 2898 seu
755 2859 882 2900 sacerdotes
897 2859 965 2910 peril·
1036 2899 1037 2902 ,
