2130 3242
312 176 346 218 lte
358 175 499 219 §numento
513 175 671 218 rosmundae.
850 173 894 216 Μ

89 287 182 336 tamen
199 286 288 349 cauta
305 287 337 334 us
353 279 444 350 puella
456 279 660 348 suspicarincn
677 279 770 347 possit,
790 279 894 336 contes-

91 353 193 409 sarium
212 351 252 406 uti
277 351 389 406 scientia
414 366 448 406 ex
472 349 646 406 (loniessicne
671 350 763 418 sponsi
784 350 893 422 hausta,

92 423 131 480 sic
150 423 229 479 enim-
241 421 410 490 frangeretur
429 422 551 490 sigillum.
589 421 618 476 Si
637 420 723 476 adhuc
740 426 835 490 neget,
858 437 893 477 ex

90 495 226 550 sententia
244 493 418 549 communiori
436 499 572 562 potestat
590 492 671 547 debet
688 491 800 560 absolvi,
830 493 894 559 qnia

90 565 274 624 confessarius
292 571 383 633 potest
400 579 581 633 praesumere,
600 579 660 619 eam
677 563 721 618 vel
743 563 797 616 iam
815 564 893 618 alteri

91 651 151 696 esse
166 637 233 692 talia
247 636 357 691 crimina
368 635 525 705 confessam,
539 635 583 690 vel
592 635 779 690 invincibiliter
787 641 892 704 putare,

89 708 157 763 talia
169 723 225 762 non
237 722 297 762 essa
310 714 424 775 peccata
431 708 526 776 gravia
537 714 601 775 post
612 706 748 774 sponsalia
756 712 893 760 contracta

90 779 183 848 (prout
196 793 294 834 revera
306 779 390 846 aliqui
403 779 495 846 sponsi
508 778 629 848 panentu
646 777 691 832 vel
709 792 767 831 eam
783 776 892 832 credere

90 865 126 905 ex
143 851 220 906 iusta
234 865 316 906 causa
333 850 378 904 hic
396 857 424 904 ct
440 865 510 904 nunc
528 865 553 902 v.
567 866 594 918 g.
613 865 703 904 coram
720 848 830 918 proprio
844 863 892 916 pa-

89 921 175 977 rocho
190 935 221 976 se
234 935 315 989 posse
328 921 394 978 talia
406 920 477 976 licite
490 928 589 976 tacere.
619 920 647 974 Si
661 920 746 976 simile
760 919 824 987 quid
837 935 893 974 non
988 981 991 986 ,

89 993 179 1061 possit
196 991 344 1060 prudenter
361 992 511 1060 praesumi,
537 991 644 1046 videtur
667 1007 722 1046 non
745 1005 828 1060 possa
846 991 892 1046 ab·

89 1063 169 1132 solvi,
188 1062 237 1118 sed
255 1062 452 1120 dissimulanter
470 1078 551 1131 super
569 1077 628 1118 earn
647 1062 788 1118 dicendum
809 1063 893 1118 Meae·

88 1139 269 1202 nectareis,
298 1134 361 1201 quia
385 1149 436 1202 per
452 1134 504 1190 hcc
521 1149 571 1190 nec
594 1135 730 1190 revelatur
752 1141 893 1202 peccatum

89 1205 193 1274 sponsi,
207 1219 257 1260 neo
270 1205 322 1260 hcc
336 1204 415 1260 affert
432 1204 627 1260 incommodum
645 1221 760 1273 sponsae
777 1221 831 1260 non
845 1204 892 1260 ad·

90 1277 219 1340 vertenti,
238 1291 307 1343 quae
320 1277 491 1332 nihilominus
506 1276 586 1332 debet
597 1283 709 1344 peccata
722 1277 769 1330 illa
782 1283 810 1331 et
822 1277 893 1332 hanc

89 1347 288 1405 confessionem
306 1363 355 1402 suo
373 1354 495 1415 tempore
512 1353 652 1415 repetere3
673 1347 807 1415 parochus
825 1363 892 1404 vero

91 1418 182 1474 omnia
200 1417 391 1475 dissimulando
409 1419 518 1474 assistat
536 1433 628 1472 eorum
646 1418 825 1473 Matrimonia

125 1490 163 1545 Ut
180 1489 249 1544 haec
263 1488 402 1545 difficultas
417 1495 612 1557 praecaveatur
630 1489 722 1558 (verba
736 1496 797 1544 sunt
811 1489 892 1556 ephe·

88 1560 231 1628 mendum,
248 1559 380 1616 Mdnster.
398 1561 591 1616 Pastoralblatt
609 1575 633 1614 a.
655 1562 731 1616 1868.
750 1575 812 1627 pag.
837 1562 892 1626 70.)

89 1640 118 1688 et
136 1631 229 1699 sponsi
247 1631 413 1686 adducantur
439 1631 474 1686 ad
492 1631 589 1687 delicta
616 1647 666 1685 sua
688 1631 792 1698 integre
811 1629 891 1684 confi·

87 1703 217 1784 tendum2
231 1702 373 1785 ¹quaedem
397 1703 517 1758 cautelae
548 1701 700 1784 indicantur
716 1717 733 1754 a
750 1700 892 1784 theologisz

88 1773 282 1914 ianus
299 1773 466 1914 euleu
686 1769 893 1911 siunins

89 1914 206 1984 rogandi
224 1916 295 1970 circa
312 1924 431 1985 peccata,
450 1931 520 1984 quac
530 1922 606 1972 sexto
622 1922 649 1969 et
661 1929 732 1968 nano
746 1920 892 1982 praecepto

88 1987 212 2054 decalogi
230 1985 414 2056 adversantur,
434 1985 506 2054 quod
523 1987 575 2042 hoc
592 1985 650 2041 fero
668 1984 747 2040 modo
766 1984 826 2040 fieri
843 2001 891 2054 po·

88 2064 157 2114 test:
178 2057 233 2112 Pro
251 2058 346 2113 maiori
364 2056 537 2126 dispositione
562 2065 590 2112 et
613 2057 805 2124 tranquillitate
830 2073 891 2112 con·

89 2129 218 2184 scientiae
233 2143 334 2198 eorum,
352 2129 397 2196 qui
411 2129 579 2188 matrimonio
592 2127 719 2196 iungendi
732 2135 802 2198 sunt,
816 2129 891 2184 soleo

90 2200 157 2268 ipsis
177 2199 307 2267 quasdam
324 2201 547 2268 interrogationes
565 2214 732 2268 proponer03
759 2215 835 2268 rogo,
862 2205 913 2264 ut!

90 2271 195 2326 sineere
215 2278 320 2327 etcum
342 2271 440 2327 fiducia
469 2271 504 2327 ad
528 2287 575 2326 ees
599 2270 775 2339 respondeas,
803 2285 898 2342 neque

89 2342 195 2409 waes,
211 2343 314 2402 ananei
323 2343 442 2410 grunitu
454 2342 617 2411 peccaveris,
632 2341 827 2398 absolutionem
843 2341 892 2396 tibi
916 2354 918 2358 ·

91 2413 267 2468 recusandam
285 2429 353 2470 esse.
378 2415 422 2470 An
440 2431 494 2469 non
512 2414 651 2470 occasione
668 2413 783 2482 proximi
801 2412 891 2468 matri·

90 2483 174 2538 monii
197 2485 247 2540 tibi
269 2485 397 2540 subortae
422 2492 484 2540 sunt
511 2486 686 2554 cogitationes
701 2483 890 2558 inhonestae?

88 2555 134 2610 An
151 2571 206 2610 non
224 2557 393 2624 contigerunt
409 2555 517 2612 illicitae
535 2557 680 2612 libertates.
709 2555 784 2612 Deus
802 2554 892 2610 omnia

88 2625 166 2696 vidit,
185 2634 213 2682 ct
230 2627 268 2680 illi
286 2627 337 2684 soli
355 2628 399 2683 hic
417 2627 551 2684 confiteris
570 2634 620 2684 etc.
640 2626 766 2682 Secunda
784 2624 891 2682 cautela

87 2697 117 2754 iu
131 2713 165 2752 co
180 2698 309 2766 consistit,
329 2698 401 2766 quod
413 2699 459 2754 ille
473 2699 547 2767 prius
561 2698 693 2766 audiatur,
713 2697 759 2764 qui
773 2695 892 2752 creditur

89 2767 267 2827 confidentius
286 2777 314 2826 et
331 2770 415 2838 map's
431 2767 537 2838 ‘integre
557 2769 735 2836 confessurus,
766 2767 830 2835 quia
846 2766 891 2820 vel

88 2840 178 2896 minus
197 2840 336 2910 erubescit
355 2839 427 2908 quod
444 2841 509 2896 viris
528 2841 666 2910 proprium
685 2846 734 2908 est,
752 2839 797 2894 vel
813 2838 890 2896 timo·
