2124 3230
163 187 207 230 282
335 191 367 230 De
382 191 527 231 celebratione
542 192 577 232 SS.
592 189 673 232 misce
687 193 797 256 sacrificii,

195 295 225 348 o.
250 291 346 348 Potest
363 293 449 348 Missa
471 294 563 348 votive
588 293 718 348 celebrari
740 293 774 347 de
793 309 962 364 quocumque

163 363 297 419 Soneio
323 366 479 420 canonizato
506 373 533 418 et
556 364 584 418 iu
601 364 793 433 Martyrologio
824 365 962 438 denotato,

164 437 270 491 etiamsi
288 436 389 490 nullum
408 435 440 489 de
461 451 492 490 eo
512 435 616 490 dicotur
636 435 766 504 officium,
785 436 881 504 quodsi
899 453 966 494 vero

162 507 192 560 in
210 507 404 578 Martyrologio
422 507 572 575 descriptus
590 521 644 561 non
662 508 704 576 sit,
725 523 780 562 nou
797 509 860 563 licet
879 507 912 562 de
933 523 967 564 eo

164 578 276 633 Missam
301 577 397 632 dicere.
424 578 515 644 (8.1).
532 578 560 633 0.
584 579 716 647 11,'Aup.
736 581 823 646 1691)
862 579 968 650 Excipe

165 649 287 716 dundee,
307 663 419 716 quorum
434 648 522 704 oiiicia
536 650 569 703 ab
579 649 736 718 Apostolica
748 649 817 704 Sede
832 651 968 718 aliquibus

165 720 332 776 dioecesibus
351 733 478 774 concessa
495 727 564 790 sunt,
584 721 635 775 etsi
648 721 906 789 inMartyrologium
924 739 968 778 re·

164 793 236 860 cepti
253 807 307 845 uon
326 792 392 859 siui3
421 791 454 845 de
473 792 515 846 his
534 791 649 846 enimin
668 791 842 861 dioecesibus,
867 793 967 862 quibus

165 861 255 916 officia
274 877 402 916 concessa
415 869 485 930 sunt,
502 864 582 917 etiam
595 863 694 918 Missas
708 864 812 918 votivas
827 864 966 920 celebrare

163 933 234 987 lieet.
271 933 313 987 Do
340 934 436 988 Bautis
459 949 524 988 vero
552 949 606 988 non
635 934 798 989 canonizatis
829 935 909 989 eiiam
936 938 965 990 in

162 1004 230 1058 loeis
249 1012 277 1058 et
295 1003 469 1074 dioecesibus,
487 1005 515 1058 in
532 1005 629 1072 quibus
644 1004 759 1058 officium
772 1011 807 1060 ot
825 1006 911 1062 Missa
930 1007 965 1063 de

163 1074 266 1129 eisdem
284 1089 411 1130 concessa
435 1083 511 1144 sunt,
538 1077 678 1130 nonlicet
702 1077 838 1131 celebrare
862 1079 963 1134 Missas

162 1146 278 1214 votivas,
295 1147 474 1216 nisiepcce'uie
487 1147 622 1201 indultum
635 1163 685 1214 pro
699 1147 741 1202 his
755 1147 788 1202 ab
803 1149 962 1218 Apostolioa

161 1215 234 1270 Sede
252 1217 392 1272 habeatur.
412 1217 454 1286 (S.
468 1219 502 1272 R.
519 1219 547 1273 0.
561 1221 606 1272 27.
621 1218 693 1286 Sept.
708 1221 797 1286 1659.)

200 1288 302 1354 Quodsi
319 1290 409 1356 itaque
427 1289 513 1344 Missa
536 1291 564 1343 in
587 1290 717 1344 honorem
741 1291 852 1345 aficuius
871 1291 964 1346 Sancti

160 1361 270 1429 petitum,
289 1361 434 1428 quaeritur,
450 1375 483 1414 an
497 1361 581 1414 hicio
594 1361 698 1416 Missali
710 1362 847 1430 propriam
860 1361 963 1418 habeat

162 1429 282 1500 Missam,
302 1431 442 1500 soeculi
477 1431 595 1486 Sumitur
611 1432 679 1486 haec
697 1433 725 1485 in
743 1435 828 1500 primo
848 1449 921 1503 casu,
942 1434 966 1490 ei

161 1502 248 1555 ctiam.
268 1509 345 1556 caira
369 1502 466 1558 festum
485 1503 652 1571 applicabilia
672 1510 721 1572 esi,
750 1511 797 1559 aut
814 1507 964 1560 mutatione
1053 1533 1054 1572 4

159 1573 306 1628 verborum
325 1575 486 1644 solemnitas,
505 1575 633 1628 eutelite'u
650 1569 678 1627 in
697 1573 781 1629 verba
797 1577 964 1644 memorium,

216 1751 350 1800 assignetur,
365 1725 500 1790 obeeivendo
515 1753 612 1800 tompore
631 1753 731 1801 paschali
752 1753 863 1793 rubricam
883 1755 907 1793 in
921 1755 964 1794 fine

217 1815 313 1856 eiusdem
327 1817 408 1856 Missae
428 1817 528 1865 positam.
556 1818 578 1856 Si
594 1811 665 1857 Missa‘
678 1819 752 1857 votiva
771 1819 801 1858 sit
818 1821 845 1858 de
864 1819 884 1862 S.
899 1821 965 1859 Petro

216 1883 310 1929 tautum,
331 1882 366 1920 vel
381 1883 407 1920 de
422 1881 442 1921 S.
457 1882 534 1930 Paulo,
556 1885 610 1920 tunc
625 1883 700 1922 eedem
715 1883 782 1922 Missa
796 1885 871 1923 votive
885 1886 908 1924 in
922 1887 965 1924 tine

216 1948 313 1987 Missalie
334 1949 408 1996 posita
421 1949 465 1996 legi
479 1951 564 1998 potest,
588 1960 637 1987 cum
651 1949 740 1997 speciali
756 1951 879 1990 intentione
897 1953 965 1991 hono·

215 2010 279 2054 randi
292 2015 366 2062 ilium,
381 2015 403 2052 in
425 2016 487 2054 cuius
505 2016 611 2054 bonorem
625 2015 695 2056 Missa
714 2017 805 2065 petitur,
824 2027 895 2066 neque
911 2022 965 2057 tuuc

214 2081 306 2120 alteriue
316 2083 494 2121 commemoratio
504 2082 551 2121 fieri
561 2081 633 2130 debut,
648 2083 699 2131 quia
707 2081 782 2122 Oresio
791 2086 826 2122 est
838 2085 961 2125 communie

214 2146 315 2193 utrique;
336 2146 359 2183 iu
373 2147 414 2185 hoc
429 2149 503 2186 tomen
525 2157 578 2186 casu
592 2150 665 2195 potest
679 2149 746 2188 etiem
760 2149 816 2188 sumi
830 2149 899 2190 Mieee
912 2159 963 2201 pro·

213 2210 263 2258 pria
278 2211 299 2250 S.
313 2211 383 2259 Petri,
397 2214 422 2250 ut
435 2212 458 2250 iu
473 2213 520 2252 ciue
531 2211 647 2262 tietbodre,
662 2213 696 2252 vei
711 2215 778 2252 etiem
792 2210 826 2256 29,
837 2213 900 2254 erii
914 2225 964 2266 cum

213 2275 357 2316 Orationibus
372 2287 399 2316 ex
412 2277 470 2318 festo
478 2279 697 2321 commemorationis
707 2281 727 2322 S.
737 2281 814 2328 Pauli3
828 2284 850 2320 et
863 2282 962 2324 vicissim

214 2343 283 2382 Missa
291 2344 381 2392 proprie
390 2343 411 2386 s,
420 2345 488 2392 Pauli,
499 2349 523 2386 ut
530 2347 554 2385 io
563 2347 610 2386 eiua
618 2348 824 2388 commemoratione
831 2345 874 2397 (30.
881 2349 960 2400 iunii),

214 2409 249 2446 vei
271 2409 298 2448 de
311 2410 358 2448 eius
378 2410 525 2450 conversione
545 2409 583 2462 (25
605 2411 719 2462 Jenuer.);
743 2413 782 2452 sed
799 2417 852 2456 tuoe
869 2417 911 2468 sub
932 2415 962 2456 di·

212 2474 296 2514 etincto
310 2475 450 2516 conclusione
465 2477 529 2531 debet
543 2477 591 2516 deri
604 2481 784 2520 commemoratio
795 2481 888 2520 alterius
902 2483 961 2531 Apo-

213 2539 265 2577 etoii
279 2543 331 2578 aute
346 2550 421 2580 omues
443 2541 499 2580 alies
520 2543 751 2594 commemorationem
774 2541 802 2585 Se
820 2545 896 2586 Oratio
918 2548 961 2588 etii

212 2604 255 2643 diei
269 2606 384 2648 currentis.
399 2605 439 2654 (De
453 2607 521 2646 Herdt
532 2613 589 2658 port.
603 2609 622 2647 1.
637 2622 692 2648 nunu.
708 2609 750 2657 41.)

173 2670 196 2721 Ι)
209 2671 241 2710 De
256 2673 337 2711 sanctis
351 2671 403 2711 xiv
414 2673 595 2723 Auxilieioribue,
610 2676 754 2726 quoedicunt,
769 2677 877 2718 celebrari
888 2681 960 2728 potest

211 2737 281 2776 Missa
293 2739 380 2786 votiva3
401 2749 477 2779 omnes
491 2741 549 2780 euim
569 2745 621 2780 atini
635 2742 744 2792 Martyres
758 2745 782 2783 iu
797 2745 957 2796 Martyroiogio

212 2801 324 2850 descripti.
344 2803 403 2843 Sumi
416 2807 490 2853 poteri
503 2806 571 2846 Missa
582 2807 711 2858 &pieuiiem
727 2810 754 2849 de
763 2811 877 2851 Communi
891 2813 959 2862 piuri-

210 2875 297 2906 morum
310 2869 441 2920 Martyrum,
455 2869 516 2910 nulio
529 2881 633 2922 expresso
647 2875 743 2917 nomine.
