2138 3226
359 168 415 210 Ordo
427 169 488 209 ritas
501 169 652 210 acardotslls.
864 165 907 210 ist

106 271 282 328 ecclesiastici
300 271 493 343 aestimatione,
510 272 642 327 bonorum
656 269 823 327 sacerdotum
841 287 904 328 con·

110 344 272 412 versatione,
296 359 315 396 a
337 343 471 398 mundano
500 343 596 412 spiritu
620 343 761 397 aversione
791 343 905 398 maxime

16 445 17 452 κ
105 422 287 483 comparatur,
305 415 440 469 excitatur
456 420 484 470 et
500 414 615 470 fovetur.
633 413 820 468 ordinatione:
842 413 904 468 Ore·

106 503 165 540 mus
195 486 354 554 Daciam
381 491 412 539 at
439 485 520 540 mel
545 487 585 540 eis
610 484 745 554 Spbdum
774 489 906 545 adamam

109 556 219 626 (Pontii.
238 556 325 626 Rom.)
345 555 486 612 Oratione:
511 557 544 612 st
565 558 626 626 pars
642 556 745 626 scopet
761 556 905 625 sapientia,

15 639 16 688 ἰ
105 628 227 696 postulet
240 628 335 697 aDeo,
350 629 399 696 qai
410 628 459 683 cist
482 629 604 682 emacitas
626 629 775 695 affluenter.
791 625 858 696 (iac.
868 627 904 696 2.)

108 699 177 753 Cum
195 699 303 754 Christo
322 699 521 754 coniunctione:
541 699 617 754 Sicut
629 699 736 767 palmes
747 712 803 751 ooo
816 702 906 765 potest

107 771 180 836 ferre
194 771 316 838 saneim
334 787 352 823 a
365 772 511 839 amettpso,
531 772 587 824 obi
598 771 729 824 matusael
740 770 771 822 itt
783 769 845 835 cite,
866 769 905 824 sic

106 843 346 908 mecoenatia
363 857 405 895 me
421 843 581 896 monaculis.
614 841 702 910 (Joan.
723 839 774 910 16.)
811 839 905 896 Status

109 913 285 967 ecclesiastici
310 913 510 967 aestimatione:
540 912 641 966 Melior
663 917 702 966 eet
725 911 783 965 deca
799 927 858 964 aaa
873 911 905 964 ite

106 985 189 1037 ainis
205 984 262 1037 tuis
278 999 359 1052 saper
376 984 471 1040 millio.
503 983 557 1052 (Ps.
575 983 629 1054 83.)
661 984 797 1038 Bonorum
815 996 904 1056 sacar-

108 1053 201 1108 dotum
220 1055 435 1110 conversatione:
462 1054 516 1126 Qui
539 1071 599 1110 eam
625 1056 745 1123 sapiente
768 1053 903 1123 pradltwr,

104 1127 218 1194 sapim
235 1126 293 1179 erit.
324 1125 414 1195 (Prov.
434 1126 485 1196 13.)
521 1125 697 1180 Amundano
716 1125 811 1194 spiritu
828 1140 904 1180 aver-

106 1197 199 1252 sione:
219 1196 280 1250 Nos
298 1201 388 1250 autem
404 1213 461 1251 ooo
477 1198 604 1266 spiritam
619 1197 700 1251 baius
716 1195 814 1250 mancii
830 1212 904 1250 occe·

100 1269 206 1337 pinca,
224 1267 272 1321 ced
288 1269 422 1336 spiritum,
441 1270 489 1336 pai
507 1284 541 1322 ec
557 1268 617 1322 Deo
635 1273 681 1324 est.
705 1267 741 1336 (1.
761 1268 822 1322 Cor.
840 1267 876 1337 2.)

141 1339 217 1394 VIII.
253 1339 397 1393 Peccatum
410 1340 505 1393 amoc.
523 1338 673 1407 Peccatum,
688 1353 841 1407 supremum
848 1352 904 1392 ma·

106 1409 172 1479 lum,
190 1410 245 1464 imo
264 1409 316 1463 Dei
335 1417 363 1465 et
380 1410 494 1465 bominis
511 1411 618 1464 unicum
635 1409 741 1479 malum,
759 1409 904 1478 praecipue

105 1496 174 1536 vero
189 1481 351 1550 superbiam,
369 1482 606 1550 intemperantiam,
615 1481 839 1547 incontinentium,
858 1479 903 1534 de-

106 1551 213 1620 sidiam,
242 1553 389 1622 arandam,
416 1560 506 1607 vestro
525 1552 673 1607 characteri
690 1551 774 1619 magis
792 1550 904 1619 probro·

107 1639 164 1693 sas,
184 1631 213 1678 et
224 1623 373 1692 malignius,
391 1624 492 1678 utinam
510 1639 565 1678 non
581 1625 680 1693 verius,
699 1622 904 1688 aluicisexpro·

108 1695 211 1763 brutas,
230 1696 343 1748 maxime
361 1695 462 1753 timete.
492 1695 608 1749 Peccata
625 1693 722 1763 omnia,
745 1691 905 1761 praesertim

106 1781 151 1835 ea,
171 1780 241 1833 quae
260 1773 322 1834 post
339 1766 531 1833 poenitentiam
547 1766 645 1820 iterum
666 1766 815 1831 iterumque
833 1778 904 1816 com·

106 1837 258 1905 mittuntur,
283 1851 316 1891 eo
334 1838 419 1905 magis
442 1837 544 1892 clericis
568 1836 694 1907 dmenda,
721 1842 749 1891 et
766 1834 905 1890 sollicitius

105 1906 245 1976 fugienda,
264 1908 327 1974 qnia
336 1916 397 1962 sunt
409 1908 537 1962 laicorum
549 1909 667 1976 peccatis
675 1908 758 1962 multo
772 1906 904 1975 graviora,

104 1979 173 2047 quia
191 1978 282 2032 clerici
299 1979 327 2031 in
345 1986 417 2034 statu
428 1979 574 2035 sublimiori
589 1979 759 2045 collocantur,
778 1978 904 2046 qniama-

106 2049 212 2105 ioribus
226 2049 328 2117 gratiae
343 2049 419 2105 donis
433 2049 559 2118 ditantur,
578 2051 641 2118 quia
659 2049 694 2104 ad
706 2051 835 2103 maiorem
844 2063 904 2102 san·

107 2121 230 2176 cdtatmn
238 2127 376 2190 vocantur,
389 2121 452 2189 quia
461 2130 572 2189 peccata
580 2121 737 2176 clericorum
745 2120 840 2174 maiori
849 2133 905 2173 ma·

106 2192 175 2260 litia,
193 2192 289 2246 maiori
303 2193 356 2246 Dei
373 2193 477 2262 iniuria,
495 2193 590 2246 maiori
608 2191 904 2246 laicorumdetrimento

105 2269 258 2332 patrantur,
277 2264 340 2330 quia
354 2262 483 2318 difficilius
501 2263 692 2332 condonantur,
711 2263 773 2330 quia
782 2261 905 2316 acerbius

106 2333 285 2389 vindicantur.
306 2335 372 2404 Ques
389 2334 461 2388 eiciet
479 2334 603 2388 simmam
630 2336 683 2389 cito
702 2329 907 2402 poenitentem?

106 2405 146 2474 (S.
158 2405 381 2475 chrysostomus.)
400 2405 525 2459 Potentes
528 2410 653 2473 potenter
661 2411 792 2459 tormento
796 2404 905 2472 potiere·

109 2481 164 2531 icor.
184 2475 297 2546 (Sapit,
313 2477 348 2546 7.)
364 2507 397 2518 -
411 2476 585 2531 Nontantum
595 2483 733 2545 peccatum
742 2475 854 2529 momale
864 2472 904 2526 iu-

108 2548 175 2618 gite,
187 2547 236 2603 sed
245 2548 326 2602 edam
334 2553 473 2614 peccatum
482 2547 595 2617 semele,
606 2549 719 2602 maxime
729 2545 801 2614 qnod
809 2543 905 2598 maiori

108 2635 171 2673 cum
190 2618 358 2674 advertentis
376 2626 403 2673 ct
421 2618 612 2673 deliberatione
631 2618 818 2684 committitur3
842 2614 906 2682 quia

110 2689 223 2744 offendit
231 2689 320 2744 Deum
333 2687 434 2744 infinita
452 2689 606 2758 perlectum,
628 2689 846 2755 infinitebonum,
865 2686 904 2739 in·

107 2759 185 2816 finite
203 2761 359 2828 amandum3
378 2762 440 2829 quia
449 2761 577 2814 maiorem
585 2761 644 2814 Deo
653 2762 756 2828 irrogat
772 2757 904 2823 iniuriam,

106 2837 189 2900 quum
206 2832 297 2888 omnia
314 2841 496 2887 creaturarum
510 2831 582 2885 bona
596 2827 834 2900 operapossuntei
848 2825 905 2893 glo·
