2146 3234
351 195 383 234 De
397 193 538 234 sacramento
551 195 694 237 Matrimonii,
881 193 922 236 b89

122 297 277 355 scandalum
295 297 389 351 vieinis
407 296 529 351 dederint
547 305 575 352 et
588 297 753 366 suspiciones
771 297 917 368 iniecerint,

124 370 196 425 unde
214 369 320 437 puellae
338 367 410 422 fama
427 384 480 421 non
505 370 565 422 leve
588 368 775 423 detrimentum
800 370 834 424 sit
858 385 920 440 pas-

124 457 196 509 sura,
210 440 262 494 nisi
274 440 358 494 nubat
369 440 581 508 consanguinem
593 441 622 492 2⁰
631 441 655 494 si
665 439 792 494 Oratores
806 456 859 494 nnn
873 456 921 508 spe

123 513 229 566 facilins
243 509 446 578 consequendae
456 510 671 580 dispensationis,
690 509 738 565 sed
752 525 852 565 vesana
861 511 920 565 libi·

124 584 187 637 dine
204 583 268 636 victi
285 583 356 636 inter
371 597 401 637 se
418 583 589 652 peccaverint
616 591 643 636 et
669 582 772 650 prolem
797 596 920 650 suscepe-

124 656 187 723 rint,
204 652 276 708 unde
293 653 492 707 Matrimonium
510 654 546 709 sit
558 654 737 708 necessarium
755 659 812 706 tum
831 652 866 706 ad
883 653 921 708 le·
963 713 964 716 Ἴ

125 723 297 794 gitimmdam
315 724 426 792 prolem,
450 730 506 778 turn
532 725 595 792 quia
613 725 679 780 alias
697 724 792 778 mulier
810 723 922 792 innupta

125 804 154 852 et
172 795 308 850 diffamata
323 802 482 850 remaneret.
598 793 601 800 ’
648 831 651 840 ‚

162 869 186 921 6.
205 867 462 920 Matrimonium
480 866 570 921 bona
596 865 669 920 fide
688 871 921 935 contractum,

125 953 178 1006 quo
185 939 274 1006 posito
281 938 543 1005 partesvixpossent
553 937 653 1004 absque
662 936 786 992 seandalo
798 936 921 991 etiamne

124 1008 264 1077 dispendio
283 1009 411 1078 separari,
429 1009 543 1062 maxime
558 1009 581 1063 si
599 1010 652 1062 iam
670 1009 710 1064 eis
729 1015 789 1062 orta
807 1009 842 1063 sit
859 1024 921 1076 pro·

124 1081 180 1149 les;
198 1081 226 1132 in
244 1081 296 1134 huo
314 1095 379 1134 vero
398 1079 565 1134 aasusedulo
582 1079 743 1148 interrogari
761 1079 867 1148 debent,
887 1095 922 1133 an

123 1158 237 1218 uterque
251 1158 298 1204 aut
310 1151 439 1205 alteruter
452 1157 555 1204 tantum
572 1151 600 1205 in
618 1151 689 1204 bona
706 1150 759 1204 fide
777 1150 866 1220 inerit,
886 1166 921 1204 an

123 1223 306 1278 contraxerint
322 1221 521 1276 Matrimonium
539 1237 588 1290 spe
601 1220 704 1277 facilins
722 1221 862 1276 habendae
882 1221 920 1274 di-

123 1294 311 1361 spensationis,
325 1309 359 1347 an
373 1294 406 1347 ab
417 1293 488 1346 omni
502 1293 658 1347 commercio
673 1294 773 1347 carnali
786 1293 920 1348 abstinue-

121 1367 177 1419 rint
195 1365 285 1418 statim
303 1380 334 1417 ae
351 1363 533 1432 impedimenti
551 1363 672 1418 notitiam
686 1364 844 1418 habuerunt.
863 1365 920 1418 Imo

123 1434 266 1503 aliquando
292 1435 361 1489 ratio
387 1434 518 1490 sufficiens
543 1450 603 1489 esse
621 1442 719 1518 natast,
745 1436 767 1490 si
791 1434 919 1490 Oratores

120 1508 176 1562 iam
194 1507 265 1560 bona
282 1505 335 1560 fide
354 1506 490 1574 sponsalia
506 1507 612 1574 publice
630 1506 755 1575 inierunt,
778 1506 919 1573 bannoque

121 1578 254 1648 publicari
271 1575 406 1645 fecerunt3
424 1584 488 1631 tune
506 1578 584 1646 enim,
603 1578 626 1632 si
644 1577 843 1632 Matrimonium
866 1593 921 1632 non

122 1649 210 1718 fleret,
228 1647 299 1703 fama
316 1648 422 1716 puellae
440 1649 596 1716 plerumque
614 1664 668 1702 nnn
689 1649 775 1702 abiret
791 1648 894 1704 Maesa.

161 1720 237 1773 Haeo
255 1735 337 1774 eausa
354 1719 512 1788 proponitur
530 1718 615 1774 modis
634 1719 820 1787 sequentibus:

163 1831 214 1844 ...
235 1790 314 1860 Quod
330 1791 387 1858 absi
404 1791 475 1844 alias
491 1792 646 1859 immorantes
670 1789 782 1859 aliquod
808 1789 920 1857 impedi-

124 1866 243 1916 mentum
257 1863 327 1915 iuter
344 1876 389 1916 eos
401 1862 520 1929 aamtera
535 1863 676 1929 qumninus
685 1866 796 1930 possent
807 1862 919 1914 inuicem

124 1933 361 1986 matrinmniaiiter
378 1933 509 2001 copulari,
528 1933 737 1986 Matrimonium
749 1934 919 2000 intersepta

126 2004 210 2058 uerba
229 2003 262 2056 de
275 2005 422 2072 praesenti,
435 2003 543 2072 publice
559 2004 642 2071 fantis
661 2004 922 2071 proclamationibus

126 2076 158 2128 in
177 2091 268 2128 eorum
291 2075 447 2142 parochiali
464 2075 574 2128 euabsia
598 2075 678 2128 iunia
699 2075 816 2142 formam
842 2073 920 2129 Onne.

128 2146 249 2200 Ibident.
268 2146 393 2214 nulloque
412 2146 519 2212 detecto,
538 2161 622 2214 neque
636 2146 793 2199 denuntiato
811 2145 921 2214 impedi·

125 2223 214 2271 mento
233 2221 434 2284 connumerant,
452 2216 573 2284 illudque
591 2218 621 2270 in
636 2218 709 2284 faeie
727 2217 921 2270 eeclesiaesoie-

125 2289 289 2355 mnirarunt,
309 2293 334 2342 et
352 2287 459 2342 cannati
476 2288 574 2355 capula
591 2293 821 2342 consummarunt.
845 2287 922 2342 Post·

126 2358 236 2414 modum
254 2374 316 2413 uero
335 2358 373 2412 ad
390 2373 482 2412 aarum
495 2360 619 2426 manauit
635 2360 768 2425 notitiam,
788 2373 832 2412 eos
844 2358 922 2412 teatio

126 2435 153 2484 ai
170 2436 275 2498 quarto,
299 2445 318 2483 a
336 2431 471 2484 communi
495 2431 586 2497 stabim
605 2429 833 2498 provenientibus,
860 2445 921 2483 non·

127 2502 321 2570 sanyuinitatis
336 2501 468 2570 aradibus
481 2501 593 2554 inuicem
609 2517 663 2555 ease
672 2502 843 2568 coniunctus,⁸
855 2514 921 2568 pro-

125 2576 188 2638 pter
206 2573 279 2639 quod
296 2589 315 2625 a
332 2572 440 2626 amuaii
451 2571 550 2638 capula
562 2572 719 2626 huiuamodi
736 2571 922 2625 abstinuerunt

129 2641 210 2709 (sivez
230 2647 254 2696 et
270 2643 445 2697 nibilominus
462 2643 493 2694 in
510 2643 603 2696 eadnn
620 2643 728 2697 carnali
744 2642 844 2710 copula
857 2657 922 2710 per·

127 2709 273 2780 niumm).
289 2713 355 2769 (ium
365 2719 463 2779 antem
479 2713 575 2779 (Pater
586 2717 688 2782 annu)
705 2713 832 2768 &atores
841 2728 923 2780 prae-

127 2782 196 2837 dicti
207 2785 237 2837 in
249 2785 406 2839 huiscemodi
416 2785 595 2839 Matrimonia
603 2801 741 2840 remanere
750 2799 807 2838 non
815 2784 924 2852 ponant

127 2854 227 2925 absque
245 2854 323 2911 Sedis
335 2855 507 2926 Apenoiieae
524 2855 731 2926 dispensatione,
751 2859 775 2910 et
793 2856 818 2910 ai
835 2853 923 2908 diuor-
