2098 3222
160 167 201 213 tte
313 173 346 214 De
361 173 492 222 quibusdem
505 173 555 214 eliis
569 174 706 213 sacerdotum
720 174 804 216 officiis.

195 276 231 401 bR.
249 277 344 346 Neque
363 276 510 333 secundum
528 276 683 344 iniquitates
701 282 809 331 nostras
827 277 965 333 retribues

158 363 194 403 no
213 365 245 406 rs.

200 419 231 476 V.
251 419 374 488 Domine,
393 417 491 473 exaudi
510 418 658 473 orationem
675 433 770 488 meam,
790 424 841 472 etc.

200 490 230 545 V.
249 491 380 545 Dominus
398 491 536 544 vobiscum
554 495 605 543 etc.

199 560 321 617 oscos.
356 561 440 630 Deus,
464 561 509 629 qui
528 560 607 630 culpe
626 558 777 629 offenderis,
795 559 965 628 poenitentis

160 631 292 701 placaris3
309 647 404 700 preces
422 633 516 701 populi
530 632 569 686 tui
586 631 761 700 supplicantis
772 631 908 698 propitius
921 647 963 685 re-

161 703 241 773 spice,
262 711 290 759 et
306 701 415 772 fladelle
426 710 489 758 tuae
507 703 668 770 iracundiae,
687 717 756 769 quae
775 717 824 770 pro
843 703 963 770 peccetis

160 775 260 830 sostris
278 790 425 844 meremur,
454 782 554 829 averte.
591 774 645 828 Per
663 773 799 828 Christum
816 773 962 828 Dominum

160 854 289 901 nostrum.
309 875 343 888 -
360 846 396 900 R.
415 847 509 900 Amen.

126 983 138 1014 ι
417 969 441 1019 d)
454 971 525 1011 Oratio
535 983 576 1021 pro
590 971 701 1022 Episcopo.

220 1048 261 1089 Die
275 1050 425 1088 eunlrerserio
440 1049 560 1100 electionis,
571 1060 618 1116 vseu
633 1051 813 1100 consecrationis,
822 1049 846 1102 ¹)
865 1052 902 1090 vel

460 1115 658 1157 inthronlsetionls.

196 1202 294 1256 Finita
311 1203 402 1258 Missa
419 1205 531 1259 solemni
554 1210 682 1260 cantator
699 1205 739 1262 Te
757 1206 846 1260 Deum
869 1206 961 1262 leuda·

160 1289 219 1328 mus
233 1289 300 1342 pap.
318 1277 378 1328 637.
399 1292 460 1330 cum
481 1276 511 1331 V.
529 1277 561 1332 V.
578 1276 772 1333 Benedicnmus
786 1277 896 1332 Patrem
912 1285 960 1333 etc

160 1344 322 1400 Benedictus
346 1361 375 1402 es
391 1353 444 1401 etc.
464 1346 587 1418 Domine,
615 1348 721 1418 exaudi,
748 1355 774 1403 et
791 1351 875 1404 unico
897 1349 961 1404 Oro·

159 1417 245 1470 tione:
275 1416 362 1485 Deus,
381 1418 457 1473 cuius
475 1419 674 1474 misericordiae
692 1427 744 1476 etc.
761 1436 848 1490 repra
860 1422 960 1490 posito

155 1502 223 1557 pac.
243 1489 319 1555 777„-
341 1487 439 1542 deinde
457 1489 584 1551 additur:

200 1558 231 1613 V.
250 1556 363 1621 Oremus
380 1576 431 1628 pro
449 1559 576 1616 Antistite
593 1567 685 1617 nostro
704 1561 738 1618 N.

193 1629 229 1683 R.
248 1630 378 1685 Dominus
397 1639 539 1687 conservet
556 1647 631 1702 eum,
657 1639 684 1688 et
701 1631 818 1687 vivificet
836 1647 907 1702 cum,
932 1639 959 1687 et

159 1700 266 1784 beritum
284 1700 366 1785 iaciat
384 1717 444 1757 eum
461 1703 595 1786 interra,
621 1710 648 1758 et
672 1720 727 1759 non
743 1703 834 1760 medei
852 1719 915 1758 enm
931 1703 958 1758 in

159 1787 274 1826 ommam
291 1789 457 1828 immicorum
475 1789 541 1830 erus.

136 1865 147 1880 ·
198 1841 317 1898 Oremce.
335 1844 419 1916 Deus,
438 1846 555 1902 omnium
567 1843 686 1899 fidelium
702 1851 797 1914 pastor
815 1851 843 1900 ei
860 1851 958 1914 rector,

159 1912 287 1969 famulum
304 1924 379 1970 tuum
394 1958 400 1972 .
414 1957 421 1972 .
437 1958 443 1970 .
459 1957 466 1970 .
480 1931 559 1985 quem
577 1923 713 1985 pastorem
732 1917 861 1972 ecclesiae
883 1955 957 1970 ....

158 2000 286 2054 proeesse
303 1988 420 2057 voluisti,
442 1987 575 2056 propitius
592 1987 712 2058 respice;
731 1987 767 2042 de
784 1988 817 2056 ei,
842 2002 957 2056 quaesu-

158 2071 226 2126 mus,
251 2057 335 2112 verbo
354 2067 382 2114 et
400 2059 532 2128 exemplo,
560 2055 656 2126 quibis
673 2064 791 2129 praeest,
814 2056 958 2127 proficere,

158 2134 189 2181 ut
207 2127 241 2182 ad
259 2129 342 2182 vitam
360 2146 414 2185 une
432 2146 491 2185 cum
514 2145 596 2198 grege
620 2131 671 2186 sibi
696 2130 797 2185 credito
816 2128 959 2199 perveniet

158 2200 357 2324 {smpiternam
393 2201 447 2256 Per
461 2200 596 2256 Christum
612 2199 756 2257 Dominum
773 2208 904 2259 nostrum.
923 2228 957 2240 -

187 2310 194 2323 .
213 2273 307 2325 Amen.

172 2441 194 2494 1)
208 2445 357 2497 Interrogcte,
371 2447 480 2496 quomodo
494 2447 624 2488 celebrande
638 2448 668 2487 sii
681 2446 727 2486 dies
740 2445 893 2485 ennlvereerle
906 2454 958 2484 eon·

212 2513 341 2552 secretionis
355 2513 471 2562 Episcopi,
490 2513 509 2552 si
527 2515 628 2553 occurret
641 2513 664 2552 iu
679 2513 714 2552 die
727 2511 809 2562 duplici
822 2511 915 2560 minori,
936 2508 957 2552 Β.

210 2575 236 2615 Β.
247 2577 270 2616 c.
281 2573 307 2616 17
323 2577 383 2626 sepi.
393 2574 454 2618 1785.
467 2579 591 2627 respoudit:
610 2581 634 2619 is
648 2579 722 2619 dilui·
732 2579 823 2632 prisciie
833 2581 882 2629 poet
895 2578 959 2627 oliuo,

210 2642 229 2680 ei
243 2646 359 2690 omnemne,
376 2644 501 2693 sociandam
513 2655 557 2684 eeee
571 2645 781 2686 commemorationes
794 2643 958 2684 mercationis

211 2719 256 2746 eum
270 2707 370 2748 (lolleotoe
388 2710 447 2750 Deus
462 2712 559 2750 omnium
573 2712 682 2761 iidellum;
693 2713 740 2762 poet
754 2709 836 2750 Nom
849 2709 956 2750 celeim-

210 2777 258 2816 dom
268 2777 357 2818 messam
366 2779 475 2822 eolemsem
486 2793 526 2831 pro
536 2783 634 2822 electione
647 2781 678 2822 cel
691 2779 842 2821 concentione
855 2779 958 2830 Epieoopi

209 2853 256 2881 eum
269 2841 349 2891 Gloria,
364 2843 430 2886 Orode
443 2849 462 2885 ei
475 2847 613 2897 Prmsottou
627 2849 653 2889 de
667 2847 779 2890 mussi
