2124 3230
316 183 349 223 Do
361 184 431 224 hiim
443 182 569 224 Pcuiiflcsli
582 183 680 222 solemni.
861 179 903 224 att

102 303 198 342 omnes
216 288 304 356 capite
322 285 436 355 detecto,
455 294 483 341 et
500 285 652 354 Episcopus
669 301 729 338 cum
745 286 824 339 mitra
841 302 903 355 pro·

104 357 189 413 funde
209 367 289 426 capnt
306 358 434 412 inclinant
450 373 545 412 versus
564 357 656 410 altare.
684 357 715 408 In
733 365 811 410 nocte
828 373 904 429 vero,

102 436 132 484 et
151 431 194 484 die
212 430 375 484 Natiuitatis
392 430 431 486 D.
445 429 483 484 N.
497 429 525 484 J.
541 427 579 495 0,
598 444 629 481 ac
647 427 690 481 die
707 427 902 482 Aaaaatictc'o-

101 502 148 554 nis
165 502 201 557 B.
223 501 263 555 M.
288 500 319 555 V.
347 501 499 568 Episcopus
524 516 584 554 cum
608 499 686 552 mitra
712 498 784 566 apud
812 498 903 554 sedem

105 587 190 640 suam,
206 579 233 626 et
247 587 338 626 omnes
353 571 398 624 alii
411 572 438 624 in
453 571 508 625 suis
516 571 583 625 locis
593 568 781 639 genuflectunt,
796 570 903 636 quando

105 650 232 697 cantatur
245 641 330 697 dictus
344 643 499 709 versiculus,
519 649 546 696 et
560 657 592 695 eo
605 640 681 695 finito
695 656 787 696 omnes
800 640 903 696 sedent.

103 713 257 782 Diaconus‚
284 713 359 767 finito
377 713 522 781 versiculo,
551 713 650 781 surgit,
678 719 804 780 surgente
823 712 903 767 etiarn

104 785 285 852 subdiacono,
312 791 341 838 et
358 784 487 838 accedens
511 783 546 836 ud
569 784 680 838 abacum
705 784 777 851 capit
793 781 903 838 bursam

104 872 165 910 cum
184 856 325 924 corporali,
349 871 428 923 quam
447 872 506 908 cum
523 854 620 910 debitis
637 855 794 910 reverentiis
812 862 904 922 portat

106 927 141 980 ad
160 928 255 995 altare,
270 927 316 980 ubi
334 927 450 980 extrahit
468 927 615 995 corporale,
633 926 713 993 idque
731 926 808 994 ponit
821 941 904 993 super

104 998 190 1052 altare
216 1013 291 1052 more
319 997 469 1065 ordinario;
497 1005 524 1050 et
548 998 637 1052 statim
664 995 734 1052 redit
756 995 790 1050 ad
815 997 902 1051 locum

104 1085 191 1138 suum,
210 1076 238 1123 et
256 1068 345 1136 sedet,
364 1075 426 1123 tunc
445 1068 521 1122 sedet
539 1069 619 1122 etiam
637 1068 822 1123 subdiaconus.

142 1141 222 1194 Circa
238 1139 319 1193 finem
337 1139 457 1208 Symbolc'
474 1146 585 1207 surgrmt
608 1155 699 1194 omnes
717 1140 845 1208 ministri;
869 1154 903 1194 eo

10 1269 11 1276 χ
103 1226 170 1266 vero
185 1226 296 1279 prorsus
317 1226 333 1264 a
351 1211 432 1266 choro
447 1218 562 1278 cantato,
581 1212 666 1279 surgit
678 1211 837 1280 Episcopus,
857 1210 902 1265 de·

102 1283 200 1349 positis
218 1282 338 1350 gremiali
356 1290 384 1336 et
396 1284 489 1349 mitra;
508 1289 535 1336 et
553 1288 626 1336 stans
640 1283 667 1334 in
682 1281 746 1336 sede
765 1298 823 1351 sua,
841 1298 902 1336 can·

102 1360 143 1407 tat
172 1369 268 1408 versus
286 1354 414 1421 populum
432 1353 569 1408 Dominus
585 1353 718 1406 obducam
737 1360 765 1406 et
785 1353 903 1420 Oramus,

106 1432 132 1478 et
150 1424 217 1493 legit
245 1439 308 1477 mox
333 1423 503 1478 offertorium
538 1423 669 1478 submissa
694 1431 722 1478 et
745 1423 904 1492 intelligibili

105 1511 181 1549 voce.
202 1495 261 1560 Quo
279 1496 358 1562 lecto,
378 1495 454 1550 sedet
473 1501 500 1548 et
518 1495 613 1561 accipit
630 1495 735 1548 mitram
749 1495 902 1564 pretiosam,

103 1565 268 1634 deponitque
283 1566 408 1619 annulum
431 1573 459 1620 et
482 1565 656 1633 chirothecas,
681 1580 750 1631 quae
770 1567 858 1618 omnia
878 1566 904 1619 ei

104 1637 283 1692 armabuntur
296 1638 329 1691 ab
344 1636 530 1692 assistentibus
540 1635 666 1704 diaconis,
682 1643 709 1689 et
720 1636 793 1689 lavat
801 1651 903 1704 manus,

105 1709 130 1762 ei
148 1708 298 1776 praebente
316 1709 424 1762 mantile
442 1707 599 1776 presbytero
618 1707 768 1761 assistente.
794 1706 904 1759 Interim

104 1779 227 1833 minister
254 1779 287 1832 de
314 1780 382 1834 libro
405 1777 553 1833 inserviens
580 1777 689 1832 Missale
717 1793 776 1831 cum
793 1777 903 1845 pulvino

106 1858 153 1904 aut
163 1850 271 1918 ,pulpito
286 1849 372 1905 defert
382 1851 416 1904 ad
426 1851 518 1917 altare,
536 1848 654 1916 illudque
667 1850 774 1916 reponit
783 1849 811 1901 in
821 1865 904 1902 cornu

108 1921 251 1989 Evangelii
261 1928 382 1988 apertum
392 1937 424 1976 eo
431 1922 499 1988 loco,
507 1922 534 1974 in
544 1936 597 1988 quo
607 1921 775 1974 continentur
783 1933 823 1988 ea,
834 1935 903 1987 quae

109 1993 248 2046 celebrans
263 1999 304 2046 est
316 1992 440 2047 lecturus.
478 1993 614 2047 Assistens
627 1992 768 2060 presbyter
781 1998 854 2046 stans
868 1991 903 2046 sd

106 2063 204 2117 librum
223 2070 300 2118 extra
313 2080 396 2118 cornu
409 2064 549 2131 Evangelii
564 2070 701 2131 exspectat
715 2063 903 2120 celebrantem.

141 2135 295 2202 Episcopus
309 2135 406 2202 statim,
420 2135 482 2190 lotis
495 2135 616 2189 manibus
627 2135 769 2189 reassumit
777 2134 903 2188 annulum

108 2205 299 2273 apresbytero
319 2206 459 2260 assistente
484 2213 644 2274 porrectum,
672 2212 700 2259 et
717 2206 810 2273 surgit,
835 2205 903 2258 acci·

106 2277 182 2343 piens
201 2292 281 2330 manu
300 2277 408 2331 sinistra
425 2277 555 2344 baculum,
574 2276 696 2344 procedit
712 2276 815 2330 medius
833 2277 905 2330 inter

107 2347 174 2401 duos
193 2347 320 2402 diaconos
339 2349 494 2404 assistentes
519 2355 579 2402 ante
597 2347 715 2402 infimum
733 2347 825 2402 altaris
844 2363 904 2414 gra·

109 2417 170 2471 dum
188 2419 217 2470 iu
234 2419 330 2487 medio,
348 2419 394 2472 ubi
413 2418 541 2487 depositis
558 2419 653 2472 baculo
673 2427 700 2472 et
713 2420 799 2486 mitra,
818 2417 901 2472 facta·

107 2503 157 2556 que
174 2487 309 2556 profunda
331 2491 483 2544 reverentia
502 2490 586 2558 cruci,
612 2489 731 2544 ascendit
756 2489 790 2543 ud
809 2489 920 2558 altare,·

106 2560 263 2628 presbytero
279 2561 420 2616 assistente
435 2561 587 2628 canistris,
606 2560 719 2614 diacono
732 2575 798 2614 vero
812 2561 901 2613 Evan-

106 2630 167 2699 gelii
185 2645 202 2684 a
220 2630 346 2697 dexteris,
365 2640 393 2687 et
410 2632 545 2687 osculatur
562 2631 628 2685 illud
645 2632 673 2686 in
691 2630 787 2699 medio,
805 2631 903 2698 positis

105 2701 245 2756 hincinde
270 2703 400 2758 manibus.
438 2703 636 2770 subdiaconus,
665 2701 727 2756 dum
750 2702 904 2770 Episcopus

106 2773 170 2827 lavit
189 2781 216 2827 et
233 2775 312 2828 tersit
328 2789 430 2843 manus,
458 2773 560 2828 accedit
578 2773 613 2826 ad
632 2773 756 2841 abacum,
784 2771 904 2825 induitur

107 2844 166 2899 velo
185 2844 324 2916 humerali,
344 2853 371 2900 et
389 2846 523 2914 accipiens
540 2844 649 2898 calicem
665 2858 741 2897 more
759 2841 903 2910 ordinario,
