<?xml version="1.0" encoding="UTF-8"?>
<!DOCTYPE html PUBLIC "-//W3C//DTD XHTML 1.0 Transitional//EN"
    "http://www.w3.org/TR/xhtml1/DTD/xhtml1-transitional.dtd">
<html xmlns="http://www.w3.org/1999/xhtml" xml:lang="en" lang="en">
 <head>
  <title>
</title>
<meta http-equiv="Content-Type" content="text/html;charset=utf-8" />
  <meta name='ocr-system' content='tesseract 3.04.00' />
  <meta name='ocr-capabilities' content='ocr_page ocr_carea ocr_par ocr_line ocrx_word'/>
</head>
<body>
  <div class='ocr_page' id='page_1' title='image "./manualesacerdot00schngoog_0034.png"; bbox 0 0 2106 3228; ppageno 0'>
   <div class='ocr_carea' id='block_1_1' title="bbox 147 161 655 206">
    <p class='ocr_par' dir='ltr' id='par_1_1' title="bbox 147 161 655 206">
     <span class='ocr_line' id='line_1_1' title="bbox 147 161 655 206; baseline -0.002 0"><span class='ocrx_word' id='word_1_1' title='bbox 147 161 162 206; x_wconf 77' lang='lat'><em>8</em></span> <span class='ocrx_word' id='word_1_2' title='bbox 435 165 514 204; x_wconf 70' lang='lat' dir='ltr'><em>Prien</em></span> <span class='ocrx_word' id='word_1_3' title='bbox 527 163 655 206; x_wconf 67' lang='lat' dir='ltr'><em>matutinas.</em></span> 
     </span>
    </p>
   </div>
   <div class='ocr_carea' id='block_1_2' title="bbox 146 261 956 760">
    <p class='ocr_par' dir='ltr' id='par_1_2' title="bbox 147 261 956 390">
     <span class='ocr_line' id='line_1_2' title="bbox 147 261 956 390; baseline 0 -70"><span class='ocrx_word' id='word_1_4' title='bbox 147 265 215 390; x_wconf 47' lang='lat' dir='ltr'><em>m,</em></span> <span class='ocrx_word' id='word_1_5' title='bbox 242 265 282 390; x_wconf 49' lang='lat' dir='ltr'><em>is?</em></span> <span class='ocrx_word' id='word_1_6' title='bbox 299 264 381 320; x_wconf 76' lang='lat' dir='ltr'><em>etiam</em></span> <span class='ocrx_word' id='word_1_7' title='bbox 398 264 432 318; x_wconf 85' lang='lat' dir='ltr'><em>de</em></span> <span class='ocrx_word' id='word_1_8' title='bbox 450 261 580 318; x_wconf 77' lang='lat' dir='ltr'>fidelitate</span> <span class='ocrx_word' id='word_1_9' title='bbox 597 269 646 319; x_wconf 83' lang='lat' dir='ltr'><em>tua</em></span> <span class='ocrx_word' id='word_1_10' title='bbox 662 268 777 318; x_wconf 77' lang='lat' dir='ltr'><em>esterna</em></span> <span class='ocrx_word' id='word_1_11' title='bbox 793 278 956 332; x_wconf 80' lang='lat' dir='ltr'><em>persuasum</em></span> 
     </span>
     <span class='ocr_line' id='line_1_3' title="bbox 232 350 282 390; baseline 0 0"><span class='ocrx_word' id='word_1_12' title='bbox 232 350 282 390; x_wconf 88' lang='lat' dir='ltr'><em>es.</em></span> 
     </span>
    </p>

    <p class='ocr_par' dir='ltr' id='par_1_3' title="bbox 146 415 956 760">
     <span class='ocr_line' id='line_1_4' title="bbox 183 415 955 486; baseline -0.001 -12"><span class='ocrx_word' id='word_1_13' title='bbox 183 420 272 475; x_wconf 75' lang='lat' dir='ltr'><em>Actus</em></span> <span class='ocrx_word' id='word_1_14' title='bbox 290 418 421 473; x_wconf 64' lang='lat' dir='ltr'><em>cavitates.</em></span> <span class='ocrx_word' id='word_1_15' title='bbox 458 415 481 470; x_wconf 90' lang='grc' dir='ltr'>Ο</span> <span class='ocrx_word' id='word_1_16' title='bbox 499 417 536 470; x_wconf 91' lang='lat' dir='ltr'><em>mi</em></span> <span class='ocrx_word' id='word_1_17' title='bbox 548 417 638 471; x_wconf 82' lang='lat' dir='ltr'>Deus!</span> <span class='ocrx_word' id='word_1_18' title='bbox 657 423 763 486; x_wconf 79' lang='lat' dir='ltr'>emote,</span> <span class='ocrx_word' id='word_1_19' title='bbox 783 418 955 484; x_wconf 80' lang='lat' dir='ltr'><em>quinemssti</em></span> 
     </span>
     <span class='ocr_line' id='line_1_5' title="bbox 147 488 954 560; baseline -0.002 -14"><span class='ocrx_word' id='word_1_20' title='bbox 147 507 207 560; x_wconf 89' lang='lat' dir='ltr'><em>me;</em></span> <span class='ocrx_word' id='word_1_21' title='bbox 235 489 284 545; x_wconf 86' lang='lat' dir='ltr'><em>sed</em></span> <span class='ocrx_word' id='word_1_22' title='bbox 301 489 346 542; x_wconf 79' lang='lat' dir='ltr'><em>vel</em></span> <span class='ocrx_word' id='word_1_23' title='bbox 362 488 423 542; x_wconf 87' lang='lat' dir='ltr'><em>ideo</em></span> <span class='ocrx_word' id='word_1_24' title='bbox 442 489 609 556; x_wconf 83' lang='lat' dir='ltr'><em>potissimum</em></span> <span class='ocrx_word' id='word_1_25' title='bbox 627 503 709 555; x_wconf 86' lang='lat' dir='ltr'>super</span> <span class='ocrx_word' id='word_1_26' title='bbox 727 491 818 542; x_wconf 82' lang='lat' dir='ltr'><em>omnis</em></span> <span class='ocrx_word' id='word_1_27' title='bbox 836 505 897 544; x_wconf 83' lang='lat' dir='ltr'><em>emo</em></span> <span class='ocrx_word' id='word_1_28' title='bbox 915 497 954 560; x_wconf 79' lang='lat' dir='ltr'><em>ie,</em></span> 
     </span>
     <span class='ocr_line' id='line_1_6' title="bbox 148 559 956 631; baseline -0.004 -14"><span class='ocrx_word' id='word_1_29' title='bbox 148 570 176 617; x_wconf 85' lang='lat' dir='ltr'><em>et</em></span> <span class='ocrx_word' id='word_1_30' title='bbox 193 562 343 631; x_wconf 86' lang='lat' dir='ltr'><em>proximum</em></span> <span class='ocrx_word' id='word_1_31' title='bbox 361 559 481 626; x_wconf 84' lang='lat' dir='ltr'><em>quemvis</em></span> <span class='ocrx_word' id='word_1_32' title='bbox 496 565 657 628; x_wconf 82' lang='lat' dir='ltr'>propterte,</span> <span class='ocrx_word' id='word_1_33' title='bbox 676 559 739 626; x_wconf 82' lang='lat' dir='ltr'><em>quis</em></span> <span class='ocrx_word' id='word_1_34' title='bbox 752 568 791 629; x_wconf 79' lang='lat' dir='ltr'><em>tu,</em></span> <span class='ocrx_word' id='word_1_35' title='bbox 811 575 956 631; x_wconf 87' lang='lat' dir='ltr'><strong>summum,</strong></span> 
     </span>
     <span class='ocr_line' id='line_1_7' title="bbox 146 629 953 718; baseline 0.002 -32"><span class='ocrx_word' id='word_1_36' title='bbox 146 634 254 718; x_wconf 75' lang='lat' dir='ltr'><em>unicum</em></span> <span class='ocrx_word' id='word_1_37' title='bbox 273 640 301 687; x_wconf 84' lang='lat' dir='ltr'><em>et</em></span> <span class='ocrx_word' id='word_1_38' title='bbox 317 629 448 685; x_wconf 81' lang='lat' dir='ltr'><em>infinitum</em></span> <span class='ocrx_word' id='word_1_39' title='bbox 465 630 579 700; x_wconf 88' lang='lat' dir='ltr'><em>bonum,</em></span> <span class='ocrx_word' id='word_1_40' title='bbox 603 631 674 684; x_wconf 91' lang='lat' dir='ltr'><em>omni</em></span> <span class='ocrx_word' id='word_1_41' title='bbox 692 645 782 685; x_wconf 80' lang='lat' dir='ltr'>amore</span> <span class='ocrx_word' id='word_1_42' title='bbox 803 646 832 686; x_wconf 88' lang='lat' dir='ltr'><em>es</em></span> <span class='ocrx_word' id='word_1_43' title='bbox 851 631 953 700; x_wconf 81' lang='lat' dir='ltr'><em>dignis·</em></span> 
     </span>
     <span class='ocr_line' id='line_1_8' title="bbox 147 720 538 760; baseline -0.005 0"><span class='ocrx_word' id='word_1_44' title='bbox 147 720 238 760; x_wconf 77' lang='lat' dir='ltr'><em>simus.</em></span> <span class='ocrx_word' id='word_1_45' title='bbox 536 720 538 726; x_wconf 93' lang='lat'>·</span> 
     </span>
    </p>
   </div>
   <div class='ocr_carea' id='block_1_3' title="bbox 183 769 1052 844">
    <p class='ocr_par' dir='ltr' id='par_1_4' title="bbox 183 769 1052 844">
     <span class='ocr_line' id='line_1_9' title="bbox 183 769 1052 844; baseline -0.006 0"><span class='ocrx_word' id='word_1_46' title='bbox 183 789 271 844; x_wconf 77' lang='lat' dir='ltr'><em>Aetne</em></span> <span class='ocrx_word' id='word_1_47' title='bbox 289 785 463 840; x_wconf 71' lang='lat' dir='ltr'><em>contritionis.</em></span> <span class='ocrx_word' id='word_1_48' title='bbox 499 784 688 839; x_wconf 82' lang='lat' dir='ltr'><em>Amantissime</em></span> <span class='ocrx_word' id='word_1_49' title='bbox 707 783 803 839; x_wconf 71' lang='lat' dir='ltr'>Peter!</span> <span class='ocrx_word' id='word_1_50' title='bbox 831 785 865 840; x_wconf 86' lang='lat' dir='ltr'><em>de</em></span> <span class='ocrx_word' id='word_1_51' title='bbox 895 802 954 842; x_wconf 90' lang='lat' dir='ltr'><em>om·</em></span> <span class='ocrx_word' id='word_1_52' title='bbox 1050 769 1052 780; x_wconf 49' lang='lat'><strong>¹</strong></span> 
     </span>
    </p>
   </div>
   <div class='ocr_carea' id='block_1_4' title="bbox 145 855 955 1139">
    <p class='ocr_par' dir='ltr' id='par_1_5' title="bbox 145 855 955 1139">
     <span class='ocr_line' id='line_1_10' title="bbox 146 855 955 926; baseline -0.001 -12"><span class='ocrx_word' id='word_1_53' title='bbox 146 859 225 914; x_wconf 89' lang='lat' dir='ltr'><em>nibus</em></span> <span class='ocrx_word' id='word_1_54' title='bbox 242 857 359 926; x_wconf 78' lang='lat' dir='ltr'><em>peccatis</em></span> <span class='ocrx_word' id='word_1_55' title='bbox 378 857 444 910; x_wconf 87' lang='lat' dir='ltr'><em>meis</em></span> <span class='ocrx_word' id='word_1_56' title='bbox 463 855 541 909; x_wconf 85' lang='lat' dir='ltr'>doleo</span> <span class='ocrx_word' id='word_1_57' title='bbox 560 870 594 908; x_wconf 88' lang='lat' dir='ltr'><em>ex</em></span> <span class='ocrx_word' id='word_1_58' title='bbox 611 861 668 910; x_wconf 84' lang='lat' dir='ltr'><strong>toto</strong></span> <span class='ocrx_word' id='word_1_59' title='bbox 688 855 775 910; x_wconf 83' lang='lat' dir='ltr'>corde</span> <span class='ocrx_word' id='word_1_60' title='bbox 787 871 857 926; x_wconf 85' lang='lat' dir='ltr'>meo,</span> <span class='ocrx_word' id='word_1_61' title='bbox 886 859 955 925; x_wconf 78' lang='lat' dir='ltr'><em>quis</em></span> 
     </span>
     <span class='ocr_line' id='line_1_11' title="bbox 148 925 952 999; baseline -0.002 -14"><span class='ocrx_word' id='word_1_62' title='bbox 148 938 183 999; x_wconf 85' lang='lat' dir='ltr'><em>te,</em></span> <span class='ocrx_word' id='word_1_63' title='bbox 201 930 289 984; x_wconf 88' lang='lat' dir='ltr'>Deum</span> <span class='ocrx_word' id='word_1_64' title='bbox 298 943 394 996; x_wconf 91' lang='lat' dir='ltr'>meum,</span> <span class='ocrx_word' id='word_1_65' title='bbox 411 925 542 980; x_wconf 86' lang='lat' dir='ltr'><em>infinitum</em></span> <span class='ocrx_word' id='word_1_66' title='bbox 555 926 654 980; x_wconf 87' lang='lat' dir='ltr'><em>bonum</em></span> <span class='ocrx_word' id='word_1_67' title='bbox 667 941 763 996; x_wconf 89' lang='lat' dir='ltr'>meum,</span> <span class='ocrx_word' id='word_1_68' title='bbox 776 927 810 982; x_wconf 88' lang='lat' dir='ltr'><em>iis</em></span> <span class='ocrx_word' id='word_1_69' title='bbox 819 935 876 982; x_wconf 82' lang='lat' dir='ltr'><em>tam</em></span> <span class='ocrx_word' id='word_1_70' title='bbox 893 935 952 982; x_wconf 85' lang='lat' dir='ltr'><strong>tur·</strong></span> 
     </span>
     <span class='ocr_line' id='line_1_12' title="bbox 146 998 954 1070; baseline 0 -15"><span class='ocrx_word' id='word_1_71' title='bbox 146 1003 219 1070; x_wconf 83' lang='lat' dir='ltr'><em>piter</em></span> <span class='ocrx_word' id='word_1_72' title='bbox 236 998 343 1054; x_wconf 87' lang='lat' dir='ltr'><em>offendi.</em></span> <span class='ocrx_word' id='word_1_73' title='bbox 370 998 534 1066; x_wconf 81' lang='lat' dir='ltr'><em>»Ingemisco</em></span> <span class='ocrx_word' id='word_1_74' title='bbox 544 1004 672 1064; x_wconf 76' lang='lat' dir='ltr'><em>tanquam</em></span> <span class='ocrx_word' id='word_1_75' title='bbox 683 1012 755 1067; x_wconf 87' lang='lat' dir='ltr'>reus,</span> <span class='ocrx_word' id='word_1_76' title='bbox 774 998 854 1068; x_wconf 85' lang='lat' dir='ltr'><strong>culpa</strong></span> <span class='ocrx_word' id='word_1_77' title='bbox 868 999 954 1056; x_wconf 84' lang='lat' dir='ltr'>rubet</span> 
     </span>
     <span class='ocr_line' id='line_1_13' title="bbox 145 1068 735 1139; baseline -0.012 -12"><span class='ocrx_word' id='word_1_78' title='bbox 145 1071 237 1126; x_wconf 80' lang='lat' dir='ltr'><strong>vultus</strong></span> <span class='ocrx_word' id='word_1_79' title='bbox 254 1084 337 1139; x_wconf 87' lang='lat' dir='ltr'>meus,</span> <span class='ocrx_word' id='word_1_80' title='bbox 357 1069 516 1137; x_wconf 73' lang='lat' dir='ltr'><em>supplicanti</em></span> <span class='ocrx_word' id='word_1_81' title='bbox 534 1083 615 1136; x_wconf 80' lang='lat' dir='ltr'>parce</span> <span class='ocrx_word' id='word_1_82' title='bbox 633 1068 735 1124; x_wconf 69' lang='lat' dir='ltr'>Deus«</span> 
     </span>
    </p>
   </div>
   <div class='ocr_carea' id='block_1_5' title="bbox 146 1165 949 1285">
    <p class='ocr_par' dir='ltr' id='par_1_6' title="bbox 146 1165 949 1285">
     <span class='ocr_line' id='line_1_14' title="bbox 180 1165 949 1217; baseline -0.004 -7"><span class='ocrx_word' id='word_1_83' title='bbox 180 1169 275 1210; x_wconf 80' lang='lat' dir='ltr'><em>Indutnn</em></span> <span class='ocrx_word' id='word_1_84' title='bbox 288 1177 394 1217; x_wconf 69' lang='lat' dir='ltr'><em>asperges</em></span> <span class='ocrx_word' id='word_1_85' title='bbox 407 1168 429 1206; x_wconf 86' lang='lat' dir='ltr'><em>te</em></span> <span class='ocrx_word' id='word_1_86' title='bbox 443 1177 501 1214; x_wconf 74' lang='lat' dir='ltr'><em>equs</em></span> <span class='ocrx_word' id='word_1_87' title='bbox 514 1165 610 1214; x_wconf 78' lang='lat' dir='ltr'><em>lustrali,</em></span> <span class='ocrx_word' id='word_1_88' title='bbox 629 1167 651 1204; x_wconf 84' lang='lat' dir='ltr'><em>et</em></span> <span class='ocrx_word' id='word_1_89' title='bbox 661 1166 727 1215; x_wconf 83' lang='lat' dir='ltr'><em>omni,</em></span> <span class='ocrx_word' id='word_1_90' title='bbox 742 1175 785 1216; x_wconf 80' lang='lat' dir='ltr'><em>qne</em></span> <span class='ocrx_word' id='word_1_91' title='bbox 795 1168 867 1216; x_wconf 83' lang='lat' dir='ltr'>potes,</span> <span class='ocrx_word' id='word_1_92' title='bbox 881 1167 949 1208; x_wconf 83' lang='lat' dir='ltr'>devo·</span> 
     </span>
     <span class='ocr_line' id='line_1_15' title="bbox 146 1232 605 1285; baseline -0.015 -9"><span class='ocrx_word' id='word_1_93' title='bbox 146 1237 216 1285; x_wconf 76' lang='lat' dir='ltr'>tlone,</span> <span class='ocrx_word' id='word_1_94' title='bbox 231 1233 358 1283; x_wconf 81' lang='lat' dir='ltr'><em>genuflexus</em></span> <span class='ocrx_word' id='word_1_95' title='bbox 371 1233 412 1272; x_wconf 70' lang='lat' dir='ltr'><em>has</em></span> <span class='ocrx_word' id='word_1_96' title='bbox 425 1232 505 1272; x_wconf 81' lang='lat' dir='ltr'><em>recites</em></span> <span class='ocrx_word' id='word_1_97' title='bbox 518 1241 605 1280; x_wconf 79' lang='lat' dir='ltr'>preces:</span> 
     </span>
    </p>
   </div>
   <div class='ocr_carea' id='block_1_6' title="bbox 90 1300 969 2012">
    <p class='ocr_par' dir='ltr' id='par_1_7' title="bbox 90 1300 969 2012">
     <span class='ocr_line' id='line_1_16' title="bbox 183 1300 951 1376; baseline 0.003 -18"><span class='ocrx_word' id='word_1_98' title='bbox 183 1307 207 1358; x_wconf 93' lang='lat'><em>1.</em></span> <span class='ocrx_word' id='word_1_99' title='bbox 245 1301 267 1357; x_wconf 93' lang='lat'>0</span> <span class='ocrx_word' id='word_1_100' title='bbox 285 1304 322 1358; x_wconf 91' lang='lat' dir='ltr'><em>mi</em></span> <span class='ocrx_word' id='word_1_101' title='bbox 338 1303 426 1358; x_wconf 82' lang='lat' dir='ltr'>Deus!</span> <span class='ocrx_word' id='word_1_102' title='bbox 451 1317 522 1371; x_wconf 84' lang='lat' dir='ltr'><em>spes,</em></span> <span class='ocrx_word' id='word_1_103' title='bbox 541 1300 711 1371; x_wconf 85' lang='lat' dir='ltr'><em>desiderium,</em></span> <span class='ocrx_word' id='word_1_104' title='bbox 732 1305 821 1358; x_wconf 82' lang='lat' dir='ltr'><strong>amor!</strong></span> <span class='ocrx_word' id='word_1_105' title='bbox 839 1305 951 1376; x_wconf 84' lang='lat' dir='ltr'><em>ameris,</em></span> 
     </span>
     <span class='ocr_line' id='line_1_17' title="bbox 145 1373 950 1446; baseline 0.001 -16"><span class='ocrx_word' id='word_1_106' title='bbox 145 1373 303 1446; x_wconf 86' lang='lat' dir='ltr'><em>glorificeris</em></span> <span class='ocrx_word' id='word_1_107' title='bbox 321 1373 354 1428; x_wconf 82' lang='lat' dir='ltr'><em>ab</em></span> <span class='ocrx_word' id='word_1_108' title='bbox 369 1373 498 1442; x_wconf 86' lang='lat' dir='ltr'><em>omnibus,</em></span> <span class='ocrx_word' id='word_1_109' title='bbox 516 1373 544 1426; x_wconf 89' lang='lat' dir='ltr'><em>in</em></span> <span class='ocrx_word' id='word_1_110' title='bbox 558 1373 687 1442; x_wconf 86' lang='lat' dir='ltr'><em>omnibus,</em></span> <span class='ocrx_word' id='word_1_111' title='bbox 707 1389 789 1441; x_wconf 85' lang='lat' dir='ltr'>super</span> <span class='ocrx_word' id='word_1_112' title='bbox 803 1376 901 1446; x_wconf 80' lang='lat' dir='ltr'><em>omnis,</em></span> <span class='ocrx_word' id='word_1_113' title='bbox 919 1376 950 1432; x_wconf 89' lang='lat' dir='ltr'><em>in</em></span> 
     </span>
     <span class='ocr_line' id='line_1_18' title="bbox 90 1444 949 1512; baseline 0.001 -11"><span class='ocrx_word' id='word_1_114' title='bbox 90 1489 97 1501; x_wconf 83' lang='grc'><strong>.</strong></span> <span class='ocrx_word' id='word_1_115' title='bbox 146 1453 293 1501; x_wconf 83' lang='lat' dir='ltr'>aeternum.</span> <span class='ocrx_word' id='word_1_116' title='bbox 329 1444 420 1499; x_wconf 89' lang='lat' dir='ltr'><strong>Adoro</strong></span> <span class='ocrx_word' id='word_1_117' title='bbox 440 1451 467 1498; x_wconf 85' lang='lat' dir='ltr'><em>et</em></span> <span class='ocrx_word' id='word_1_118' title='bbox 484 1458 599 1498; x_wconf 87' lang='lat' dir='ltr'>veneror</span> <span class='ocrx_word' id='word_1_119' title='bbox 616 1450 651 1512; x_wconf 86' lang='lat' dir='ltr'><em>te,</em></span> <span class='ocrx_word' id='word_1_120' title='bbox 670 1460 686 1498; x_wconf 90' lang='grc' dir='ltr'>ο</span> <span class='ocrx_word' id='word_1_121' title='bbox 706 1445 874 1500; x_wconf 75' lang='lat' dir='ltr'><em>sanctissima</em></span> <span class='ocrx_word' id='word_1_122' title='bbox 887 1447 949 1502; x_wconf 90' lang='lat' dir='ltr'><em>Tri·</em></span> 
     </span>
     <span class='ocr_line' id='line_1_19' title="bbox 144 1513 950 1585; baseline 0.001 -13"><span class='ocrx_word' id='word_1_123' title='bbox 144 1519 230 1572; x_wconf 87' lang='lat' dir='ltr'><em>nitasl</em></span> <span class='ocrx_word' id='word_1_124' title='bbox 250 1524 276 1571; x_wconf 86' lang='lat' dir='ltr'><em>te</em></span> <span class='ocrx_word' id='word_1_125' title='bbox 286 1515 413 1585; x_wconf 83' lang='lat' dir='ltr'>glorifico,</span> <span class='ocrx_word' id='word_1_126' title='bbox 423 1513 660 1583; x_wconf 59' lang='lat' dir='ltr'><em>laudo5benedi00,</em></span> <span class='ocrx_word' id='word_1_127' title='bbox 679 1529 710 1570; x_wconf 85' lang='lat' dir='ltr'><em>ec</em></span> <span class='ocrx_word' id='word_1_128' title='bbox 724 1530 767 1569; x_wconf 91' lang='lat' dir='ltr'><em>me</em></span> <span class='ocrx_word' id='word_1_129' title='bbox 790 1523 852 1572; x_wconf 82' lang='lat' dir='ltr'><em>ante</em></span> <span class='ocrx_word' id='word_1_130' title='bbox 872 1517 950 1573; x_wconf 81' lang='lat' dir='ltr'><strong>thro·</strong></span> 
     </span>
     <span class='ocr_line' id='line_1_20' title="bbox 146 1585 951 1656; baseline 0.002 -13"><span class='ocrx_word' id='word_1_131' title='bbox 146 1603 210 1643; x_wconf 87' lang='lat' dir='ltr'><em>num</em></span> <span class='ocrx_word' id='word_1_132' title='bbox 234 1587 381 1642; x_wconf 78' lang='lat' dir='ltr'><em>maiestatis</em></span> <span class='ocrx_word' id='word_1_133' title='bbox 403 1595 466 1642; x_wconf 82' lang='lat' dir='ltr'>tuae</span> <span class='ocrx_word' id='word_1_134' title='bbox 493 1585 637 1639; x_wconf 86' lang='lat' dir='ltr'><strong>humillime</strong></span> <span class='ocrx_word' id='word_1_135' title='bbox 664 1593 816 1654; x_wconf 86' lang='lat' dir='ltr'>prosterno.</span> <span class='ocrx_word' id='word_1_136' title='bbox 860 1587 951 1656; x_wconf 77' lang='lat' dir='ltr'><strong>Quam</strong></span> 
     </span>
     <span class='ocr_line' id='line_1_21' title="bbox 144 1655 951 1729; baseline 0.001 -15"><span class='ocrx_word' id='word_1_137' title='bbox 144 1660 231 1714; x_wconf 88' lang='lat' dir='ltr'><em>bonus</em></span> <span class='ocrx_word' id='word_1_138' title='bbox 249 1660 386 1726; x_wconf 88' lang='lat' dir='ltr'>hucusque</span> <span class='ocrx_word' id='word_1_139' title='bbox 405 1673 470 1726; x_wconf 75' lang='lat' dir='ltr'>erge</span> <span class='ocrx_word' id='word_1_140' title='bbox 493 1672 536 1710; x_wconf 90' lang='lat' dir='ltr'><em>me</em></span> <span class='ocrx_word' id='word_1_141' title='bbox 561 1655 651 1712; x_wconf 74' lang='lat' dir='ltr'><em>fuisti!</em></span> <span class='ocrx_word' id='word_1_142' title='bbox 688 1656 750 1710; x_wconf 86' lang='lat' dir='ltr'><em>Tibi</em></span> <span class='ocrx_word' id='word_1_143' title='bbox 775 1659 876 1726; x_wconf 80' lang='lat' dir='ltr'><em>gratias</em></span> <span class='ocrx_word' id='word_1_144' title='bbox 895 1675 951 1729; x_wconf 79' lang='lat' dir='ltr'><em>ago</em></span> 
     </span>
     <span class='ocr_line' id='line_1_22' title="bbox 144 1727 951 1800; baseline 0.005 -16"><span class='ocrx_word' id='word_1_145' title='bbox 144 1745 195 1800; x_wconf 83' lang='lat' dir='ltr'><em>pro</em></span> <span class='ocrx_word' id='word_1_146' title='bbox 214 1730 346 1786; x_wconf 85' lang='lat' dir='ltr'><em>universis</em></span> <span class='ocrx_word' id='word_1_147' title='bbox 364 1727 498 1783; x_wconf 86' lang='lat' dir='ltr'><em>beneficiis</em></span> <span class='ocrx_word' id='word_1_148' title='bbox 516 1727 577 1796; x_wconf 81' lang='lat' dir='ltr'><em>tuis,</em></span> <span class='ocrx_word' id='word_1_149' title='bbox 596 1743 628 1782; x_wconf 82' lang='lat' dir='ltr'><em>ac</em></span> <span class='ocrx_word' id='word_1_150' title='bbox 642 1729 886 1798; x_wconf 82' lang='lat' dir='ltr'><em>praesertimquod</em></span> <span class='ocrx_word' id='word_1_151' title='bbox 903 1748 951 1788; x_wconf 86' lang='lat' dir='ltr'><em>me</em></span> 
     </span>
     <span class='ocr_line' id='line_1_23' title="bbox 144 1799 951 1867; baseline 0.004 -11"><span class='ocrx_word' id='word_1_152' title='bbox 144 1802 196 1856; x_wconf 87' lang='lat' dir='ltr'><em>hec</em></span> <span class='ocrx_word' id='word_1_153' title='bbox 213 1808 292 1855; x_wconf 80' lang='lat' dir='ltr'>nocte</span> <span class='ocrx_word' id='word_1_154' title='bbox 312 1800 470 1855; x_wconf 85' lang='lat' dir='ltr'><em>custodieris</em></span> <span class='ocrx_word' id='word_1_155' title='bbox 489 1805 516 1854; x_wconf 86' lang='lat' dir='ltr'><em>et</em></span> <span class='ocrx_word' id='word_1_156' title='bbox 530 1800 739 1854; x_wconf 83' lang='lat' dir='ltr'><strong>conservaveris.</strong></span> <span class='ocrx_word' id='word_1_157' title='bbox 770 1799 843 1867; x_wconf 79' lang='lat' dir='ltr'>Quot</span> <span class='ocrx_word' id='word_1_158' title='bbox 861 1802 951 1858; x_wconf 84' lang='lat' dir='ltr'>eheui</span> 
     </span>
     <span class='ocr_line' id='line_1_24' title="bbox 143 1868 969 1942; baseline 0.005 -16"><span class='ocrx_word' id='word_1_159' title='bbox 143 1873 195 1927; x_wconf 79' lang='lat' dir='ltr'><em>hac</em></span> <span class='ocrx_word' id='word_1_160' title='bbox 212 1879 291 1927; x_wconf 84' lang='lat' dir='ltr'>nocte</span> <span class='ocrx_word' id='word_1_161' title='bbox 310 1886 324 1926; x_wconf 89' lang='lat' dir='ltr'>e</span> <span class='ocrx_word' id='word_1_162' title='bbox 343 1870 423 1926; x_wconf 87' lang='lat' dir='ltr'><em>cubili</em></span> <span class='ocrx_word' id='word_1_163' title='bbox 441 1886 489 1926; x_wconf 87' lang='lat' dir='ltr'><em>suo</em></span> <span class='ocrx_word' id='word_1_164' title='bbox 509 1868 543 1924; x_wconf 81' lang='lat' dir='ltr'><em>ad</em></span> <span class='ocrx_word' id='word_1_165' title='bbox 558 1875 634 1924; x_wconf 85' lang='lat' dir='ltr'>tuum</span> <span class='ocrx_word' id='word_1_166' title='bbox 648 1869 765 1924; x_wconf 77' lang='lat' dir='ltr'><em>tribunal</em></span> <span class='ocrx_word' id='word_1_167' title='bbox 778 1871 896 1942; x_wconf 80' lang='lat' dir='ltr'><em>indeque</em></span> <span class='ocrx_word' id='word_1_168' title='bbox 912 1873 969 1930; x_wconf 79' lang='lat' dir='ltr'><em>ad&#39;</em></span> 
     </span>
     <span class='ocr_line' id='line_1_25' title="bbox 142 1943 425 2012; baseline -0.011 -14"><span class='ocrx_word' id='word_1_169' title='bbox 142 1943 244 1998; x_wconf 83' lang='lat' dir='ltr'><em>inferos</em></span> <span class='ocrx_word' id='word_1_170' title='bbox 259 1943 330 2012; x_wconf 83' lang='lat' dir='ltr'><em>rapti</em></span> <span class='ocrx_word' id='word_1_171' title='bbox 348 1943 425 1998; x_wconf 79' lang='lat' dir='ltr'><em>eunti</em></span> 
     </span>
    </p>
   </div>
   <div class='ocr_carea' id='block_1_7' title="bbox 88 2021 952 2508">
    <p class='ocr_par' dir='ltr' id='par_1_8' title="bbox 88 2021 952 2508">
     <span class='ocr_line' id='line_1_26' title="bbox 180 2021 951 2094; baseline 0.001 -14"><span class='ocrx_word' id='word_1_172' title='bbox 180 2029 207 2083; x_wconf 81' lang='lat'><em>2.</em></span> <span class='ocrx_word' id='word_1_173' title='bbox 242 2024 366 2080; x_wconf 78' lang='lat' dir='ltr'>OPster</span> <span class='ocrx_word' id='word_1_174' title='bbox 384 2023 506 2078; x_wconf 75' lang='lat' dir='ltr'>aeterne!</span> <span class='ocrx_word' id='word_1_175' title='bbox 544 2021 605 2075; x_wconf 91' lang='lat' dir='ltr'><em>Tibi</em></span> <span class='ocrx_word' id='word_1_176' title='bbox 623 2038 665 2076; x_wconf 87' lang='lat' dir='ltr'><em>me</em></span> <span class='ocrx_word' id='word_1_177' title='bbox 683 2028 777 2094; x_wconf 79' lang='lat' dir='ltr'><strong>totum,</strong></span> <span class='ocrx_word' id='word_1_178' title='bbox 797 2032 824 2079; x_wconf 84' lang='lat' dir='ltr'><em>et</em></span> <span class='ocrx_word' id='word_1_179' title='bbox 841 2025 951 2082; x_wconf 76' lang='lat' dir='ltr'><em>animae</em></span> 
     </span>
     <span class='ocr_line' id='line_1_27' title="bbox 142 2094 949 2165; baseline 0.001 -12"><span class='ocrx_word' id='word_1_180' title='bbox 142 2097 215 2154; x_wconf 85' lang='lat' dir='ltr'><em>vires</em></span> <span class='ocrx_word' id='word_1_181' title='bbox 228 2104 256 2152; x_wconf 81' lang='lat' dir='ltr'><em>et</em></span> <span class='ocrx_word' id='word_1_182' title='bbox 268 2095 387 2164; x_wconf 82' lang='lat' dir='ltr'><em>corporis</em></span> <span class='ocrx_word' id='word_1_183' title='bbox 401 2109 504 2162; x_wconf 86' lang='lat' dir='ltr'><em>sensus,</em></span> <span class='ocrx_word' id='word_1_184' title='bbox 523 2099 550 2146; x_wconf 85' lang='lat' dir='ltr'><em>et</em></span> <span class='ocrx_word' id='word_1_185' title='bbox 559 2094 655 2164; x_wconf 78' lang='lat' dir='ltr'><em>omnia,</em></span> <span class='ocrx_word' id='word_1_186' title='bbox 674 2109 813 2162; x_wconf 81' lang='lat' dir='ltr'><em>quassum</em></span> <span class='ocrx_word' id='word_1_187' title='bbox 832 2103 860 2150; x_wconf 84' lang='lat' dir='ltr'><em>et</em></span> <span class='ocrx_word' id='word_1_188' title='bbox 874 2113 949 2165; x_wconf 75' lang='lat' dir='ltr'><em>quse</em></span> 
     </span>
     <span class='ocr_line' id='line_1_28' title="bbox 143 2163 951 2237; baseline 0.001 -14"><span class='ocrx_word' id='word_1_189' title='bbox 143 2168 240 2237; x_wconf 79' lang='lat' dir='ltr'>habeo,</span> <span class='ocrx_word' id='word_1_190' title='bbox 260 2166 352 2222; x_wconf 88' lang='lat' dir='ltr'>offero.</span> <span class='ocrx_word' id='word_1_191' title='bbox 375 2164 496 2232; x_wconf 85' lang='lat' dir='ltr'><em>Suscipe,</em></span> <span class='ocrx_word' id='word_1_192' title='bbox 513 2163 649 2234; x_wconf 84' lang='lat' dir='ltr'><em>miPeter,</em></span> <span class='ocrx_word' id='word_1_193' title='bbox 661 2165 711 2220; x_wconf 88' lang='lat' dir='ltr'><em>hos</em></span> <span class='ocrx_word' id='word_1_194' title='bbox 725 2181 812 2221; x_wconf 82' lang='lat' dir='ltr'>novae</span> <span class='ocrx_word' id='word_1_195' title='bbox 828 2166 882 2222; x_wconf 87' lang='lat' dir='ltr'><em>diei</em></span> <span class='ocrx_word' id='word_1_196' title='bbox 890 2170 951 2237; x_wconf 86' lang='lat' dir='ltr'><em>pri·</em></span> 
     </span>
     <span class='ocr_line' id='line_1_29' title="bbox 142 2234 950 2304; baseline -0.004 -8"><span class='ocrx_word' id='word_1_197' title='bbox 142 2256 200 2296; x_wconf 84' lang='lat' dir='ltr'><em>mos</em></span> <span class='ocrx_word' id='word_1_198' title='bbox 220 2253 324 2294; x_wconf 82' lang='lat' dir='ltr'>amores</span> <span class='ocrx_word' id='word_1_199' title='bbox 343 2251 442 2304; x_wconf 84' lang='lat' dir='ltr'>eosque</span> <span class='ocrx_word' id='word_1_200' title='bbox 469 2234 591 2289; x_wconf 81' lang='lat' dir='ltr'><em>incendio</em></span> <span class='ocrx_word' id='word_1_201' title='bbox 610 2236 708 2292; x_wconf 78' lang='lat' dir='ltr'><em>amoris</em></span> <span class='ocrx_word' id='word_1_202' title='bbox 726 2236 790 2290; x_wconf 87' lang='lat' dir='ltr'><em>Filii</em></span> <span class='ocrx_word' id='word_1_203' title='bbox 807 2238 848 2292; x_wconf 85' lang='lat' dir='ltr'><em>tui</em></span> <span class='ocrx_word' id='word_1_204' title='bbox 866 2239 950 2293; x_wconf 89' lang='lat' dir='ltr'><em>meri-</em></span> 
     </span>
     <span class='ocr_line' id='line_1_30' title="bbox 141 2305 952 2380; baseline 0.001 -14"><span class='ocrx_word' id='word_1_205' title='bbox 141 2312 230 2380; x_wconf 79' lang='lat' dir='ltr'><em>tisque</em></span> <span class='ocrx_word' id='word_1_206' title='bbox 250 2309 387 2376; x_wconf 81' lang='lat' dir='ltr'><em>coniunge.</em></span> <span class='ocrx_word' id='word_1_207' title='bbox 415 2305 505 2376; x_wconf 79' lang='lat' dir='ltr'><em>„Quid</em></span> <span class='ocrx_word' id='word_1_208' title='bbox 523 2306 593 2360; x_wconf 85' lang='lat' dir='ltr'><em>enim</em></span> <span class='ocrx_word' id='word_1_209' title='bbox 605 2307 669 2360; x_wconf 89' lang='lat' dir='ltr'><em>mihi</em></span> <span class='ocrx_word' id='word_1_210' title='bbox 685 2307 767 2362; x_wconf 82' lang='lat' dir='ltr'><em>estin</em></span> <span class='ocrx_word' id='word_1_211' title='bbox 781 2309 867 2378; x_wconf 83' lang='lat' dir='ltr'>coelo,</span> <span class='ocrx_word' id='word_1_212' title='bbox 887 2319 917 2366; x_wconf 85' lang='lat' dir='ltr'><em>et</em></span> <span class='ocrx_word' id='word_1_213' title='bbox 931 2327 952 2368; x_wconf 77' lang='lat' dir='ltr'><em>a.</em></span> 
     </span>
     <span class='ocr_line' id='line_1_31' title="bbox 88 2377 952 2451; baseline -0.003 -14"><span class='ocrx_word' id='word_1_214' title='bbox 88 2383 94 2390; x_wconf 88' lang='lat'>&#39;</span> <span class='ocrx_word' id='word_1_215' title='bbox 141 2389 170 2438; x_wconf 83' lang='lat' dir='ltr'><em>te</em></span> <span class='ocrx_word' id='word_1_216' title='bbox 188 2380 253 2451; x_wconf 87' lang='lat' dir='ltr'><em>quid</em></span> <span class='ocrx_word' id='word_1_217' title='bbox 267 2379 341 2434; x_wconf 85' lang='lat' dir='ltr'><em>volui</em></span> <span class='ocrx_word' id='word_1_218' title='bbox 354 2384 552 2448; x_wconf 80' lang='lat' dir='ltr'>superterram,</span> <span class='ocrx_word' id='word_1_219' title='bbox 570 2377 645 2434; x_wconf 81' lang='lat' dir='ltr'><em>Deus</em></span> <span class='ocrx_word' id='word_1_220' title='bbox 655 2377 743 2434; x_wconf 84' lang='lat' dir='ltr'><em>cordis</em></span> <span class='ocrx_word' id='word_1_221' title='bbox 756 2379 817 2449; x_wconf 86' lang='lat' dir='ltr'><em>mei,</em></span> <span class='ocrx_word' id='word_1_222' title='bbox 837 2387 865 2434; x_wconf 76' lang='lat' dir='ltr'><em>ei</em></span> <span class='ocrx_word' id='word_1_223' title='bbox 880 2397 952 2450; x_wconf 75' lang='lat' dir='ltr'><em>pars</em></span> 
     </span>
     <span class='ocr_line' id='line_1_32' title="bbox 141 2448 667 2508; baseline -0.004 0"><span class='ocrx_word' id='word_1_224' title='bbox 141 2469 203 2508; x_wconf 80' lang='lat' dir='ltr'><em>mee</em></span> <span class='ocrx_word' id='word_1_225' title='bbox 220 2453 295 2508; x_wconf 88' lang='lat' dir='ltr'><em>Deus</em></span> <span class='ocrx_word' id='word_1_226' title='bbox 313 2452 341 2505; x_wconf 87' lang='lat' dir='ltr'><em>in</em></span> <span class='ocrx_word' id='word_1_227' title='bbox 359 2448 522 2506; x_wconf 79' lang='lat' dir='ltr'>aeternum.“</span> <span class='ocrx_word' id='word_1_228' title='bbox 559 2448 604 2504; x_wconf 90' lang='lat' dir='ltr'><em>Ps.</em></span> <span class='ocrx_word' id='word_1_229' title='bbox 624 2452 667 2506; x_wconf 80' lang='lat'><em>72.</em></span> 
     </span>
    </p>
   </div>
   <div class='ocr_carea' id='block_1_8' title="bbox 138 2531 953 2889">
    <p class='ocr_par' dir='ltr' id='par_1_9' title="bbox 138 2531 953 2889">
     <span class='ocr_line' id='line_1_33' title="bbox 178 2531 950 2601; baseline 0.005 -13"><span class='ocrx_word' id='word_1_230' title='bbox 178 2536 203 2588; x_wconf 89' lang='lat'><em>3.</em></span> <span class='ocrx_word' id='word_1_231' title='bbox 239 2533 320 2601; x_wconf 85' lang='lat' dir='ltr'>Ecce,</span> <span class='ocrx_word' id='word_1_232' title='bbox 338 2532 375 2586; x_wconf 90' lang='lat' dir='ltr'><em>mi</em></span> <span class='ocrx_word' id='word_1_233' title='bbox 393 2531 572 2586; x_wconf 76' lang='lat' dir='ltr'><em>amantissime</em></span> <span class='ocrx_word' id='word_1_234' title='bbox 590 2531 670 2586; x_wconf 82' lang='lat' dir='ltr'><em>Jesui</em></span> <span class='ocrx_word' id='word_1_235' title='bbox 696 2536 723 2584; x_wconf 80' lang='lat' dir='ltr'><em>te</em></span> <span class='ocrx_word' id='word_1_236' title='bbox 743 2531 882 2600; x_wconf 71' lang='lat' dir='ltr'><em>aspirante</em></span> <span class='ocrx_word' id='word_1_237' title='bbox 901 2533 950 2592; x_wconf 82' lang='lat' dir='ltr'><em>fir·</em></span> 
     </span>
     <span class='ocr_line' id='line_1_34' title="bbox 140 2601 951 2670; baseline 0.005 -12"><span class='ocrx_word' id='word_1_238' title='bbox 140 2605 221 2658; x_wconf 75' lang='lat' dir='ltr'><em>miser</em></span> <span class='ocrx_word' id='word_1_239' title='bbox 234 2609 332 2670; x_wconf 77' lang='lat' dir='ltr'><em>statuo,</em></span> <span class='ocrx_word' id='word_1_240' title='bbox 351 2602 456 2658; x_wconf 75' lang='lat' dir='ltr'><em>ardenti</em></span> <span class='ocrx_word' id='word_1_241' title='bbox 468 2601 547 2656; x_wconf 85' lang='lat' dir='ltr'>corde</span> <span class='ocrx_word' id='word_1_242' title='bbox 560 2602 633 2656; x_wconf 79' lang='lat' dir='ltr'><em>viem</em></span> <span class='ocrx_word' id='word_1_243' title='bbox 640 2601 828 2658; x_wconf 79' lang='lat' dir='ltr'>mendatorum</span> <span class='ocrx_word' id='word_1_244' title='bbox 836 2613 951 2662; x_wconf 80' lang='lat' dir='ltr'><strong>tuorum</strong></span> 
     </span>
     <span class='ocr_line' id='line_1_35' title="bbox 139 2672 953 2744; baseline 0.004 -13"><span class='ocrx_word' id='word_1_245' title='bbox 139 2689 261 2744; x_wconf 83' lang='lat' dir='ltr'>currere,</span> <span class='ocrx_word' id='word_1_246' title='bbox 289 2675 368 2742; x_wconf 84' lang='lat' dir='ltr'><em>probi</em></span> <span class='ocrx_word' id='word_1_247' title='bbox 386 2672 533 2729; x_wconf 78' lang='lat' dir='ltr'><em>sacerdotis</em></span> <span class='ocrx_word' id='word_1_248' title='bbox 557 2680 649 2740; x_wconf 74' lang='lat' dir='ltr'>partes</span> <span class='ocrx_word' id='word_1_249' title='bbox 677 2673 796 2744; x_wconf 86' lang='lat' dir='ltr'>explere,</span> <span class='ocrx_word' id='word_1_250' title='bbox 815 2685 953 2734; x_wconf 71' lang='lat' dir='ltr'><em>consuete</em></span> 
     </span>
     <span class='ocr_line' id='line_1_36' title="bbox 138 2743 952 2816; baseline 0.005 -14"><span class='ocrx_word' id='word_1_251' title='bbox 138 2747 249 2816; x_wconf 81' lang='lat' dir='ltr'><em>pietatis</em></span> <span class='ocrx_word' id='word_1_252' title='bbox 267 2744 356 2801; x_wconf 76' lang='lat' dir='ltr'><em>officie</em></span> <span class='ocrx_word' id='word_1_253' title='bbox 374 2746 471 2801; x_wconf 82' lang='lat' dir='ltr'>devote</span> <span class='ocrx_word' id='word_1_254' title='bbox 491 2743 574 2813; x_wconf 83' lang='lat' dir='ltr'><em>obire,</em></span> <span class='ocrx_word' id='word_1_255' title='bbox 593 2743 719 2798; x_wconf 72' lang='lat' dir='ltr'><em>virtutem</em></span> <span class='ocrx_word' id='word_1_256' title='bbox 737 2753 766 2801; x_wconf 78' lang='lat' dir='ltr'><em>et</em></span> <span class='ocrx_word' id='word_1_257' title='bbox 782 2749 952 2815; x_wconf 74' lang='lat' dir='ltr'><em>praesertim</em></span> 
     </span>
     <span class='ocr_line' id='line_1_37' title="bbox 138 2814 952 2889; baseline 0.002 -15"><span class='ocrx_word' id='word_1_258' title='bbox 138 2817 415 2888; x_wconf 61' lang='lat' dir='ltr'><em>parisiensem,</em></span> <span class='ocrx_word' id='word_1_259' title='bbox 439 2815 566 2872; x_wconf 78' lang='lat' dir='ltr'><em>universe</em></span> <span class='ocrx_word' id='word_1_260' title='bbox 589 2814 704 2883; x_wconf 80' lang='lat' dir='ltr'><em>denique</em></span> <span class='ocrx_word' id='word_1_261' title='bbox 730 2823 758 2874; x_wconf 86' lang='lat' dir='ltr'><em>et</em></span> <span class='ocrx_word' id='word_1_262' title='bbox 785 2819 894 2889; x_wconf 73' lang='lat' dir='ltr'><em>singula</em></span> <span class='ocrx_word' id='word_1_263' title='bbox 918 2820 952 2878; x_wconf 85' lang='lat' dir='ltr'><em>in</em></span> 
     </span>
    </p>
   </div>
   <div class='ocr_carea' id='block_1_9' title="bbox 0 0 1058 3228">
    <p class='ocr_par' dir='ltr' id='par_1_10' title="bbox 0 0 1058 3228">
     <span class='ocr_line' id='line_1_38' title="bbox 0 0 1058 3228; baseline 0 1"><span class='ocrx_word' id='word_1_264' title='bbox 0 0 1058 3228; x_wconf 95' lang='lat' dir='ltr'><em> </em></span> 
     </span>
    </p>
   </div>
   <div class='ocr_carea' id='block_1_10' title="bbox 1050 791 1055 1820">
    <p class='ocr_par' dir='ltr' id='par_1_11' title="bbox 1050 791 1055 1820">
     <span class='ocr_line' id='line_1_39' title="bbox 1050 791 1055 1820; baseline 0 0"><span class='ocrx_word' id='word_1_265' title='bbox 1050 791 1055 1820; x_wconf 95' lang='lat' dir='ltr'><em> </em></span> 
     </span>
    </p>
   </div>
  </div>
 </body>
</html>
