2108 3226
319 196 396 236 Prima
409 197 591 246 praeparationi
604 197 701 240 itiseem.
885 197 912 242 88

105 298 280 356 diffidentiae.
328 297 534 354 confundantur
558 299 603 367 qui
625 315 676 354 nos
700 307 910 372 persequuntm3

104 378 220 440 pereant
237 371 287 440 ilii,
306 357 362 437 qui
371 385 422 424 nos
439 370 553 439 perdere
571 370 707 426 festinant.

141 443 232 497 Faria
246 441 376 496 semesa.
395 442 456 495 Rex
472 442 605 510 virginum
620 448 647 496 et
666 448 769 496 ametor
782 443 911 500 castitatis

107 520 135 567 et
134 514 332 596 integritatis,
361 513 471 568 coelesti
488 527 550 568 rore
568 513 762 568 benedictionis
784 522 848 568 tuae
866 531 911 570 ex·
970 517 972 522 '

105 663 217 710 maneat
238 656 268 708 in
293 670 336 708 me
354 663 433 709 tenor
451 657 580 711 eastitatis
597 651 725 740 'corporis
754 663 782 710 et
800 657 912 713 animae.

105 726 270 781 Mortifiee
262 742 291 780 ιιι
308 726 435 781 membris
452 727 518 782 meis
532 727 618 782 carnis
632 727 753 782 stimulos
767 741 912 796 omnesque

106 797 268 852 libidinosas
286 798 486 866 commotiones,
509 805 537 852 et
560 798 595 851 ds
612 799 677 851 mihi
694 813 787 852 reram
806 805 834 852 et
850 813 911 868 per·

105 877 219 938 petuam
237 869 389 923 castitatem
407 885 466 922 oum
484 870 581 924 ceteris
600 867 677 923 donis
695 871 756 939 tuis,
775 885 845 938 quae
863 871 912 925 tibi

106 941 244 1010 placent'
235 957 265 993 ιιι
282 940 406 1008 veritate,
431 947 462 994 ιιι
479 940 637 994 sacrificium
654 940 741 996 laudis
760 949 835 996 casto
853 958 911 996 eor·

106 1027 175 1080 pore
195 1020 224 1066 et
241 1011 341 1065 mundo
366 1009 447 1065 corde
473 1011 577 1066 valeam
595 1011 644 1066 tibi
662 1011 767 1066 offerre.
805 1012 912 1080 Quanta

107 1084 180 1137 enim
199 1082 289 1136 cordis
303 1083 462 1143 counitione
481 1089 509 1136 et
521 1083 695 1152 lacrymarum
709 1082 791 1153 fonte,
811 1092 911 1152 qunnta

107 1155 265 1209 reverentia
282 1160 311 1207 et
327 1161 459 1222 tremore,
485 1160 586 1220 quanta
603 1155 724 1222 corporis
742 1156 865 1210 castitate
883 1163 911 1211 et

108 1227 215 1280 animae
229 1225 347 1292 puritate
360 1223 434 1280 istud
447 1223 565 1278 ιιιιιιιιιιιι
584 1232 612 1279 et
624 1225 739 1280 coeleste
754 1226 911 1282 sacrificinm

109 1304 150 1352 est
168 1295 368 1365 celebrandum,
397 1296 444 1349 ubi
462 1295 531 1351 (iero
549 1303 597 1350 tus
613 1295 641 1348 in
658 1297 772 1352 veritate
790 1299 910 1370 sumitur,

107 1369 155 1423 ubi
173 1367 292 1435 Sanguis
309 1374 372 1422 tuus
395 1368 424 1420 in
441 1367 555 1421 veritate
573 1367 680 1436 bibitur,
706 1368 777 1422 ubi
768 1384 824 1423 rme
841 1385 910 1424 sum·

107 1441 167 1508 mis,
186 1446 298 1494 terrene
316 1439 412 1493 divinis
429 1438 582 1506 iunguntur,
600 1439 646 1492 ubi
664 1438 742 1493 adest
759 1446 911 1502 sanctorum

108 1511 275 1580 Angelorum
293 1510 461 1578 praesentis,
485 1509 532 1563 ubi
549 1517 579 1564 iu
598 1525 627 1564 es
646 1509 804 1564 sacrificium
821 1518 850 1565 et
867 1527 909 1566 ss·

109 1581 206 1637 certios
223 1581 384 1635 mirabiliter
401 1587 429 1634 et
444 1579 615 1635 ineffabiliter
632 1581 806 1636 constituturi

143 1654 234 1707 Faria
251 1653 341 1708 tortio
377 1651 443 1719 Quis
472 1651 550 1720 digne
577 1652 629 1706 hoc
655 1649 814 1705 sucrificium
841 1652 909 1707 celo-

108 1725 188 1778 brare
202 1725 312 1791 poterit,
336 1723 389 1778 uisi
407 1731 446 1792 to,
463 1723 539 1777 Deus
559 1723 735 1792 omnipotens,
754 1722 909 1778 offerentem

108 1795 206 1850 feceris
222 1794 353 1862 dignum?
381 1794 451 1863 Seio,
470 1795 592 1862 Domine,
611 1801 640 1847 et
652 1809 716 1848 vere
731 1795 795 1863 scio,
825 1801 853 1848 et
869 1794 908 1849 id·

108 1869 197 1936 ipsum
215 1867 311 1934 pietati
329 1873 392 1920 tuce
416 1863 552 1934 confiteor,
578 1865 711 1932 quianon
736 1881 795 1920 sum
804 1865 909 1950 ‘dignus

109 1938 240 1993 accedere
260 1937 295 1990 ad
312 1943 416 1991 tantum
433 1938 588 2006 mysterium
612 1943 725 2005 propter
748 1937 829 1991 nimia
846 1953 908 2006 pec-

109 2018 169 2064 cata
182 2023 246 2062 mes
259 2016 288 2062 et
299 2007 417 2062 infinitas
430 2008 605 2080 negligentias
619 2023 701 2062 meas.
730 2007 784 2062 Sed
797 2009 861 2078 scio,
882 2015 910 2062 et

109 2081 244 2136 veraciter
261 2095 295 2133 ex
313 2086 371 2134 toto
389 2074 470 2134 corde
487 2094 548 2134 meo
566 2077 646 2132 eredo
665 2085 693 2133 et
706 2093 752 2133 ore
771 2078 909 2148 confiteor,

110 2154 172 2220 quia
189 2159 222 2206 tu
239 2159 374 2218 potesne
388 2143 478 2204 iecere
498 2149 614 2218 dignum,
633 2151 679 2217 qui
692 2150 765 2205 solus
778 2159 857 2219 potes
869 2149 909 2204 is·

110 2239 169 2278 cere
188 2221 318 2276 mundum
332 2222 365 2275 de
379 2220 514 2275 immundo
529 2228 687 2289 conceptum
700 2223 809 2290 semine,
828 2230 855 2276 et
875 2220 909 2275 de

109 2294 296 2362 peccatoribus
313 2295 400 2348 iustos
426 2298 453 2347 et
471 2299 585 2346 sanctos.
622 2292 676 2346 Per
698 2293 768 2346 hene
789 2292 909 2360 omnipo-

109 2367 221 2420 tentiam
242 2372 317 2419 tnam
342 2370 369 2418 te
396 2379 476 2432 rogo,
502 2363 578 2418 Deus
604 2378 692 2432 meus,
720 2372 750 2418 ut
778 2363 909 2418 concedas

109 2437 171 2491 mihi
184 2436 324 2505 peccatori
343 2436 395 2490 boc
413 2433 571 2490 sacrificinm
584 2435 719 2489 celebrare
741 2451 800 2489 cum
813 2435 909 2488 timore

111 2517 136 2563 et
160 2517 296 2574 tremore,
331 2523 393 2561 cum
420 2505 508 2561 cordis
534 2506 653 2574 puritate
681 2513 709 2560 et
733 2505 909 2574 lacrymarum

110 2579 189 2648 ionte,
210 2595 271 2634 cum
283 2579 389 2633 laetitio
406 2577 519 2647 spiritali
537 2584 565 2632 et
578 2577 688 2632 coelesti
706 2575 813 2645 gaudio.
844 2575 909 2629 San·

111 2652 156 2706 tiat
173 2665 251 2705 mens
275 2665 335 2704 mes
354 2647 522 2704 dulcedinem
545 2649 715 2703 beatissimae
739 2647 909 2715 praesentiae

112 2731 170 2776 tuae
198 2728 227 2776 et
244 2721 371 2776 excubias
397 2727 550 2776 sanctorum
566 2719 731 2788 Angelomm
756 2724 865 2772 tuorum
881 2717 910 2770 in

112 2793 221 2848 eircmtu
237 2808 306 2848 meo.

146 2865 233 2920 Foris
250 2869 359 2934 qurum.
391 2861 452 2931 Ego
472 2862 550 2932 enim,
568 2861 692 2929 Domine,
712 2872 815 2913 memor
830 2867 911 2907 vene·
