<?xml version="1.0" encoding="UTF-8"?>
<!DOCTYPE html PUBLIC "-//W3C//DTD XHTML 1.0 Transitional//EN"
    "http://www.w3.org/TR/xhtml1/DTD/xhtml1-transitional.dtd">
<html xmlns="http://www.w3.org/1999/xhtml" xml:lang="en" lang="en">
 <head>
  <title>
</title>
<meta http-equiv="Content-Type" content="text/html;charset=utf-8" />
  <meta name='ocr-system' content='tesseract 3.04.00' />
  <meta name='ocr-capabilities' content='ocr_page ocr_carea ocr_par ocr_line ocrx_word'/>
</head>
<body>
  <div class='ocr_page' id='page_1' title='image "./manualesacerdot00schngoog_0465.png"; bbox 0 0 2130 3242; ppageno 0'>
   <div class='ocr_carea' id='block_1_1' title="bbox 329 191 910 235">
    <p class='ocr_par' dir='ltr' id='par_1_1' title="bbox 329 191 910 235">
     <span class='ocr_line' id='line_1_1' title="bbox 329 191 910 235; baseline 0 -1"><span class='ocrx_word' id='word_1_1' title='bbox 329 193 362 234; x_wconf 86' lang='lat' dir='ltr'><strong>De</strong></span> <span class='ocrx_word' id='word_1_2' title='bbox 377 193 518 234; x_wconf 73' lang='lat' dir='ltr'><strong>Sacramenta</strong></span> <span class='ocrx_word' id='word_1_3' title='bbox 532 193 687 234; x_wconf 80' lang='lat' dir='ltr'><strong>Paenitentiao.</strong></span> <span class='ocrx_word' id='word_1_4' title='bbox 870 191 910 235; x_wconf 75' lang='lat'><strong>⁴85</strong></span> 
     </span>
    </p>
   </div>
   <div class='ocr_carea' id='block_1_2' title="bbox 107 293 911 1004">
    <p class='ocr_par' dir='ltr' id='par_1_2' title="bbox 107 293 911 862">
     <span class='ocr_line' id='line_1_2' title="bbox 107 293 909 363; baseline 0.002 -14"><span class='ocrx_word' id='word_1_5' title='bbox 107 308 206 363; x_wconf 83' lang='lat' dir='ltr'><strong>rogare</strong></span> <span class='ocrx_word' id='word_1_6' title='bbox 220 293 314 362; x_wconf 88' lang='lat' dir='ltr'><strong>possit,</strong></span> <span class='ocrx_word' id='word_1_7' title='bbox 334 293 487 349; x_wconf 84' lang='lat' dir='ltr'><strong>sicondit-io</strong></span> <span class='ocrx_word' id='word_1_8' title='bbox 505 293 667 363; x_wconf 90' lang='lat' dir='ltr'><strong>poenitentis</strong></span> <span class='ocrx_word' id='word_1_9' title='bbox 686 293 752 349; x_wconf 87' lang='lat' dir='ltr'><strong>illud</strong></span> <span class='ocrx_word' id='word_1_10' title='bbox 772 295 909 363; x_wconf 88' lang='lat' dir='ltr'><strong>postulare</strong></span> 
     </span>
     <span class='ocr_line' id='line_1_3' title="bbox 109 364 911 433; baseline 0.005 -15"><span class='ocrx_word' id='word_1_11' title='bbox 109 365 249 433; x_wconf 82' lang='lat' dir='ltr'><strong>videatur3</strong></span> <span class='ocrx_word' id='word_1_12' title='bbox 282 380 359 420; x_wconf 88' lang='lat' dir='ltr'><strong>secus</strong></span> <span class='ocrx_word' id='word_1_13' title='bbox 391 366 460 419; x_wconf 92' lang='lat' dir='ltr'><strong>enim</strong></span> <span class='ocrx_word' id='word_1_14' title='bbox 485 366 630 420; x_wconf 83' lang='lat' dir='ltr'><strong>innumeris</strong></span> <span class='ocrx_word' id='word_1_15' title='bbox 659 364 855 421; x_wconf 86' lang='lat' dir='ltr'><strong>difficultatibus</strong></span> <span class='ocrx_word' id='word_1_16' title='bbox 883 375 911 423; x_wconf 97' lang='lat' dir='ltr'><strong>et</strong></span> 
     </span>
     <span class='ocr_line' id='line_1_4' title="bbox 109 435 910 506; baseline -0.001 -14"><span class='ocrx_word' id='word_1_17' title='bbox 109 436 243 504; x_wconf 84' lang='lat' dir='ltr'><strong>scmpulis</strong></span> <span class='ocrx_word' id='word_1_18' title='bbox 260 435 335 491; x_wconf 89' lang='lat' dir='ltr'><strong>locus</strong></span> <span class='ocrx_word' id='word_1_19' title='bbox 352 435 431 504; x_wconf 81' lang='lat' dir='ltr'><strong>foret,</strong></span> <span class='ocrx_word' id='word_1_20' title='bbox 450 453 509 491; x_wconf 92' lang='lat' dir='ltr'><strong>cum</strong></span> <span class='ocrx_word' id='word_1_21' title='bbox 528 435 707 490; x_wconf 88' lang='lat' dir='ltr'><strong>difficillimum</strong></span> <span class='ocrx_word' id='word_1_22' title='bbox 726 438 769 506; x_wconf 91' lang='lat' dir='ltr'><strong>sit,</strong></span> <span class='ocrx_word' id='word_1_23' title='bbox 792 438 910 504; x_wconf 91' lang='lat' dir='ltr'><strong>aequali-</strong></span> 
     </span>
     <span class='ocr_line' id='line_1_5' title="bbox 110 507 910 577; baseline -0.001 -14"><span class='ocrx_word' id='word_1_24' title='bbox 110 515 195 563; x_wconf 87' lang='lat' dir='ltr'><strong>tatem</strong></span> <span class='ocrx_word' id='word_1_25' title='bbox 213 507 334 561; x_wconf 83' lang='lat' dir='ltr'><strong>invenire</strong></span> <span class='ocrx_word' id='word_1_26' title='bbox 351 508 380 561; x_wconf 91' lang='lat' dir='ltr'><strong>in</strong></span> <span class='ocrx_word' id='word_1_27' title='bbox 397 508 479 562; x_wconf 91' lang='lat' dir='ltr'><strong>rebus</strong></span> <span class='ocrx_word' id='word_1_28' title='bbox 499 509 604 562; x_wconf 91' lang='lat' dir='ltr'><strong>omnino</strong></span> <span class='ocrx_word' id='word_1_29' title='bbox 624 507 775 577; x_wconf 79' lang='lat' dir='ltr'><strong>disparatis,</strong></span> <span class='ocrx_word' id='word_1_30' title='bbox 794 515 821 562; x_wconf 93' lang='lat' dir='ltr'><strong>et</strong></span> <span class='ocrx_word' id='word_1_31' title='bbox 840 524 910 562; x_wconf 90' lang='lat' dir='ltr'><strong>com·</strong></span> 
     </span>
     <span class='ocr_line' id='line_1_6' title="bbox 110 577 909 648; baseline 0 -14"><span class='ocrx_word' id='word_1_32' title='bbox 110 578 224 634; x_wconf 87' lang='lat' dir='ltr'><strong>mutatio</strong></span> <span class='ocrx_word' id='word_1_33' title='bbox 242 577 302 632; x_wconf 87' lang='lat' dir='ltr'><strong>fieri</strong></span> <span class='ocrx_word' id='word_1_34' title='bbox 320 578 417 634; x_wconf 91' lang='lat' dir='ltr'><strong>debeat</strong></span> <span class='ocrx_word' id='word_1_35' title='bbox 434 579 461 632; x_wconf 93' lang='lat' dir='ltr'><strong>in</strong></span> <span class='ocrx_word' id='word_1_36' title='bbox 480 579 667 634; x_wconf 76' lang='lat' dir='ltr'>allevationem</span> <span class='ocrx_word' id='word_1_37' title='bbox 686 579 757 648; x_wconf 90' lang='lat' dir='ltr'><strong>eius,</strong></span> <span class='ocrx_word' id='word_1_38' title='bbox 785 579 831 646; x_wconf 91' lang='lat' dir='ltr'><strong>qui</strong></span> <span class='ocrx_word' id='word_1_39' title='bbox 849 594 909 634; x_wconf 90' lang='lat' dir='ltr'><strong>sese</strong></span> 
     </span>
     <span class='ocr_line' id='line_1_7' title="bbox 110 649 911 718; baseline 0.002 -16"><span class='ocrx_word' id='word_1_40' title='bbox 110 656 177 706; x_wconf 89' lang='lat' dir='ltr'><strong>veto</strong></span> <span class='ocrx_word' id='word_1_41' title='bbox 191 649 342 706; x_wconf 85' lang='lat' dir='ltr'><strong>obstrinxit.</strong></span> <span class='ocrx_word' id='word_1_42' title='bbox 368 649 521 706; x_wconf 90' lang='lat' dir='ltr'><strong>Meminerit</strong></span> <span class='ocrx_word' id='word_1_43' title='bbox 533 657 623 704; x_wconf 86' lang='lat' dir='ltr'><strong>tamen</strong></span> <span class='ocrx_word' id='word_1_44' title='bbox 637 649 824 718; x_wconf 84' lang='lat' dir='ltr'><strong>confessarius,</strong></span> <span class='ocrx_word' id='word_1_45' title='bbox 839 665 868 704; x_wconf 91' lang='lat' dir='ltr'><strong>se</strong></span> <span class='ocrx_word' id='word_1_46' title='bbox 882 651 911 705; x_wconf 89' lang='lat' dir='ltr'><strong>in</strong></span> 
     </span>
     <span class='ocr_line' id='line_1_8' title="bbox 109 721 910 790; baseline 0.002 -16"><span class='ocrx_word' id='word_1_47' title='bbox 109 721 910 790; x_wconf 83' lang='lat' dir='ltr'><strong>ioroPoenitentiaedivinaevoluntatisinterpretemconsti·</strong></span> 
     </span>
     <span class='ocr_line' id='line_1_9' title="bbox 110 792 910 862; baseline 0.004 -14"><span class='ocrx_word' id='word_1_48' title='bbox 110 793 160 862; x_wconf 89' lang='lat' dir='ltr'><strong>tui,</strong></span> <span class='ocrx_word' id='word_1_49' title='bbox 179 792 318 859; x_wconf 85' lang='lat' dir='ltr'>tenerique</span> <span class='ocrx_word' id='word_1_50' title='bbox 333 800 395 847; x_wconf 86' lang='lat' dir='ltr'><strong>ante</strong></span> <span class='ocrx_word' id='word_1_51' title='bbox 414 793 503 847; x_wconf 89' lang='lat' dir='ltr'><strong>onmia</strong></span> <span class='ocrx_word' id='word_1_52' title='bbox 519 793 605 861; x_wconf 90' lang='lat' dir='ltr'><strong>ipsius</strong></span> <span class='ocrx_word' id='word_1_53' title='bbox 617 793 744 861; x_wconf 91' lang='lat' dir='ltr'><strong>placitum</strong></span> <span class='ocrx_word' id='word_1_54' title='bbox 762 792 910 851; x_wconf 72' lang='lat' dir='ltr'><strong>amendere.</strong></span> 
     </span>
    </p>

    <p class='ocr_par' dir='ltr' id='par_1_3' title="bbox 110 863 911 1004">
     <span class='ocr_line' id='line_1_10' title="bbox 147 863 910 919; baseline 0 -1"><span class='ocrx_word' id='word_1_55' title='bbox 147 865 180 918; x_wconf 92' lang='lat' dir='ltr'><strong>In</strong></span> <span class='ocrx_word' id='word_1_56' title='bbox 199 864 269 918; x_wconf 91' lang='lat' dir='ltr'><strong>votis</strong></span> <span class='ocrx_word' id='word_1_57' title='bbox 283 863 476 918; x_wconf 73' lang='lat' dir='ltr'><strong>commutandis</strong></span> <span class='ocrx_word' id='word_1_58' title='bbox 494 864 650 919; x_wconf 83' lang='lat' dir='ltr'><strong>confessarii</strong></span> <span class='ocrx_word' id='word_1_59' title='bbox 662 865 793 919; x_wconf 91' lang='lat' dir='ltr'><strong>rationem</strong></span> <span class='ocrx_word' id='word_1_60' title='bbox 808 863 910 918; x_wconf 89' lang='lat' dir='ltr'><strong>habere</strong></span> 
     </span>
     <span class='ocr_line' id='line_1_11' title="bbox 110 935 911 1004; baseline 0.001 -15"><span class='ocrx_word' id='word_1_61' title='bbox 110 935 212 990; x_wconf 87' lang='lat' dir='ltr'><strong>debent</strong></span> <span class='ocrx_word' id='word_1_62' title='bbox 236 942 388 1002; x_wconf 81' lang='lat' dir='ltr'><strong>sumptuum</strong></span> <span class='ocrx_word' id='word_1_63' title='bbox 415 942 443 989; x_wconf 91' lang='lat' dir='ltr'><strong>et</strong></span> <span class='ocrx_word' id='word_1_64' title='bbox 466 935 602 1004; x_wconf 89' lang='lat' dir='ltr'><strong>laborum,</strong></span> <span class='ocrx_word' id='word_1_65' title='bbox 630 951 698 1003; x_wconf 87' lang='lat' dir='ltr'><strong>quos</strong></span> <span class='ocrx_word' id='word_1_66' title='bbox 722 936 911 992; x_wconf 86' lang='lat' dir='ltr'><strong>sustinuissent</strong></span> 
     </span>
    </p>
   </div>
   <div class='ocr_carea' id='block_1_3' title="bbox 13 1005 909 1075">
    <p class='ocr_par' dir='ltr' id='par_1_4' title="bbox 13 1005 909 1075">
     <span class='ocr_line' id='line_1_12' title="bbox 13 1005 909 1075; baseline 0.001 -15"><span class='ocrx_word' id='word_1_67' title='bbox 13 1049 14 1074; x_wconf 50' lang='lat'>2</span> <span class='ocrx_word' id='word_1_68' title='bbox 109 1006 289 1075; x_wconf 88' lang='lat' dir='ltr'><strong>poenitentes,</strong></span> <span class='ocrx_word' id='word_1_69' title='bbox 308 1007 331 1062; x_wconf 91' lang='lat' dir='ltr'><strong>si</strong></span> <span class='ocrx_word' id='word_1_70' title='bbox 349 1021 382 1060; x_wconf 88' lang='lat' dir='ltr'><strong>ea</strong></span> <span class='ocrx_word' id='word_1_71' title='bbox 399 1005 597 1075; x_wconf 80' lang='lat' dir='ltr'><strong>implevissent3</strong></span> <span class='ocrx_word' id='word_1_72' title='bbox 615 1006 730 1074; x_wconf 87' lang='lat' dir='ltr'><strong>ideoque</strong></span> <span class='ocrx_word' id='word_1_73' title='bbox 743 1008 809 1075; x_wconf 90' lang='lat' dir='ltr'><strong>ipsis</strong></span> <span class='ocrx_word' id='word_1_74' title='bbox 823 1007 909 1061; x_wconf 86' lang='lat' dir='ltr'><strong>iniun-</strong></span> 
     </span>
    </p>
   </div>
   <div class='ocr_carea' id='block_1_4' title="bbox 107 1077 909 2001">
    <p class='ocr_par' dir='ltr' id='par_1_5' title="bbox 107 1077 909 2001">
     <span class='ocr_line' id='line_1_13' title="bbox 109 1077 909 1150; baseline -0.001 -18"><span class='ocrx_word' id='word_1_75' title='bbox 109 1085 176 1146; x_wconf 81' lang='lat' dir='ltr'><strong>gant</strong></span> <span class='ocrx_word' id='word_1_76' title='bbox 193 1092 244 1146; x_wconf 89' lang='lat' dir='ltr'><strong>pro</strong></span> <span class='ocrx_word' id='word_1_77' title='bbox 261 1077 401 1146; x_wconf 84' lang='lat' dir='ltr'><strong>impensis,</strong></span> <span class='ocrx_word' id='word_1_78' title='bbox 430 1093 497 1150; x_wconf 86' lang='lat' dir='ltr'><strong>quas</strong></span> <span class='ocrx_word' id='word_1_79' title='bbox 514 1077 652 1147; x_wconf 86' lang='lat' dir='ltr'><strong>fecissent,</strong></span> <span class='ocrx_word' id='word_1_80' title='bbox 681 1079 863 1148; x_wconf 86' lang='lat' dir='ltr'><strong>eleemosynas</strong></span> <span class='ocrx_word' id='word_1_81' title='bbox 880 1078 909 1131; x_wconf 93' lang='lat' dir='ltr'><strong>in</strong></span> 
     </span>
     <span class='ocr_line' id='line_1_14' title="bbox 108 1148 908 1218; baseline -0.001 -15"><span class='ocrx_word' id='word_1_82' title='bbox 108 1163 245 1217; x_wconf 82' lang='lat' dir='ltr'><strong>pauperes</strong></span> <span class='ocrx_word' id='word_1_83' title='bbox 270 1148 371 1202; x_wconf 90' lang='lat' dir='ltr'><strong>aliosve</strong></span> <span class='ocrx_word' id='word_1_84' title='bbox 396 1148 456 1217; x_wconf 89' lang='lat' dir='ltr'><strong>pios</strong></span> <span class='ocrx_word' id='word_1_85' title='bbox 479 1165 546 1204; x_wconf 89' lang='lat' dir='ltr'><strong>usus</strong></span> <span class='ocrx_word' id='word_1_86' title='bbox 570 1149 779 1218; x_wconf 88' lang='lat' dir='ltr'><strong>convertendas,</strong></span> <span class='ocrx_word' id='word_1_87' title='bbox 807 1157 834 1205; x_wconf 92' lang='lat' dir='ltr'><strong>et</strong></span> <span class='ocrx_word' id='word_1_88' title='bbox 858 1165 908 1217; x_wconf 91' lang='lat' dir='ltr'><strong>pro</strong></span> 
     </span>
     <span class='ocr_line' id='line_1_15' title="bbox 110 1219 908 1288; baseline 0 -14"><span class='ocrx_word' id='word_1_89' title='bbox 110 1219 239 1288; x_wconf 87' lang='lat' dir='ltr'><strong>operibus</strong></span> <span class='ocrx_word' id='word_1_90' title='bbox 257 1219 396 1288; x_wconf 91' lang='lat' dir='ltr'><strong>promissis</strong></span> <span class='ocrx_word' id='word_1_91' title='bbox 415 1220 468 1276; x_wconf 87' lang='lat' dir='ltr'><strong>alia</strong></span> <span class='ocrx_word' id='word_1_92' title='bbox 485 1235 576 1288; x_wconf 88' lang='lat' dir='ltr'><strong>opero,</strong></span> <span class='ocrx_word' id='word_1_93' title='bbox 596 1235 664 1288; x_wconf 90' lang='lat' dir='ltr'><strong>quae</strong></span> <span class='ocrx_word' id='word_1_94' title='bbox 679 1220 714 1276; x_wconf 92' lang='lat' dir='ltr'><strong>ad</strong></span> <span class='ocrx_word' id='word_1_95' title='bbox 728 1236 821 1276; x_wconf 87' lang='lat' dir='ltr'><strong>eorum</strong></span> <span class='ocrx_word' id='word_1_96' title='bbox 838 1221 908 1276; x_wconf 88' lang='lat' dir='ltr'><strong>salu·</strong></span> 
     </span>
     <span class='ocr_line' id='line_1_16' title="bbox 107 1289 909 1360; baseline 0 -15"><span class='ocrx_word' id='word_1_97' title='bbox 107 1299 165 1346; x_wconf 85' lang='lat' dir='ltr'><strong>tem</strong></span> <span class='ocrx_word' id='word_1_98' title='bbox 191 1291 340 1358; x_wconf 87' lang='lat' dir='ltr'><strong>aequaliter</strong></span> <span class='ocrx_word' id='word_1_99' title='bbox 363 1289 512 1345; x_wconf 88' lang='lat' dir='ltr'><strong>conducere</strong></span> <span class='ocrx_word' id='word_1_100' title='bbox 539 1290 696 1346; x_wconf 88' lang='lat' dir='ltr'><strong>videantur:</strong></span> <span class='ocrx_word' id='word_1_101' title='bbox 724 1308 751 1347; x_wconf 85' lang='lat' dir='ltr'><strong>v.</strong></span> <span class='ocrx_word' id='word_1_102' title='bbox 769 1308 795 1360; x_wconf 81' lang='lat' dir='ltr'><strong>g.</strong></span> <span class='ocrx_word' id='word_1_103' title='bbox 815 1291 909 1346; x_wconf 84' lang='lat' dir='ltr'><strong>Sacra·</strong></span> 
     </span>
     <span class='ocr_line' id='line_1_17' title="bbox 108 1361 909 1429; baseline 0 -13"><span class='ocrx_word' id='word_1_104' title='bbox 108 1369 260 1418; x_wconf 86' lang='lat' dir='ltr'><strong>mentorum</strong></span> <span class='ocrx_word' id='word_1_105' title='bbox 272 1362 457 1417; x_wconf 87' lang='lat' dir='ltr'><strong>Paenitentiae</strong></span> <span class='ocrx_word' id='word_1_106' title='bbox 472 1370 499 1416; x_wconf 88' lang='lat' dir='ltr'><strong>et</strong></span> <span class='ocrx_word' id='word_1_107' title='bbox 507 1362 693 1417; x_wconf 82' lang='lat' dir='ltr'><strong>Eucharistiae</strong></span> <span class='ocrx_word' id='word_1_108' title='bbox 701 1361 909 1429; x_wconf 83' lang='lat' dir='ltr'><strong>frequentiorem</strong></span> 
     </span>
     <span class='ocr_line' id='line_1_18' title="bbox 108 1433 909 1502; baseline -0.001 -13"><span class='ocrx_word' id='word_1_109' title='bbox 108 1450 197 1501; x_wconf 88' lang='lat' dir='ltr'><strong>usum,</strong></span> <span class='ocrx_word' id='word_1_110' title='bbox 221 1433 281 1502; x_wconf 88' lang='lat' dir='ltr'><strong>pias</strong></span> <span class='ocrx_word' id='word_1_111' title='bbox 298 1433 435 1501; x_wconf 88' lang='lat' dir='ltr'><strong>lectiones,</strong></span> <span class='ocrx_word' id='word_1_112' title='bbox 465 1434 593 1488; x_wconf 89' lang='lat' dir='ltr'><strong>orationis</strong></span> <span class='ocrx_word' id='word_1_113' title='bbox 611 1434 734 1488; x_wconf 90' lang='lat' dir='ltr'><strong>mentalis</strong></span> <span class='ocrx_word' id='word_1_114' title='bbox 753 1434 909 1488; x_wconf 82' lang='lat' dir='ltr'><strong>exercitium</strong></span> 
     </span>
     <span class='ocr_line' id='line_1_19' title="bbox 109 1503 909 1572; baseline -0.001 -13"><span class='ocrx_word' id='word_1_115' title='bbox 109 1513 138 1560; x_wconf 94' lang='lat' dir='ltr'><strong>et</strong></span> <span class='ocrx_word' id='word_1_116' title='bbox 156 1505 210 1558; x_wconf 88' lang='lat' dir='ltr'><strong>alia</strong></span> <span class='ocrx_word' id='word_1_117' title='bbox 232 1503 261 1558; x_wconf 92' lang='lat' dir='ltr'><strong>id</strong></span> <span class='ocrx_word' id='word_1_118' title='bbox 284 1519 376 1572; x_wconf 83' lang='lat' dir='ltr'><strong>genus.</strong></span> <span class='ocrx_word' id='word_1_119' title='bbox 414 1504 442 1558; x_wconf 82' lang='lat' dir='ltr'><strong>Si</strong></span> <span class='ocrx_word' id='word_1_120' title='bbox 465 1511 557 1558; x_wconf 90' lang='lat' dir='ltr'><strong>votum</strong></span> <span class='ocrx_word' id='word_1_121' title='bbox 581 1503 713 1558; x_wconf 87' lang='lat' dir='ltr'><strong>redundet</strong></span> <span class='ocrx_word' id='word_1_122' title='bbox 737 1503 765 1556; x_wconf 91' lang='lat' dir='ltr'><strong>in</strong></span> <span class='ocrx_word' id='word_1_123' title='bbox 789 1503 909 1558; x_wconf 88' lang='lat' dir='ltr'><strong>favorem</strong></span> 
     </span>
     <span class='ocr_line' id='line_1_20' title="bbox 107 1574 909 1645; baseline -0.005 -13"><span class='ocrx_word' id='word_1_124' title='bbox 107 1577 192 1645; x_wconf 90' lang='lat' dir='ltr'><strong>tertii,</strong></span> <span class='ocrx_word' id='word_1_125' title='bbox 217 1591 243 1629; x_wconf 84' lang='lat' dir='ltr'><strong>v.</strong></span> <span class='ocrx_word' id='word_1_126' title='bbox 262 1592 288 1644; x_wconf 79' lang='lat' dir='ltr'><strong>g.</strong></span> <span class='ocrx_word' id='word_1_127' title='bbox 307 1576 330 1630; x_wconf 91' lang='lat' dir='ltr'><strong>si</strong></span> <span class='ocrx_word' id='word_1_128' title='bbox 348 1575 408 1642; x_wconf 91' lang='lat' dir='ltr'><strong>quis</strong></span> <span class='ocrx_word' id='word_1_129' title='bbox 425 1575 531 1630; x_wconf 90' lang='lat' dir='ltr'><strong>voverit</strong></span> <span class='ocrx_word' id='word_1_130' title='bbox 548 1575 790 1643; x_wconf 79' lang='lat' dir='ltr'><strong>peregrinationem</strong></span> <span class='ocrx_word' id='word_1_131' title='bbox 809 1574 844 1628; x_wconf 91' lang='lat' dir='ltr'><strong>ad</strong></span> <span class='ocrx_word' id='word_1_132' title='bbox 862 1575 909 1628; x_wconf 89' lang='lat' dir='ltr'><strong>ali-</strong></span> 
     </span>
     <span class='ocr_line' id='line_1_21' title="bbox 108 1645 909 1715; baseline -0.005 -13"><span class='ocrx_word' id='word_1_133' title='bbox 108 1663 190 1715; x_wconf 86' lang='lat' dir='ltr'><strong>quam</strong></span> <span class='ocrx_word' id='word_1_134' title='bbox 206 1646 344 1702; x_wconf 90' lang='lat' dir='ltr'><strong>ecclesiam</strong></span> <span class='ocrx_word' id='word_1_135' title='bbox 358 1654 385 1702; x_wconf 88' lang='lat' dir='ltr'><strong>et</strong></span> <span class='ocrx_word' id='word_1_136' title='bbox 399 1646 561 1702; x_wconf 89' lang='lat' dir='ltr'><strong>oblationem</strong></span> <span class='ocrx_word' id='word_1_137' title='bbox 573 1647 602 1700; x_wconf 93' lang='lat' dir='ltr'><strong>in</strong></span> <span class='ocrx_word' id='word_1_138' title='bbox 616 1661 649 1700; x_wconf 86' lang='lat' dir='ltr'><strong>ea</strong></span> <span class='ocrx_word' id='word_1_139' title='bbox 661 1645 818 1713; x_wconf 85' lang='lat' dir='ltr'><strong>faciendam,</strong></span> <span class='ocrx_word' id='word_1_140' title='bbox 832 1659 909 1713; x_wconf 91' lang='lat' dir='ltr'><strong>pere·</strong></span> 
     </span>
     <span class='ocr_line' id='line_1_22' title="bbox 108 1716 909 1787; baseline -0.002 -15"><span class='ocrx_word' id='word_1_141' title='bbox 108 1718 226 1787; x_wconf 81' lang='lat' dir='ltr'><strong>grinatio</strong></span> <span class='ocrx_word' id='word_1_142' title='bbox 251 1718 279 1771; x_wconf 91' lang='lat' dir='ltr'><strong>in</strong></span> <span class='ocrx_word' id='word_1_143' title='bbox 303 1717 376 1772; x_wconf 91' lang='lat' dir='ltr'><strong>aliud</strong></span> <span class='ocrx_word' id='word_1_144' title='bbox 400 1733 468 1786; x_wconf 91' lang='lat' dir='ltr'><strong>opus</strong></span> <span class='ocrx_word' id='word_1_145' title='bbox 493 1719 591 1772; x_wconf 86' lang='lat' dir='ltr'><strong>mutari</strong></span> <span class='ocrx_word' id='word_1_146' title='bbox 613 1716 780 1784; x_wconf 78' lang='lat' dir='ltr'><strong>madebat,</strong></span> <span class='ocrx_word' id='word_1_147' title='bbox 806 1716 859 1770; x_wconf 92' lang='lat' dir='ltr'><strong>nisi</strong></span> <span class='ocrx_word' id='word_1_148' title='bbox 876 1731 909 1770; x_wconf 90' lang='lat' dir='ltr'><strong>ea</strong></span> 
     </span>
     <span class='ocr_line' id='line_1_23' title="bbox 107 1787 909 1858; baseline -0.005 -14"><span class='ocrx_word' id='word_1_149' title='bbox 107 1791 179 1858; x_wconf 81' lang='lat' dir='ltr'><strong>lege,</strong></span> <span class='ocrx_word' id='word_1_150' title='bbox 205 1796 236 1844; x_wconf 90' lang='lat' dir='ltr'><strong>ut</strong></span> <span class='ocrx_word' id='word_1_151' title='bbox 253 1788 353 1843; x_wconf 89' lang='lat' dir='ltr'><strong>oblatio</strong></span> <span class='ocrx_word' id='word_1_152' title='bbox 371 1797 525 1857; x_wconf 86' lang='lat' dir='ltr'><strong>nuncupata</strong></span> <span class='ocrx_word' id='word_1_153' title='bbox 541 1788 589 1842; x_wconf 88' lang='lat' dir='ltr'><strong>fiat</strong></span> <span class='ocrx_word' id='word_1_154' title='bbox 607 1788 694 1842; x_wconf 88' lang='lat' dir='ltr'><strong>eidem</strong></span> <span class='ocrx_word' id='word_1_155' title='bbox 713 1787 841 1842; x_wconf 89' lang='lat' dir='ltr'><strong>eeclesiae</strong></span> <span class='ocrx_word' id='word_1_156' title='bbox 860 1801 909 1855; x_wconf 89' lang='lat' dir='ltr'><strong>per</strong></span> 
     </span>
     <span class='ocr_line' id='line_1_24' title="bbox 109 1858 909 1928; baseline -0.005 -12"><span class='ocrx_word' id='word_1_157' title='bbox 109 1862 228 1928; x_wconf 85' lang='lat' dir='ltr'><strong>aliquem</strong></span> <span class='ocrx_word' id='word_1_158' title='bbox 245 1861 374 1915; x_wconf 80' lang='lat' dir='ltr'><strong>nundum.</strong></span> <span class='ocrx_word' id='word_1_159' title='bbox 412 1860 440 1914; x_wconf 83' lang='lat' dir='ltr'><strong>Si</strong></span> <span class='ocrx_word' id='word_1_160' title='bbox 464 1870 554 1914; x_wconf 83' lang='lat' dir='ltr'><strong>tamen</strong></span> <span class='ocrx_word' id='word_1_161' title='bbox 579 1860 678 1915; x_wconf 88' lang='lat' dir='ltr'><strong>oblatio</strong></span> <span class='ocrx_word' id='word_1_162' title='bbox 702 1858 846 1914; x_wconf 85' lang='lat' dir='ltr'><strong>transmitti</strong></span> <span class='ocrx_word' id='word_1_163' title='bbox 862 1873 909 1912; x_wconf 92' lang='lat' dir='ltr'><strong>ne·</strong></span> 
     </span>
     <span class='ocr_line' id='line_1_25' title="bbox 110 1930 908 2001; baseline -0.003 -14"><span class='ocrx_word' id='word_1_164' title='bbox 110 1939 194 2001; x_wconf 87' lang='lat' dir='ltr'><strong>queat</strong></span> <span class='ocrx_word' id='word_1_165' title='bbox 212 1932 313 1998; x_wconf 80' lang='lat' dir='ltr'><strong>absque</strong></span> <span class='ocrx_word' id='word_1_166' title='bbox 332 1932 408 1999; x_wconf 82' lang='lat' dir='ltr'><strong>gravi</strong></span> <span class='ocrx_word' id='word_1_167' title='bbox 426 1930 595 2000; x_wconf 89' lang='lat' dir='ltr'><strong>difficultate,</strong></span> <span class='ocrx_word' id='word_1_168' title='bbox 619 1931 664 1985; x_wconf 92' lang='lat' dir='ltr'><strong>vel</strong></span> <span class='ocrx_word' id='word_1_169' title='bbox 690 1931 713 1985; x_wconf 90' lang='lat' dir='ltr'><strong>si</strong></span> <span class='ocrx_word' id='word_1_170' title='bbox 730 1931 788 1998; x_wconf 91' lang='lat' dir='ltr'><strong>ipse</strong></span> <span class='ocrx_word' id='word_1_171' title='bbox 806 1944 908 1985; x_wconf 89' lang='lat' dir='ltr'><strong>vovens</strong></span> 
     </span>
    </p>
   </div>
   <div class='ocr_carea' id='block_1_5' title="bbox 11 2001 909 2142">
    <p class='ocr_par' dir='ltr' id='par_1_6' title="bbox 11 2001 909 2142">
     <span class='ocr_line' id='line_1_26' title="bbox 11 2001 908 2071; baseline -0.002 -15"><span class='ocrx_word' id='word_1_172' title='bbox 11 2047 12 2056; x_wconf 70' lang='grc'>,</span> <span class='ocrx_word' id='word_1_173' title='bbox 109 2004 145 2060; x_wconf 92' lang='lat' dir='ltr'><strong>ob</strong></span> <span class='ocrx_word' id='word_1_174' title='bbox 164 2003 273 2058; x_wconf 89' lang='lat' dir='ltr'><strong>nimiam</strong></span> <span class='ocrx_word' id='word_1_175' title='bbox 289 2011 475 2071; x_wconf 86' lang='lat' dir='ltr'><strong>paupertatem</strong></span> <span class='ocrx_word' id='word_1_176' title='bbox 487 2004 534 2056; x_wconf 87' lang='lat' dir='ltr'><strong>vix</strong></span> <span class='ocrx_word' id='word_1_177' title='bbox 548 2017 607 2056; x_wconf 86' lang='lat' dir='ltr'><strong>earn</strong></span> <span class='ocrx_word' id='word_1_178' title='bbox 621 2001 725 2058; x_wconf 88' lang='lat' dir='ltr'><strong>solvere</strong></span> <span class='ocrx_word' id='word_1_179' title='bbox 738 2001 831 2070; x_wconf 87' lang='lat' dir='ltr'><strong>possit,</strong></span> <span class='ocrx_word' id='word_1_180' title='bbox 845 2008 908 2055; x_wconf 88' lang='lat' dir='ltr'><strong>tunc</strong></span> 
     </span>
     <span class='ocr_line' id='line_1_27' title="bbox 11 2073 909 2142; baseline -0.002 -14"><span class='ocrx_word' id='word_1_181' title='bbox 11 2119 12 2128; x_wconf 70' lang='grc'>,</span> <span class='ocrx_word' id='word_1_182' title='bbox 109 2075 190 2130; x_wconf 88' lang='lat' dir='ltr'><strong>alteri</strong></span> <span class='ocrx_word' id='word_1_183' title='bbox 207 2075 337 2128; x_wconf 88' lang='lat' dir='ltr'><strong>ecclesiae</strong></span> <span class='ocrx_word' id='word_1_184' title='bbox 356 2074 486 2142; x_wconf 88' lang='lat' dir='ltr'><strong>applicari</strong></span> <span class='ocrx_word' id='word_1_185' title='bbox 502 2075 617 2142; x_wconf 89' lang='lat' dir='ltr'><strong>poterit,</strong></span> <span class='ocrx_word' id='word_1_186' title='bbox 645 2073 737 2128; x_wconf 89' lang='lat' dir='ltr'><strong>autin</strong></span> <span class='ocrx_word' id='word_1_187' title='bbox 754 2073 808 2126; x_wconf 89' lang='lat' dir='ltr'><strong>alia</strong></span> <span class='ocrx_word' id='word_1_188' title='bbox 825 2087 909 2140; x_wconf 89' lang='lat' dir='ltr'><strong>opera</strong></span> 
     </span>
    </p>
   </div>
   <div class='ocr_carea' id='block_1_6' title="bbox 109 2144 909 2214">
    <p class='ocr_par' dir='ltr' id='par_1_7' title="bbox 109 2144 909 2214">
     <span class='ocr_line' id='line_1_28' title="bbox 109 2144 909 2214; baseline -0.005 -13"><span class='ocrx_word' id='word_1_189' title='bbox 109 2144 282 2214; x_wconf 87' lang='lat' dir='ltr'><strong>commutari,</strong></span> <span class='ocrx_word' id='word_1_190' title='bbox 311 2152 392 2212; x_wconf 89' lang='lat' dir='ltr'><strong>prout</strong></span> <span class='ocrx_word' id='word_1_191' title='bbox 418 2145 498 2200; x_wconf 89' lang='lat' dir='ltr'><strong>saluti</strong></span> <span class='ocrx_word' id='word_1_192' title='bbox 522 2145 683 2212; x_wconf 89' lang='lat' dir='ltr'><strong>poenitentis</strong></span> <span class='ocrx_word' id='word_1_193' title='bbox 707 2144 798 2198; x_wconf 89' lang='lat' dir='ltr'><strong>utilius</strong></span> <span class='ocrx_word' id='word_1_194' title='bbox 822 2145 909 2198; x_wconf 86' lang='lat' dir='ltr'><strong>visum</strong></span> 
     </span>
    </p>
   </div>
   <div class='ocr_carea' id='block_1_7' title="bbox 11 2214 910 2286">
    <p class='ocr_par' dir='ltr' id='par_1_8' title="bbox 11 2214 910 2286">
     <span class='ocr_line' id='line_1_29' title="bbox 11 2214 910 2286; baseline -0.006 -13"><span class='ocrx_word' id='word_1_195' title='bbox 11 2253 13 2286; x_wconf 69' lang='lat'><strong>,</strong></span> <span class='ocrx_word' id='word_1_196' title='bbox 109 2218 207 2285; x_wconf 81' lang='lat' dir='ltr'><strong>luerit3</strong></span> <span class='ocrx_word' id='word_1_197' title='bbox 231 2215 312 2284; x_wconf 88' lang='lat' dir='ltr'><strong>idque</strong></span> <span class='ocrx_word' id='word_1_198' title='bbox 336 2215 396 2270; x_wconf 88' lang='lat' dir='ltr'><strong>fieri</strong></span> <span class='ocrx_word' id='word_1_199' title='bbox 413 2231 494 2285; x_wconf 88' lang='lat' dir='ltr'><strong>posse</strong></span> <span class='ocrx_word' id='word_1_200' title='bbox 512 2216 619 2270; x_wconf 86' lang='lat' dir='ltr'><strong>videtur</strong></span> <span class='ocrx_word' id='word_1_201' title='bbox 637 2215 740 2270; x_wconf 91' lang='lat' dir='ltr'><strong>etiamsi</strong></span> <span class='ocrx_word' id='word_1_202' title='bbox 758 2214 910 2270; x_wconf 88' lang='lat' dir='ltr'><strong>huiusmodi</strong></span> 
     </span>
    </p>
   </div>
   <div class='ocr_carea' id='block_1_8' title="bbox 109 2284 909 2356">
    <p class='ocr_par' dir='ltr' id='par_1_9' title="bbox 109 2284 909 2356">
     <span class='ocr_line' id='line_1_30' title="bbox 109 2284 909 2356; baseline -0.005 -13"><span class='ocrx_word' id='word_1_203' title='bbox 109 2297 176 2346; x_wconf 87' lang='lat' dir='ltr'><strong>vota</strong></span> <span class='ocrx_word' id='word_1_204' title='bbox 193 2287 294 2342; x_wconf 81' lang='lat' dir='ltr'><strong>firerint</strong></span> <span class='ocrx_word' id='word_1_205' title='bbox 311 2294 465 2356; x_wconf 89' lang='lat' dir='ltr'><strong>acceptata;</strong></span> <span class='ocrx_word' id='word_1_206' title='bbox 492 2303 547 2342; x_wconf 90' lang='lat' dir='ltr'><strong>non</strong></span> <span class='ocrx_word' id='word_1_207' title='bbox 571 2287 641 2341; x_wconf 91' lang='lat' dir='ltr'><strong>enim</strong></span> <span class='ocrx_word' id='word_1_208' title='bbox 658 2287 720 2340; x_wconf 88' lang='lat' dir='ltr'><strong>huic</strong></span> <span class='ocrx_word' id='word_1_209' title='bbox 737 2286 833 2355; x_wconf 87' lang='lat' dir='ltr'><strong>tertio,</strong></span> <span class='ocrx_word' id='word_1_210' title='bbox 860 2284 909 2342; x_wconf 91' lang='lat' dir='ltr'><strong>sed</strong></span> 
     </span>
    </p>
   </div>
   <div class='ocr_carea' id='block_1_9' title="bbox 11 2356 910 2500">
    <p class='ocr_par' dir='ltr' id='par_1_10' title="bbox 11 2347 910 2500">
     <span class='ocr_line' id='line_1_31' title="bbox 109 2356 909 2430; baseline -0.008 -13.764"><span class='ocrx_word' id='word_1_211' title='bbox 109 2361 163 2430; x_wconf 89' lang='lat' dir='ltr'><strong>ipsi</strong></span> <span class='ocrx_word' id='word_1_212' title='bbox 182 2359 242 2414; x_wconf 88' lang='lat' dir='ltr'><strong>Deo</strong></span> <span class='ocrx_word' id='word_1_213' title='bbox 261 2359 333 2414; x_wconf 85' lang='lat' dir='ltr'><strong>facta</strong></span> <span class='ocrx_word' id='word_1_214' title='bbox 351 2367 393 2414; x_wconf 85' lang='lat' dir='ltr'><strong>est</strong></span> <span class='ocrx_word' id='word_1_215' title='bbox 409 2359 560 2427; x_wconf 86' lang='lat' dir='ltr'><strong>promissio,</strong></span> <span class='ocrx_word' id='word_1_216' title='bbox 586 2374 617 2412; x_wconf 89' lang='lat' dir='ltr'><strong>ac</strong></span> <span class='ocrx_word' id='word_1_217' title='bbox 635 2356 755 2426; x_wconf 88' lang='lat' dir='ltr'><strong>proinde,</strong></span> <span class='ocrx_word' id='word_1_218' title='bbox 781 2358 837 2412; x_wconf 89' lang='lat' dir='ltr'><strong>sive</strong></span> <span class='ocrx_word' id='word_1_219' title='bbox 855 2364 909 2412; x_wconf 91' lang='lat' dir='ltr'><strong>ter·</strong></span> 
     </span>
     <span class='ocr_line' id='line_1_32' title="bbox 11 2427 910 2500; baseline -0.007 -12"><span class='ocrx_word' id='word_1_220' title='bbox 11 2479 13 2488; x_wconf 93' lang='lat'><em>.</em></span> <span class='ocrx_word' id='word_1_221' title='bbox 108 2434 164 2488; x_wconf 85' lang='lat' dir='ltr'><strong>tius</strong></span> <span class='ocrx_word' id='word_1_222' title='bbox 184 2431 364 2500; x_wconf 83' lang='lat' dir='ltr'><strong>acceptaverit</strong></span> <span class='ocrx_word' id='word_1_223' title='bbox 382 2430 439 2486; x_wconf 89' lang='lat' dir='ltr'><strong>sive</strong></span> <span class='ocrx_word' id='word_1_224' title='bbox 457 2445 526 2498; x_wconf 86' lang='lat' dir='ltr'><strong>non,</strong></span> <span class='ocrx_word' id='word_1_225' title='bbox 554 2446 610 2484; x_wconf 89' lang='lat' dir='ltr'><strong>non</strong></span> <span class='ocrx_word' id='word_1_226' title='bbox 634 2436 747 2498; x_wconf 86' lang='lat' dir='ltr'><strong>augetur</strong></span> <span class='ocrx_word' id='word_1_227' title='bbox 771 2427 832 2482; x_wconf 91' lang='lat' dir='ltr'><strong>inde</strong></span> <span class='ocrx_word' id='word_1_228' title='bbox 860 2442 910 2482; x_wconf 90' lang='lat' dir='ltr'><strong>nec</strong></span> 
     </span>
    </p>
   </div>
   <div class='ocr_carea' id='block_1_10' title="bbox 107 2501 911 2642">
    <p class='ocr_par' dir='ltr' id='par_1_11' title="bbox 107 2501 911 2642">
     <span class='ocr_line' id='line_1_33' title="bbox 107 2501 530 2569; baseline -0.007 -12"><span class='ocrx_word' id='word_1_229' title='bbox 107 2503 238 2558; x_wconf 88' lang='lat' dir='ltr'><strong>minuitur</strong></span> <span class='ocrx_word' id='word_1_230' title='bbox 254 2501 381 2569; x_wconf 82' lang='lat' dir='ltr'><strong>obligatio</strong></span> <span class='ocrx_word' id='word_1_231' title='bbox 398 2501 530 2556; x_wconf 84' lang='lat' dir='ltr'><strong>voventis.</strong></span> 
     </span>
     <span class='ocr_line' id='line_1_34' title="bbox 147 2570 911 2642; baseline -0.004 -14"><span class='ocrx_word' id='word_1_232' title='bbox 147 2574 199 2642; x_wconf 71' lang='lat' dir='ltr'><strong>Qui</strong></span> <span class='ocrx_word' id='word_1_233' title='bbox 217 2573 416 2641; x_wconf 86' lang='lat' dir='ltr'><strong>dispensatione</strong></span> <span class='ocrx_word' id='word_1_234' title='bbox 435 2588 453 2626; x_wconf 91' lang='lat' dir='ltr'><strong>a</strong></span> <span class='ocrx_word' id='word_1_235' title='bbox 476 2580 540 2626; x_wconf 83' lang='lat' dir='ltr'><strong>voto</strong></span> <span class='ocrx_word' id='word_1_236' title='bbox 559 2571 689 2626; x_wconf 86' lang='lat' dir='ltr'><strong>castitatis</strong></span> <span class='ocrx_word' id='word_1_237' title='bbox 716 2577 864 2639; x_wconf 88' lang='lat' dir='ltr'><strong>perpetuae</strong></span> <span class='ocrx_word' id='word_1_238' title='bbox 882 2570 911 2625; x_wconf 87' lang='lat' dir='ltr'><strong>in</strong></span> 
     </span>
    </p>
   </div>
   <div class='ocr_carea' id='block_1_11' title="bbox 11 2641 998 2926">
    <p class='ocr_par' dir='ltr' id='par_1_12' title="bbox 11 2641 998 2926">
     <span class='ocr_line' id='line_1_35' title="bbox 11 2641 998 2710; baseline -0.011 -6"><span class='ocrx_word' id='word_1_239' title='bbox 11 2683 13 2696; x_wconf 61' lang='grc' dir='ltr'>ι</span> <span class='ocrx_word' id='word_1_240' title='bbox 108 2647 204 2704; x_wconf 87' lang='lat' dir='ltr'><strong>ordine</strong></span> <span class='ocrx_word' id='word_1_241' title='bbox 223 2643 258 2700; x_wconf 87' lang='lat' dir='ltr'><strong>ad</strong></span> <span class='ocrx_word' id='word_1_242' title='bbox 275 2644 474 2698; x_wconf 89' lang='lat' dir='ltr'><strong>Matrimonium</strong></span> <span class='ocrx_word' id='word_1_243' title='bbox 497 2642 641 2696; x_wconf 91' lang='lat' dir='ltr'><strong>ineundum</strong></span> <span class='ocrx_word' id='word_1_244' title='bbox 666 2642 789 2710; x_wconf 87' lang='lat' dir='ltr'><strong>obtenta,</strong></span> <span class='ocrx_word' id='word_1_245' title='bbox 817 2641 912 2695; x_wconf 86' lang='lat' dir='ltr'><strong>Matri·</strong></span> <span class='ocrx_word' id='word_1_246' title='bbox 992 2649 998 2661; x_wconf 86' lang='lat'>&#39;</span> 
     </span>
     <span class='ocr_line' id='line_1_36' title="bbox 11 2711 912 2784; baseline -0.012 -8"><span class='ocrx_word' id='word_1_247' title='bbox 11 2711 13 2776; x_wconf 67' lang='grc' dir='ltr'>ζ</span> <span class='ocrx_word' id='word_1_248' title='bbox 108 2719 230 2774; x_wconf 89' lang='lat' dir='ltr'><strong>monium</strong></span> <span class='ocrx_word' id='word_1_249' title='bbox 247 2716 304 2784; x_wconf 82' lang='lat' dir='ltr'><strong>init,</strong></span> <span class='ocrx_word' id='word_1_250' title='bbox 324 2715 460 2770; x_wconf 87' lang='lat' dir='ltr'><strong>admoneri</strong></span> <span class='ocrx_word' id='word_1_251' title='bbox 478 2713 567 2782; x_wconf 85' lang='lat' dir='ltr'><strong>debet,</strong></span> <span class='ocrx_word' id='word_1_252' title='bbox 596 2715 624 2766; x_wconf 90' lang='lat'><strong>1⁰</strong></span> <span class='ocrx_word' id='word_1_253' title='bbox 641 2714 710 2767; x_wconf 89' lang='lat' dir='ltr'><strong>hanc</strong></span> <span class='ocrx_word' id='word_1_254' title='bbox 729 2713 842 2780; x_wconf 81' lang='lat' dir='ltr'><strong>gratiam</strong></span> <span class='ocrx_word' id='word_1_255' title='bbox 859 2711 912 2779; x_wconf 90' lang='lat' dir='ltr'><strong>ipsi</strong></span> 
     </span>
     <span class='ocr_line' id='line_1_37' title="bbox 11 2782 911 2858; baseline -0.012 -11"><span class='ocrx_word' id='word_1_256' title='bbox 11 2825 13 2846; x_wconf 81' lang='lat' dir='ltr'><strong>t</strong></span> <span class='ocrx_word' id='word_1_257' title='bbox 107 2807 165 2846; x_wconf 92' lang='lat' dir='ltr'><strong>non</strong></span> <span class='ocrx_word' id='word_1_258' title='bbox 179 2787 311 2858; x_wconf 87' lang='lat' dir='ltr'><strong>prodesse</strong></span> <span class='ocrx_word' id='word_1_259' title='bbox 323 2785 375 2841; x_wconf 88' lang='lat' dir='ltr'><strong>nisi</strong></span> <span class='ocrx_word' id='word_1_260' title='bbox 389 2785 502 2840; x_wconf 89' lang='lat' dir='ltr'><strong>durante</strong></span> <span class='ocrx_word' id='word_1_261' title='bbox 523 2785 568 2839; x_wconf 95' lang='lat' dir='ltr'><strong>illo</strong></span> <span class='ocrx_word' id='word_1_262' title='bbox 581 2784 769 2852; x_wconf 86' lang='lat' dir='ltr'><strong>Matrimonio;</strong></span> <span class='ocrx_word' id='word_1_263' title='bbox 787 2782 911 2836; x_wconf 76' lang='lat' dir='ltr'><strong>delimato</strong></span> 
     </span>
     <span class='ocr_line' id='line_1_38' title="bbox 11 2853 913 2926; baseline -0.018 -4"><span class='ocrx_word' id='word_1_264' title='bbox 11 2855 13 2922; x_wconf 67' lang='grc' dir='ltr'>ζ</span> <span class='ocrx_word' id='word_1_265' title='bbox 111 2863 184 2920; x_wconf 90' lang='lat' dir='ltr'><strong>enim</strong></span> <span class='ocrx_word' id='word_1_266' title='bbox 203 2858 316 2926; x_wconf 82' lang='lat' dir='ltr'><strong>coniuge</strong></span> <span class='ocrx_word' id='word_1_267' title='bbox 339 2863 433 2913; x_wconf 89' lang='lat' dir='ltr'><strong>votum</strong></span> <span class='ocrx_word' id='word_1_268' title='bbox 458 2856 594 2912; x_wconf 82' lang='lat' dir='ltr'><strong>reviviscit</strong></span> <span class='ocrx_word' id='word_1_269' title='bbox 621 2861 648 2910; x_wconf 92' lang='lat' dir='ltr'><strong>et</strong></span> <span class='ocrx_word' id='word_1_270' title='bbox 671 2855 812 2924; x_wconf 88' lang='lat' dir='ltr'><strong>pristinum</strong></span> <span class='ocrx_word' id='word_1_271' title='bbox 830 2853 913 2908; x_wconf 90' lang='lat' dir='ltr'><strong>robur</strong></span> 
     </span>
    </p>
   </div>
   <div class='ocr_carea' id='block_1_12' title="bbox 0 0 1071 3242">
    <p class='ocr_par' dir='ltr' id='par_1_13' title="bbox 0 0 1071 3242">
     <span class='ocr_line' id='line_1_39' title="bbox 0 0 1071 3242; baseline 0 0"><span class='ocrx_word' id='word_1_272' title='bbox 0 0 1071 3242; x_wconf 95' lang='lat' dir='ltr'><strong> </strong></span> 
     </span>
    </p>
   </div>
  </div>
 </body>
</html>
