2146 3234
170 146 213 190 642
327 148 360 188 De
373 148 502 197 quibusdam
516 147 565 188 aliis
578 147 717 188 sacedotum
730 146 813 187 officiis.

170 249 313 318 dandaque
330 249 460 306 immensa
476 251 528 306 Dei
545 248 736 318 misericordia,
760 263 821 304 eum
847 248 883 303 ed
906 265 967 318 poe·

170 323 311 378 nitentium
328 323 507 392 provocantis,
533 320 567 375 ad
590 319 780 390 ignoscendum
797 321 966 388 paratissimi.

172 392 349 448 Adhibendae
367 401 429 449 sunt
446 394 527 462 etiam
544 400 601 448 tum
618 393 749 461 privatae,
771 398 828 446 tum
846 393 969 460 publicae

171 465 208 519 ad
225 465 313 518 Deum
330 480 433 533 preces,
452 464 487 519 ad
505 463 621 518 divinam
639 465 753 532 gratiam
771 463 964 532 impetiendam

85 555 90 568 “
172 551 223 607 pro
242 537 328 591 salute
346 537 437 592 miseri
455 535 643 590 decumbentis.
652 535 673 604 1)

211 610 254 662 12.
272 607 381 662 Videbit
399 607 513 674 denique
532 604 667 675 sacerdos,
691 605 787 674 quibus
804 604 970 673 potissimum

172 679 365 734 tentationibus
383 685 430 733 aut
447 679 538 746 pravis
558 676 727 744 opinionibus
741 691 822 745 aeger
835 677 871 730 sit
884 676 970 730 subic-

173 757 242 818 ctus,
262 750 348 818 eique,
373 757 455 818 prout
472 765 540 819 opus
561 748 650 815 fucrit,
676 755 741 816 apta
764 745 883 802 remedie
908 763 970 816 prn-

174 820 270 875 denter
288 820 432 878 adhibebit.

211 895 253 946 13.
274 891 369 947 Sacros
382 891 511 960 imagines
526 890 624 945 Christi
635 889 744 944 Domini
757 885 883 957 crucifixi,
900 888 964 942 bea-

173 969 219 1018 tae
236 962 340 1017 Mariae
358 963 483 1033 Virginis,
502 969 530 1017 et
548 961 646 1030 Sancti,
672 975 751 1029 quem
769 974 849 1028 aeger
867 960 970 1027 praeci-

173 1049 227 1102 pue
245 1040 397 1102 veneratur,
417 1035 451 1088 ob
470 1034 562 1088 oculos
581 1033 639 1088 eius
658 1031 757 1101 apponi
775 1030 886 1086 curabit
918 1031 970 1086 Va·

174 1105 276 1160 sardum
293 1105 357 1159 item
375 1104 446 1160 adsit
462 1119 549 1173 aquae
566 1103 731 1171 benedictae,
750 1118 804 1171 qua
816 1100 972 1170 frequenter

173 1182 341 1244 aspergatur.

212 1248 254 1300 14.
279 1247 416 1316 Proponet
439 1247 520 1302 etiam
538 1245 696 1316 aegrotanti,
719 1250 800 1313 prout
825 1243 884 1299 eius
910 1260 972 1299 con·

173 1315 240 1372 ditio
258 1316 335 1388 ieret,
354 1319 457 1386 abquss
475 1318 571 1373 breves
590 1317 733 1385 orationes,
752 1323 781 1370 et
796 1315 856 1382 pies
874 1316 973 1372 mentis

174 1387 210 1442 ad
241 1387 329 1444 Deum
360 1389 548 1457 excitationem
583 1388 743 1456 praesertim
774 1387 922 1442 versiculos
958 1401 974 1442 e

174 1459 342 1514 Psalmorum
358 1461 436 1529 libro,
454 1460 498 1515 rel
511 1459 666 1514 Orationem
685 1458 860 1526 Dominicam‚
879 1465 908 1512 et
925 1457 974 1512 Sa-

172 1531 331 1586 lutationem
354 1532 517 1600 Angelioam,
536 1530 689 1600 Symbolum
706 1528 777 1598 fidei,
804 1528 848 1583 vel
865 1529 975 1584 Passio·

174 1604 217 1658 nis
234 1602 342 1657 Domini
355 1605 441 1658 nostri
456 1601 663 1670 meditationem,
683 1607 711 1656 et
727 1601 884 1656 Sanctorum
902 1615 976 1654 mar·

174 1674 246 1744 tyria
264 1682 291 1729 et
309 1675 439 1743 exempla,
458 1689 489 1728 ac
507 1674 631 1728 coelestis
649 1672 751 1742 gloriae
769 1670 973 1726 beatitudinem.

174 1745 251 1800 Haec
267 1753 357 1800 umen
376 1753 525 1813 opportune
550 1751 577 1800 et
600 1745 715 1800 discrete
733 1750 920 1812 suggerantur,
938 1758 975 1797 ne

175 1823 287 1885 aegroto
305 1816 434 1885 molestia,
453 1816 501 1872 sed
520 1817 643 1870 levamen
660 1814 797 1872 efferatur.

214 1890 256 1944 15.
293 1887 453 1943 consoletur
469 1886 610 1956 infirmum
633 1886 733 1954 boens,
758 1898 788 1940 sc
812 1900 862 1953 pro
888 1898 922 1938 eo
947 1884 978 1938 in

175 1957 277 2014 Missae
295 1957 424 2015 sacrificio
442 1965 470 2013 et
488 1959 547 2014 aliis
564 1958 689 2027 precibus
703 1963 848 2024 oraturum,
867 1961 978 2010 curatu-

144 2031 148 2046 “
175 2044 297 2098 rumque,
315 2037 346 2085 ut
364 2029 410 2085 alii
421 2029 514 2086 itidem
526 2046 576 2099 pro
591 2045 624 2084 eo
636 2028 751 2097 iactans
768 2026 849 2095 idque
867 2027 977 2096 reipsa
1061 2075 1062 2084 ,

175 2102 430 2228 Ρῐῗθθῗῖέὺίήιιιοιιιιι
448 2173 563 2242 gravior,
592 2171 636 2226 vel
660 2123 720 2226 cum
745 2168 866 2239 periculo
884 2167 982 2237 merit,
1061 2149 1062 2152 ¹

175 2250 288 2311 aegroto
312 2245 432 2314 suadeat,
457 2251 488 2299 ut
512 2243 574 2306 dum
598 2243 816 2312 integramente
843 2247 893 2308 est,
919 2253 985 2294 rem

176 2328 252 2368 suam
271 2331 375 2371 omnem
400 2322 473 2371 recte
499 2315 651 2383 constituat,
677 2320 705 2368 et
726 2317 916 2368 testamentum
939 2309 986 2365 fs·

191 2433 212 2486 ¹)
225 2434 304 2475 Verbis
317 2437 388 2486 primo
402 2436 508 2476 utendum
526 2438 561 2475 cst
574 2435 602 2476 ed
616 2434 776 2474 convincendos
789 2433 922 2482 pertinaces,
943 2431 985 2470 de·

229 2500 280 2540 inde
295 2501 446 2550 credonibns3
464 2502 503 2541 ssd
516 2511 569 2551 pres
584 2500 664 2542 coteri's
672 2499 783 2550 posterior
795 2499 874 2538 modos
884 2497 988 2538 vsiidior

230 2570 276 2616 est,
297 2578 368 2616 equo
382 2569 500 2609 abhorrere
514 2577 558 2607 non
572 2568 653 2609 debent
673 2570 720 2608 tum
733 2565 854 2616 parochus,
877 2567 927 2605 tnm
942 2566 987 2606 sd-
1061 2581 1062 2596 ι

230 2635 322 2673 stantes.
350 2633 430 2682 Itaque
443 2634 536 2682 genibus
550 2633 614 2673 flexis
631 2635 655 2672 et
668 2633 728 2672 omni
741 2631 865 2672 bumilitate
879 2632 987 2672 iacentes
1061 2605 1062 2654 ᾗ

229 2701 277 2742 tsm
290 2699 408 2748 parochus,
421 2710 488 2749 qnam
497 2700 620 2749 domestici,
634 2701 657 2738 st
670 2699 690 2738 si
704 2699 742 2748 qui
752 2697 790 2737 eiii
800 2697 852 2746 sint,
867 2701 934 2738 orent
945 2709 988 2739 su·
1061 2677 1062 2714 ἶ

231 2773 271 2815 per
284 2775 334 2803 sum
347 2764 417 2804 enixis
430 2765 545 2815 precibus,
559 2768 584 2805 ut
598 2765 717 2806 sudisutur
737 2765 759 2803 et
772 2762 888 2803 videantur
901 2773 916 2804 s
930 2773 988 2814 per·
1061 2789 1062 2792 =

228 2829 303 2869 strecs
315 2830 407 2872 infirmo.
435 2831 582 2882 (Boneffoidsts
596 2832 620 2871 s'ss
632 2831 652 2872 b.
668 2830 695 2879 1.)
