2128 3228
161 165 202 211 690
318 168 351 209 Dc
364 168 495 219 quibusdam
508 169 559 208 aliis
572 168 711 210 acerdotum
724 168 808 212 officiis

44 295 52 316 ο
162 270 259 326 Sancte
278 270 390 340 Thoma,
408 285 458 326 ora
474 286 524 339 pro
542 269 629 326 nobis.

55 374 58 382 ·
162 341 259 397 Sancte
278 342 388 411 Jacobe,

162 412 259 468 Sancto
277 413 410 482 Philippa,

162 483 259 539 Sancte
277 483 483 552 Bartholomaee,

162 554 260 611 Sancte
278 555 417 625 Matthaee,

163 626 260 682 Sancte
279 625 378 693 Simon,

163 696 260 753 Sancte
279 667 434 766 Thadd'oee,

163 768 260 824 Sancte
278 767 393 838 Mathia,

163 841 261 895 Sancte
278 809 459 909 Bernaba,

163 910 262 966 Sancte
279 911 362 979 Luco,

165 981 262 1037 Sancte
279 981 381 1050 Mosco,

163 1052 262 1179 (imago
287 1052 373 1108 sancti
389 1049 515 1120 Apostoli
539 1055 569 1105 at
585 1049 789 1119 Evangcnstas,
818 1055 896 1106 orate
915 1061 966 1120 pro

183 1133 234 1178 'no
253 1140 285 1180 ιι.

163 1193 263 1249 Omnes
280 1209 316 1249 ιι.
334 1192 467 1263 Discipuli
484 1191 599 1262 Domini,
618 1198 693 1247 orate
710 1206 761 1260 pro
779 1191 868 1248 nobis.

163 1264 262 1322 Omnes
281 1281 316 1320 ιι.
335 1265 501 1333 Innocentes,
520 1270 596 1319 orate
615 1279 665 1332 pro
683 1263 770 1320 nobis.

164 1335 261 1391 Sancto
280 1335 424 1406 Stephane,
443 1351 492 1390 ora
508 1350 559 1404 pro
576 1334 663 1390 nobis.

165 1407 262 1463 Sancte
279 1407 417 1476 Laurenti,
436 1422 486 1461 ora
502 1421 553 1475 pro
571 1404 658 1461 nobis.

939 747 967 918 ·εξειοα
933 611 959 711 osd
940 466 968 578 '⁸³0

165 1477 262 1534 Sancte
281 1477 412 1548 Vincenti,
432 1493 481 1533 ora
498 1493 548 1546 pro
567 1476 654 1534 nobis

164 1549 256 1605 Sancti
273 1550 394 1605 Fabiane
413 1556 441 1604 et
458 1547 625 1617 Sebastiane,
645 1553 721 1603 orato
739 1563 789 1616 pro
807 1547 899 1605 nobis.

165 1621 256 1677 Sancti
273 1622 392 1677 Joannos
410 1627 438 1675 et
455 1619 547 1688 Paule,
566 1627 641 1674 orate
660 1634 710 1687 pro
728 1619 814 1674 nobis.

165 1692 256 1750 Sancti
274 1692 370 1748 Cosma
388 1698 416 1746 et
433 1691 572 1760 Damiane,
592 1696 668 1745 orato
686 1705 735 1758 pro
754 1688 842 1745 nobis.

163 1763 256 1820 Sancti
273 1763 386 1819 (iersasi
405 1769 432 1817 et
449 1762 564 1830 Protesi,
583 1769 659 1816 orate
676 1777 726 1829 pro
745 1759 830 1816 nobis

165 1835 264 1890 Omnes
282 1851 319 1890 ss.
337 1835 488 1904 Martyres,
497 1840 573 1888 orate
591 1847 642 1900 pro
659 1832 745 1888 nobis·

165 1906 262 1962 Sancte
281 1905 418 1975 Silvester,

165 1976 263 2032 Sancte
281 1976 403 2046 (ιιιςοιι,

166 2047 262 2103 Sancte
281 2047 414 2116 Ambrosi,

165 2118 263 2173 Sancte
280 2119 439 2188 Augustino,

165 2189 262 2244 Sancte
281 2191 451 2259 Hieronymo,

165 2261 262 2316 Sancta
279 2261 404 2330 Martiae,

164 2331 262 2386 Sancte
279 2332 398 2400 Nimiae,

164 2401 263 2458 Omnes
276 2419 313 2458 ss.
327 2373 470 2457 Pontifices
483 2407 510 2455 et
525 2397 706 2469 confessores,
721 2405 797 2454 orato
810 2415 861 2470 pro
875 2360 965 2456 nobis.

164 2473 263 2529 Omnes
281 2475 365 2530 sancti
383 2473 523 2541 Doctores,
542 2478 617 2526 orate
634 2486 685 2540 pro
703 2471 790 2530 nobis

164 2544 261 2600 Sancte
279 2545 387 2613 Antoni,

164 2615 261 2669 Sancte
279 2614 432 2683 Benedicte,

164 2685 261 2739 Sancte
278 2685 424 2754 Bernarde,

163 2755 260 2810 Sancte
277 2756 429 2824 Dominice‚

163 2825 260 2880 Sancte
278 2825 430 2892 Francisce‚
