2128 3228
321 179 423 219 Litaniee
436 179 463 220 de
477 179 579 220 omnibu·
594 179 683 223 sanctie.
862 179 903 225 689
925 241 926 246 1

330 279 424 324 moue
437 279 575 324 deomedum
588 279 680 325 Sanctia.

101 348 185 418 Kyrie
204 348 314 405 eleison.
353 350 458 406 Christe
477 352 588 406 eleison.
623 351 706 421 Kyrie
725 351 847 410 eleison,

102 419 208 476 Christe
228 420 290 476 audi
308 437 366 477 noe.
404 422 509 478 Christe
527 422 625 476 exaudi
646 437 705 480 noe.

81 491 184 545 -Pater
202 490 236 546 de
254 493 335 548 coelie
353 492 437 560 Deus,
455 493 583 548 miserere
601 493 686 549 nobie.

101 561 156 616 Fili
173 562 339 633 Redemptor
355 563 447 619 mundi
464 564 547 634 Deus,
565 564 693 620 miserere
711 565 797 622 nobie.

104 631 220 702 Spiritus
239 641 331 690 eencte
348 635 432 705 Deue,
450 636 578 691 miserere
596 637 683 694 nobis.

104 701 202 759 Sancte
220 705 338 761 Trinitas
356 723 425 762 unue
442 707 527 775 Deus,
545 707 673 763 miserere
690 707 776 763 nobie.

103 773 203 831 Sancta
219 775 315 845 Maria,
334 793 382 832 ora
399 793 449 847 pro
468 778 555 836 nobie.

102 845 201 902 Sancta
217 847 270 902 Dei
290 848 421 919 Genitriu,¹
438 865 486 905 ora
503 865 553 918 pro
571 849 658 906 nobie.

101 917 200 973 Sancta
217 916 300 988 Virgo
318 920 459 989 virginum,
479 936 527 976 ora
545 937 595 990 pro
613 921 701 980 nobis.

102 987 199 1044 Sancte
216 986 341 1061 Michaei,
360 1007 408 1047 ore
425 1007 475 1060 pro
492 992 579 1050 nobie.

102 1059 200 1114 Sancte
219 1061 335 1130 Gabriel,
353 1077 402 1118 ora
419 1078 469 1131 pro
487 1063 573 1122 nobie.

102 1129 201 1185 Sancte
218 1132 350 1203 Raphdel,
369 1148 417 1188 ora
434 1149 484 1201 pro
502 1133 590 1192 nobie.

101 1200 201 1257 Omnes
215 1204 300 1258 sancti
313 1203 409 1272 Angeli
429 1210 457 1258 et
470 1205 641 1275 Archangeli,
661 1212 737 1262 orate
750 1222 801 1275 pro
814 1205 900 1261 nobie.

101 1271 201 1396 Omnge
224 1289 261 1328 ee.
279 1274 419 1330 beatorum
437 1275 577 1345 spirituum
598 1276 719 1348 ordiuee,
747 1283 823 1333 orate
849 1293 900 1348 pro

136 1358 173 1397 no
191 1359 222 1398 re.

102 1412 200 1467 Sancte
218 1413 338 1475 ioannes
355 1414 488 1486 Baptista,
506 1431 556 1472 ora
572 1433 622 1486 pro
640 1417 727 1476 nobie.
797 1411 798 1414 ’

102 1481 200 1538 Sancte
218 1485 329 1555 Joeeph,
350 1501 399 1540 ora
415 1502 466 1554 pro
483 1487 569 1543 nobie.

101 1554 200 1610 Omnes
219 1557 303 1612 sancti
321 1557 494 1613 Patrierchae
513 1565 541 1614 et
557 1559 728 1628 Prophetae,
756 1565 832 1614 orate
848 1576 899 1629 pro

136 1625 222 1682 nobie.

100 1695 198 1752 Sancte
215 1698 305 1768 Petro,
324 1713 372 1754 ora
389 1714 439 1768 pro
457 1699 544 1758 nobie.
626 1757 629 1764 ,

99 1767 196 1822 Sancte
214 1769 307 1839 Paule,
326 1785 375 1824 ora
391 1787 441 1840 pro
459 1771 545 1826 nobie.

98 1838 197 1895 Sancte
213 1840 331 1911 Andrea,
350 1857 399 1896 ora
416 1857 466 1910 pro
483 1843 569 1898 nobie.

98 1909 196 1966 Sancte
213 1912 323 1981 Jacobe,
343 1928 391 1967 ora
408 1929 458 1982 pro
476 1914 561 1969 nobie.

97 1981 194 2037 Sancte
213 1984 341 2054 Joannee,
360 1999 409 2039 ore
425 1999 476 2054 pro
493 1985 580 2040 nobis.

154 2122 180 2165 d.
189 2121 212 2164 3.
222 2123 273 2167 dan.
283 2119 355 2173 leem
370 2119 402 2166 25.
417 2123 475 2173 Sept.
485 2121 564 2175 lose),
578 2123 645 2164 etiam
658 2125 681 2164 in
692 2123 813 2166 Dominicis
829 2127 850 2163 et
863 2124 897 2164 in·

148 2189 183 2230 ire
195 2193 296 2230 octavam
305 2190 428 2240 Peechetie,
443 2201 492 2230 cum
505 2191 577 2231 tribue
587 2191 728 2231 Orationibus
742 2191 765 2230 ln
774 2191 843 2231 Missa
852 2189 896 2230 Bo·

148 2257 263 2306 graonam
277 2256 428 2306 praescriptio,
448 2257 495 2296 eine
509 2257 716 2296 commemoratione
730 2257 782 2297 ieeti
795 2256 896 2306 duplicia,

151 2321 298 2372 semidupliois
309 2325 330 2361 et
340 2321 445 2370 simplicis
455 2323 597 2372 occurrentia,
611 2321 740 2362 Dominicee
755 2324 795 2362 aui
804 2325 897 2364 octavae

148 2389 280 2438 Ptechaiie,
303 2389 346 2428 miei
366 2389 433 2428 unica
445 2390 532 2428 tentum
545 2389 615 2429 Midea
630 2391 730 2428 cantetur
750 2391 788 2428 aut
802 2389 896 2439 legatur,

149 2463 193 2501 quo
208 2465 261 2494 oeen
275 2453 376 2493 iacienda
390 2455 425 2494 eet
438 2455 616 2494 commemoratio
632 2455 683 2495 faeti
698 2456 832 2495 occurrentia
847 2466 896 2496 cum

149 2519 196 2558 sola
208 2519 276 2559 tertia
290 2519 407 2568 Oratione,
430 2529 486 2568 quae
507 2521 603 2560 secundo
624 2519 673 2560 loco
694 2521 853 2570 praescribitur
872 2522 895 2560 in

149 2583 218 2623 didere
227 2584 382 2633 Rogationem,
398 2594 483 2635 temper
497 2595 546 2624 cum
558 2585 696 2626 Praefatione
709 2586 809 2635 paschali
823 2589 846 2625 et
855 2586 895 2625 Be·

150 2647 270 2686 dedicamur
283 2649 373 2688 Domino
386 2649 409 2689 in
423 2651 471 2693 dne.
499 2651 526 2689 In
540 2651 652 2701 ecclesiis,
673 2651 697 2690 in
710 2652 790 2700 quibua
804 2663 848 2691 non
862 2650 895 2691 in·

149 2713 248 2753 etituiinr
262 2715 374 2763 prooemio
388 2715 451 2755 dictie
469 2716 552 2766 diebue,
566 2717 585 2757 ei
599 2718 680 2757 sertum
689 2719 770 2767 duplex
784 2720 893 2768 occurret,

150 2788 194 2817 non
214 2781 247 2818 eet
268 2779 397 2820 celebranda
410 2781 480 2821 nitere
493 2782 652 2831 Rogatianum,
676 2783 714 2822 red
734 2783 761 2822 de
774 2783 831 2822 ieeto
845 2793 895 2823 cnm

151 2845 357 2884 commemoratione
370 2845 524 2896 Rogationum.
538 2847 567 2894 (S.
583 2848 609 2891 Β,
624 2847 646 2888 d.
661 2846 696 2888 12.
710 2848 763 2888 dac.
777 2845 848 2895 1831.)
