2152 3234
331 199 364 240 Do
378 199 517 240 decremento
531 199 673 239 Matrimonii.
781 224 782 227 =
862 193 901 238 531

106 319 108 322 ·
139 303 221 370 Reep.
246 303 274 356 1θ
293 301 321 356 Si
339 300 407 356 tales
425 315 602 369 personasse
620 301 648 354 in
666 301 796 356 eiusmodi
812 307 903 358 terras

102 373 245 429 conferunt
269 374 356 427 animo
379 372 417 426 ibi
439 371 538 440 figendi
563 371 723 426 domicilium
745 372 790 426 vel
813 375 901 440 quasi·

104 445 280 511 domicilium,
306 441 424 498 validum
451 443 489 496 ibi
515 443 676 497 contrahunt
701 443 900 500 Matrimonium
983 497 985 502 ,

104 515 305 583 clandestinum,
323 515 387 584 quia
403 529 457 568 non
471 522 553 582 agunt
570 515 598 568 in
615 513 736 568 fiaudem
753 515 829 584 legis,
847 516 901 570 imo

104 587 144 642 sic
163 593 205 640 est
222 585 385 640 declaratum
403 585 436 638 ab
451 585 559 640 Urbano
573 585 645 640 VIII.
660 601 685 642 a.
701 588 778 653 1627,
796 587 827 638 in
843 603 901 640 ono

105 658 266 713 Coloniensi.
295 657 325 710 2⁰
344 656 452 711 Sitales
461 671 593 724 personae
603 657 656 710 alio
665 655 726 724 fine,
746 671 825 724 quem
838 671 900 712 con-

103 728 229 783 trahendi
246 727 444 782 Matrimonium
461 743 487 781 v.
506 744 531 796 g.
550 727 737 796 negotiationis
761 735 809 781 aut
825 743 902 797 pere-

105 799 263 868 grinationis
281 813 363 853 causa
380 799 408 851 in
426 799 513 853 locum
530 813 585 852 non
603 799 705 866 recepti
719 798 827 852 Concilii
844 800 903 854 Tri·

105 870 207 924 donnini
229 884 259 924 se
274 869 420 937 conferunt,
440 876 486 924 aut
499 870 553 923 illic
566 870 734 938 conveniunt,
752 869 840 924 valide
853 871 902 924 ibi·

106 941 168 996 dem
180 940 379 995 Matrimonium
392 941 548 994 contrahere
561 956 616 994 non
628 947 742 1009 possunt
754 941 811 996 sine
825 955 903 1009 prae·

105 1013 193 1068 sentia
210 1012 321 1080 parochi
338 1011 441 1088 proprii
460 1018 487 1065 et
503 1013 618 1080 testium,
646 1012 697 1066 nisi
715 1012 904 1079 acqmsiverint

105 1083 206 1137 ibidem
219 1097 312 1136 verum
329 1082 373 1136 vel
392 1081 648 1150 quasi-domicilium.
684 1083 727 1136 Ita
745 1083 772 1139 S.
787 1083 817 1139 O.
831 1083 860 1138 Ο.
874 1084 903 1137 in

107 1153 288 1208 declaratione
307 1154 388 1208 citata
406 1152 431 1206 d.
446 1153 471 1206 d.
493 1154 612 1221 14.Aug.
634 1156 710 1207 1627.
730 1153 901 1210 confirmante

106 1225 216 1280 Urbano
230 1225 302 1278 VIII.
324 1223 355 1277 3⁰
373 1225 401 1277 Si
419 1225 488 1278 tales
505 1239 637 1292 personae
655 1225 684 1278 in
702 1225 831 1280 eiusmodi
848 1233 903 1281 ter·

106 1311 152 1350 ras
177 1310 207 1350 se
221 1294 359 1349 conferant
371 1309 458 1362 neque
468 1295 682 1362 quasi-domicilii
694 1294 801 1365 figendi,
815 1311 902 1364 neque

106 1367 276 1436 negotiorum
294 1381 388 1435 causa,
414 1365 463 1420 scd
479 1366 614 1434 praecise,
638 1373 668 1420 ut
685 1366 722 1420 ibi
741 1367 903 1423 clandestine

108 1438 267 1492 contrahant
285 1453 316 1492 ac
334 1437 410 1491 brevi
421 1436 542 1506 redeant,
561 1445 661 1490 certum
676 1443 724 1505 est,
742 1438 796 1491 tale
809 1437 903 1493 Matri-

107 1509 225 1563 monium
239 1523 298 1563 esse
311 1507 463 1562 Invalidum.
479 1507 590 1574 (Bened.
604 1509 653 1562 XI
655 1508 683 1562 V.
698 1508 732 1562 de
741 1507 806 1578 Syn.
819 1509 903 1568 dioec.

108 1579 154 1634 tio.
172 1583 214 1633 13.
234 1595 293 1647 cap.
312 1583 337 1632 4.
356 1595 430 1633 amn.
448 1583 492 1636 10.
510 1584 536 1632 et
552 1579 692 1632 Institutio
709 1582 781 1650 33a.)

144 1651 174 1704 7⁰
194 1649 274 1719 Quid,
292 1651 318 1704 ai
334 1652 395 1719 poia
408 1665 422 1704 e
436 1650 492 1704 ioco
505 1650 675 1718 promulgati
687 1655 712 1702 et
723 1652 824 1720 recepti
835 1649 903 1705 Ooo-

107 1721 168 1776 criie’
183 1735 211 1774 ae
229 1721 331 1788 conferi
349 1721 386 1774 ad
399 1722 494 1790 tecnon,
512 1721 560 1774 obi
572 1721 774 1790 promolpotam
792 1725 817 1774 et
833 1736 903 1776 rece·

101 1797 184 1862 ptam
199 1790 347 1846 Concilium
358 1807 415 1845 noo
427 1797 473 1860 eat,
486 1791 650 1860 comerent
662 1792 752 1846 incolo
764 1792 838 1846 aliiae
851 1793 905 1847 loci

107 1863 316 1918 Matrimonium
334 1861 490 1917 contradit?

50 1962 56 1986 r
142 1934 224 2002 Rcop.
243 1933 348 2003 Sponsi,
367 1949 479 2002 quorum
506 1949 575 1988 unus
593 1933 675 1988 habet
699 1931 858 1986 domicilium
875 1931 904 1987 in

105 2005 175 2073 loco,
185 2005 232 2058 ubi
241 2012 378 2074 receptum
388 2012 430 2059 est
441 2004 575 2059 decretum
586 2004 696 2059 concilii
704 2002 860 2073 Tridentini,
874 2009 904 2059 et

107 2077 176 2130 alius
190 2076 236 2129 ubi
249 2091 303 2130 non
317 2083 359 2130 est
370 2083 515 2144 receptum,
530 2077 554 2130 si
567 2075 725 2129 contrahant
738 2074 901 2130 clandestine

106 2149 136 2202 in
153 2147 226 2215 loco,
252 2146 299 2201 ubi
315 2162 370 2200 non
387 2154 430 2202 cst
445 2153 583 2214 receptum
601 2145 798 2214 Tridentinum,
816 2145 904 2200 valida

109 2218 277 2287 contrahunt,
296 2218 359 2285 quia
377 2233 491 2286 sponsus
509 2217 569 2285 loci,
587 2217 634 2272 ubi
648 2215 831 2271 Tridentinnm
848 2233 903 2272 non

109 2295 152 2344 eat
167 2295 313 2357 receptum,
336 2289 395 2356 lege
415 2288 525 2343 Ooncilii
542 2303 596 2342 non
613 2295 727 2356 tenetur,
753 2292 781 2342 et
797 2289 904 2357 privile-

108 2360 182 2428 gium
196 2375 272 2414 suum
286 2360 363 2414 alteri
373 2360 555 2425 communicat,
569 2365 681 2427 propter
693 2357 905 2417 individuitatem

109 2438 270 2488 contractus.
289 2430 352 2500 (Gir.
367 2430 468 2485 Beoeoi.
484 2430 563 2484 XIV.
583 2430 616 2483 de
629 2429 694 2498 Syn.
714 2429 797 2486 dioec.
815 2429 860 2487 loia
879 2432 904 2484 6.

109 2517 183 2628 accub
190 2505 213 2584 .⁶·
232 2505 367 2626 praemiii.
387 2508 415 2556 et
434 2501 553 2640 θὶῑξέηγεῖιε
571 2501 656 2555 ΧΙΠ.
675 2502 705 2554 io
721 2515 849 2569 remoneo
867 2500 905 2554 od

135 2589 166 2627 rc
183 2589 235 2640 cop.
288 2589 302 2626 e
342 2589 380 2626 aa.
400 2589 425 2626 a.
516 2613 521 2625 .

144 2643 175 2696 8⁰
244 2644 250 2657 ‘
286 2644 319 2697 de
334 2643 545 2711 fornaciitatidoa
559 2657 649 2696 coram
662 2642 822 2712 moerore
835 2641 905 2696 laeto

108 2729 190 2770 oecon
275 2715 342 2784 tepea
360 2715 449 2768 noilea
462 2713 657 2783 moenoodss?

112 2807 115 2810 ·
143 2783 239 2854 Recp!
251 2785 322 2838 Dum
339 2783 442 2854 fideles,
465 2791 496 2839 ut
513 2785 634 2839 civilibus
652 2781 786 2852 gaudeant
802 2783 904 2838 iuribus

108 2872 141 2912 ac
158 2855 321 2928 privilegiisl,
347 2856 511 2911 MatrImonii
534 2855 575 2910 sui
593 2854 799 2910 declarationem
816 2853 906 2908 facere
