2128 3228
1 2247 2 2268 ,
97 2197 152 2252 Per
169 2199 330 2267 baptismum
347 2206 374 2253 et
392 2206 512 2254 sanctum
529 2198 656 2253 ieiunium
676 2205 760 2266 tuum,
796 2225 799 2230 ·

316 179 419 222 attimar
432 181 460 220 ds
474 181 575 222 omalbus
588 183 683 227 Sanctis
863 181 903 226 tat

97 279 199 336 Omnes
212 281 298 336 sancti
315 281 474 339 Sacerdotes
487 291 515 338 et
524 284 645 354 Levitae,
659 291 735 340 orate
749 301 799 354 pro
815 287 902 344 nohis.
932 273 937 284 “
1015 315 1020 327 ·

99 352 198 407 Omnes
216 353 301 408 sancti
315 353 442 409 Monachi
460 361 489 410 et
501 356 646 426 Eremitae,
660 363 736 413 orate
748 373 798 426 pro
814 359 902 415 nobis.

101 423 199 478 Sancta
216 423 304 478 Maria
322 425 491 496 Magdaleua,

85 493 199 553 ,Sancta
216 495 332 565 Agatha,

100 564 199 619 Sancta
215 565 308 634 Lucia,

100 635 199 690 Sancta
215 636 315 704 Agnes,

103 705 201 762 Sancta
219 707 343 777 Caecilia,

103 777 201 833 Sancta
218 778 371 850 Camarina,

100 848 200 904 Sancta
217 850 368 919 Anastasia,

99 919 199 976 Omnes
217 928 325 976 sanctae
344 921 468 991 Virgines
490 929 518 978 et
530 923 642 993 Viduas,
662 930 737 980 orate
750 940 800 994 pro
813 923 900 981 nobis.

99 990 199 1046 Omnes
218 991 309 1047 Sancti
326 999 354 1048 et
371 992 485 1050 Sanctae
498 995 558 1062 Dei,
577 995 734 1052 intercedite
748 1013 798 1066 pro
812 993 899 1053 nobis

99 1062 236 1131 Propitius
254 1070 322 1132 esto,
339 1080 422 1132 parce
439 1065 524 1136 nobis,
543 1065 664 1122 Domine.

102 1133 239 1202 Propitius
258 1142 325 1203 esto,
346 1135 450 1189 exaudi
462 1152 520 1206 nos,
538 1137 680 1197 Domine..

99 1205 142 1259 Ab
163 1205 234 1258 omni
251 1205 331 1274 malo,
348 1205 434 1260 libera
451 1223 509 1276 nos,
528 1207 649 1264 Domine.

99 1275 143 1328 Ab
162 1275 234 1329 omni
251 1281 371 1345 peccato,

100 1346 143 1399 Ab
161 1345 203 1398 ira
219 1353 275 1414 tua,

99 1416 126 1470 A
144 1415 285 1471 subitanea
302 1422 330 1470 ot
346 1417 494 1486 improvisa
510 1425 606 1489 morte,

99 1486 143 1540 Ab
161 1485 265 1542 insidiis
284 1487 392 1556 diaboli,

99 1558 143 1612 Ab
161 1557 211 1626 ira,
229 1565 257 1612 et
275 1557 348 1628 odio,
367 1563 395 1614 et
412 1559 484 1614 omni
501 1560 736 1630 malevolorum,

99 1630 126 1684 A
144 1628 240 1696 spiritu
257 1627 448 1699 fornicationis,

99 1700 126 1754 A
143 1698 250 1767 fulgure
268 1707 296 1755 et
313 1707 481 1772 tempestate,

99 1771 126 1824 A
143 1768 250 1838 flagello
268 1779 357 1828 terrae
375 1779 472 1843 motus,

99 1842 126 1896 A
143 1849 230 1911 peste,
248 1841 318 1898 fame
337 1844 463 1915 sibeno,

98 1914 126 1967 A
143 1921 228 1968 morte
246 1921 386 1982 perpetua,

99 1985 153 2039 Per
170 1986 324 2054 mysterium
342 1992 450 2041 sanctae
467 1985 657 2042 incarnationis
674 1992 747 2057 tuae,

98 2055 153 2110 Per
171 2055 315 2111 adventum
332 2064 431 2126 tuum,x

98 2127 153 2181 Per
169 2127 335 2182 nativitatem
353 2135 434 2197 tuam,

874 719 903 889 ‘sgqou
867 591 894 691 oad
875 455 903 567 ‘¹³³0

871 2055 901 2300 ’Θαῃῑιοσ
866 1902 894 2019 ‘sou
874 1671 902 1869 ¹330ng

98 2269 152 2323 Per
170 2285 275 2325 crucem
293 2277 321 2325 et
338 2271 491 2338 passionem
508 2279 591 2340 tuam,

97 2339 281 2396 Permortem
300 2348 327 2396 et
345 2341 510 2410 sepulturam
527 2348 610 2410 tuam,

97 2411 152 2465 Per
169 2420 288 2468 sanctam
305 2414 528 2468 resurrectionem
545 2421 627 2481 tuam,

96 2482 152 2536 Per
170 2482 351 2538 admirabilem
370 2484 552 2540 ascensionem
568 2493 650 2552 tuam,

97 2551 152 2606 Per
170 2553 312 2609 adventum
330 2555 446 2624 Spiritus
464 2555 549 2610 sancti
566 2555 701 2625 Paraoliti,

98 2623 130 2676 In
148 2622 191 2677 die
208 2624 307 2694 iudicii,

97 2693 265 2765 Peccatores,
283 2703 310 2752 te
328 2712 461 2766 rogamus,
481 2695 546 2752 audi
563 2713 621 2752 nos.

98 2765 135 2821 Ut
150 2765 228 2821 nobis
246 2782 350 2836 parcas,
368 2775 396 2823 te
413 2784 548 2838 rogamus,
567 2767 630 2823 audi
647 2784 705 2823 nos.

96 2836 134 2892 Ut
151 2836 228 2892 nobis
245 2836 393 2909 indulgeas,
411 2845 438 2894 te
455 2855 593 2909 rogamus,
611 2839 675 2894 audi
692 2855 750 2894 nos.
