2138 3226
327 219 384 260 Ordo
397 220 457 260 vitoe
470 219 621 261 sacerdotalis.
835 219 877 263 18³

86 318 156 372 corde
175 319 292 390 diligite,
320 320 373 390 ita,
401 321 482 376 utin
507 322 629 377 omnibus
654 322 757 378 actibus
778 325 875 380 restria

84 389 205 456 placeatis
229 391 278 458 iili,
304 398 331 445 et
348 393 530 461 unusquisque
555 401 675 448 vestrum
701 394 876 463 interroganti

85 461 191 530 Christo,
210 478 290 516 omas
307 462 371 516 me?
393 465 479 532 possit
502 473 545 519 ter
567 481 627 519 cnm
644 465 776 533 Apostolo
794 466 875 522 Petro

84 533 250 601 respondere.
287 534 411 604 Domine,
430 541 461 589 tm
478 537 538 603 cors,
559 537 625 604 qaia
643 552 705 590 omo
723 541 755 592 te.
788 535 810 590 Ο
830 554 877 592 cor

85 601 171 658 turum
189 611 217 660 et
236 604 443 676 adamantinum,
462 623 508 661 cor
522 622 537 661 e
551 624 601 662 sua
618 607 682 663 sede
700 607 876 679 avellendum,

85 675 149 740 qnod
165 683 242 731 tanto
266 676 349 730 divini
373 677 471 733 amoris
495 677 617 733 incendio
641 679 831 739 circumdatum
849 687 877 734 et

83 745 225 802 involutum
250 747 338 802 nullas
363 747 445 802 divini
470 749 567 804 amoris
594 747 714 804 flammas
744 758 791 804 aut
808 751 876 806 scin·

84 816 147 872 tillas
164 819 334 887 perciperet!
371 819 432 873 Nos
449 836 511 890 erqo
529 821 675 890 diiipamcc
691 821 788 891 Deam,
813 837 876 890 quo

84 889 151 942 aiom
168 891 247 944 Deme
261 892 342 958 prior
360 890 455 944 dilexit
472 907 529 946 moa.
549 891 583 960 (l.
601 893 680 952 ioan.
698 894 735 962 4.)

114 959 146 1014 11.
184 961 323 1016 Christum
340 962 492 1016 imitamini.
528 963 670 1033 Christum,
689 964 804 1019 omnium
822 965 875 1018 vir·

84 1034 162 1085 tutum
181 1032 330 1101 exemplar,
356 1033 420 1102 vita,
438 1034 564 1104 moribus,
582 1042 641 1089 tota
658 1033 754 1104 agendi
771 1037 875 1090 ratione

85 1103 203 1158 continuo
223 1103 363 1172 exhibete,
383 1119 431 1159 seu
450 1105 584 1173 specimen
602 1107 701 1162 Christi
726 1107 875 1177 cogitantis,

85 1168 220 1244 loquentis,
235 1175 347 1244 agentis,
361 1177 488 1244 patientis
501 1176 679 1244 undequaque
693 1177 875 1247 circumierim

83 1240 117 1296 ita
132 1253 169 1314 ut,
195 1247 244 1314 qui
262 1262 311 1301 vos
329 1246 452 1316 viderint,
476 1263 526 1302 vos
545 1248 715 1304 christiferos
733 1257 780 1304 aut
799 1250 875 1304 Chri·

85 1313 210 1373 stiiormes
229 1319 288 1371 iure
306 1319 411 1386 possint
430 1318 574 1387 appellare.

114 1385 159 1441 III.
195 1390 308 1443 Bommm
339 1390 487 1458 coemptum
513 1391 647 1458 praebete.
698 1391 876 1461 „Exemplum

84 1462 135 1534 esto
152 1458 274 1514 fidelium
291 1460 318 1513 in
332 1460 424 1529 verbo,
439 1462 467 1514 in
479 1463 691 1530 conversatione,
711 1463 740 1515 in
754 1463 874 1532 caritate,

83 1541 108 1578 ιιι
122 1527 181 1600 fide,
199 1533 231 1585 in
245 1532 394 1585 aasumef‘
411 1535 446 1598 (1.
463 1533 531 1590 Tim.
545 1536 570 1586 4.
585 1535 640 1600 12.)
661 1533 788 1602 „Nullum
800 1539 875 1601 puto,

83 1598 118 1651 m
133 1599 160 1654 S.
176 1603 258 1672 (ἔτερ.
272 1602 323 1670 M,
338 1603 372 1656 ab
392 1603 450 1657 aliis
467 1605 552 1659 maius
570 1602 770 1672 praeiudicium,
796 1619 886 1674 quarn

85 1674 299 1728 asacerdotibus
316 1675 415 1729 tolerat
431 1674 515 1744 Deus,
541 1675 647 1743 quando
673 1690 729 1742 eos,
756 1673 877 1741 quos-ad

85 1738 189 1798 aliorum
207 1745 400 1800 correctionem
418 1746 521 1814 posuit,
547 1746 611 1801 dere
636 1746 669 1800 de
695 1760 724 1801 se
754 1745 877 1812 exempla

84 1814 219 1876 pravitatis
237 1817 329 1884 cernit,
348 1817 454 1884 quando
472 1817 525 1886 ipsi
538 1832 688 1885 peccamus,
707 1817 753 1884 qui
771 1831 876 1884 compe·

85 1895 152 1939 scere
165 1895 280 1955 peccata
293 1887 431 1944 debuimus
446 1928 475 1945 ..
492 1929 499 1942 .
514 1930 521 1945 .
541 1889 629 1943 Causa
644 1894 707 1943 sunt
717 1888 812 1953 ,ruinae
826 1903 874 1956 po·

85 1953 135 2017 iuli
151 1957 307 2014 sacerdotes
325 1960 388 2013 mali
402 2000 409 2014 .
425 2001 431 2013 .
447 2000 453 2014 .
469 2000 476 2014 .
496 1959 578 2015 Cuius
591 1961 648 2014 vito
661 1959 814 2028 despicitur,
828 1974 875 2013 ne·

85 2037 152 2082 cesse
171 2036 221 2099 est,
240 2036 271 2084 ut
289 2030 370 2084 etiam
387 2030 551 2099 praedicatio
570 2031 780 2086 contemnatur.“
808 2029 876 2100 „Mi-

85 2107 139 2150 sera
155 2100 326 2156 sacerdotum
350 2103 516 2157 conversatio
542 2109 583 2157 est
607 2101 693 2171 plebis
720 2101 876 2156 Dominicae

86 2166 237 2227 miserabilis
255 2173 421 2228 subversio.“
440 2173 479 2241 (S.
495 2173 589 2241 Rem.)
622 2174 703 2242 „Vita
721 2173 877 2228 clericorum
957 2200 959 2204 s

87 2233 148 2294 iiber
157 2243 362 2299 estlaicorum.“
375 2243 467 2312 (Oomc.
480 2245 580 2298 Tmou.
591 2247 680 2311 1537.)
694 2274 727 2284 -
742 2243 783 2299 stt
792 2244 875 2298 omni-

87 2304 131 2364 bus
148 2315 299 2383 exemplum
316 2323 434 2370 vestrum
452 2315 628 2384 Evangeiium
646 2317 753 2384 vivens,
782 2330 876 2382 specu·

87 2375 135 2435 lun
150 2384 252 2454 lucens,
270 2387 339 2440 liber
356 2387 464 2442 docens.
501 2386 565 2441 Vita
581 2393 673 2442 vestra
693 2404 752 2442 cum
769 2385 876 2440 nomine

89 2457 112 2503 et
127 2470 184 2511 curn
203 2457 358 2512 charactere
383 2457 534 2512 concordet.
572 2458 638 2512 Cum
654 2458 774 2512 nomine:
800 2457 876 2511 cleri·

91 2533 130 2578 eus
146 2528 291 2582 secundum
314 2529 369 2582 vim
393 2529 507 2584 nominis
531 2545 594 2597 pars
619 2536 647 2584 et
671 2545 730 2584 sors
754 2527 876 2596 Domini,

91 2599 229 2670 Presbyter,
242 2599 375 2668 praebens
388 2601 449 2668 iter,
467 2607 513 2654 aut
527 2601 624 2670 senior,
642 2608 765 2655 nontam
779 2605 876 2667 aetate,

92 2675 159 2728 tuam
171 2670 316 2739 prudentia
329 2678 356 2726 et
369 2687 473 2727 morum
486 2673 633 2740 gravitate3
653 2670 787 2739 sacerdos,
801 2684 878 2724 sacer

93 2731 144 2809 dux,
162 2758 240 2798 sacra
257 2741 332 2812 dans,
356 2758 434 2798 sacra
451 2741 557 2812 docens,
581 2758 659 2797 sacra
676 2742 774 2796 dicens.
811 2740 877 2794 Cum

92 2805 249 2868 charactere:
269 2821 391 2881 quotam
409 2814 462 2868 alte
482 2814 579 2868 ceteris
596 2814 668 2868 vitae
683 2810 876 2867 conditionibus

91 2885 256 2945 praecellitis:
288 2885 350 2954 Epo
369 2885 436 2954 alepi
460 2899 508 2938 cos
525 2884 559 2938 dc
575 2883 685 2938 mmmdo.
718 2883 805 2950 (Joan.
825 2881 878 2946 15.)
