2108 3226
285 139 361 180 Prima
373 139 519 189 praeparatio
532 140 561 180 nd
573 139 671 185 namna
852 137 882 182 89

89 236 189 307 placita,
215 239 339 309 videam,
368 254 423 306 qno
449 237 571 294 affectum
588 237 769 294 inflammante
794 239 829 296 ad
846 256 881 298 ea

88 310 267 378 prosequenda
291 317 351 364 tota
375 311 477 364 virtute
494 309 652 364 incumbam.
688 309 745 364 Fac
763 325 805 365 me
823 311 879 381 dig·

85 395 137 434 num
154 397 249 436 sacrae
270 395 373 436 coenae
392 381 541 450 convivam,
565 396 661 448 meque
679 388 798 436 torrente
816 389 879 438 tnao

85 451 219 520 voluptatis
237 453 356 520 inebria,
374 459 405 506 ut
422 452 533 508 coelesti
544 453 678 508 suavitate
696 451 725 505 in
742 452 793 506 hac
814 453 879 510 divi·

83 521 180 578 masima
207 539 307 580 mensa
335 523 492 592 degustata,
518 524 585 578 nihil
612 529 762 578 venenatae
789 525 880 578 mnndi

84 591 221 652 dulcedinis
240 596 329 649 libeat
347 595 461 663 amplius
481 594 632 663 degustare.
668 594 823 649 Roboretur
840 597 879 650 in·

82 661 181 721 firmitas
199 683 266 720 mea
281 665 440 720 fortitudine
457 674 513 735 tua,
531 667 622 720 vincat
634 666 741 720 bonitas
759 673 808 720 tua
824 682 880 720 ma·

81 733 154 790 litiani
170 753 279 805 meam,
308 745 338 792 et
354 736 509 792 deformitas
533 752 594 792 mea
615 745 664 792 tua
681 735 880 806 pulchritudino

81 804 228 864 decoretur!
271 808 384 862 Sursum
402 809 475 877 erige
497 823 540 862 me
558 823 608 876 per
626 815 796 862 aeternorum
815 807 879 864 affe·

81 877 200 949 ctionem,
229 879 335 947 copula
351 887 440 934 tecum
457 894 507 948 per
530 879 628 934 amoris
646 880 790 949 unitatem,
816 896 880 935 con-

80 962 149 1004 serva
164 966 216 1019 per
234 950 348 1005 finalem
365 951 602 1018 perseverantiam,
624 959 655 1004 ut
671 958 718 1006 tuo
738 951 819 1006 ductu
835 967 878 1006 re·

80 1019 143 1074 volet
160 1023 254 1076 anima
272 1037 337 1076 mea
361 1020 396 1076 ad
419 1029 455 1090 te,
473 1021 632 1090 principium
651 1029 679 1076 et
694 1021 775 1078 finem
792 1039 879 1093 snum,

82 1104 161 1160 aquo
179 1109 324 1161 nunquam
343 1099 491 1161 separetur.
527 1093 621 1148 Amen.

225 1223 306 1268 oratio
320 1223 347 1266 ad
361 1223 504 1266 bardissimus
517 1223 625 1279 Virginem
638 1224 733 1268 Mariam.

113 1303 134 1358 0
147 1311 237 1361 mater
251 1306 364 1374 pietatis
377 1313 405 1360 et
414 1305 621 1376 misericordiae,
632 1305 788 1362 beatissima
794 1305 879 1375 Virgo

81 1371 175 1431 Maria!
200 1393 254 1446 ego
275 1377 359 1431 miser
377 1385 405 1431 et
421 1376 545 1445 indignus
568 1385 695 1444 peccator
719 1377 753 1432 sd
770 1386 798 1432 te
816 1395 878 1434 con·

82 1442 147 1514 fugio
159 1455 219 1504 toto
234 1447 319 1504 corde
334 1455 363 1502 et
376 1447 481 1516 affectu,
502 1455 530 1502 et
548 1465 645 1516 precor
656 1450 785 1516 pietatem
796 1456 879 1518 tuam,

83 1524 109 1571 nt
132 1519 201 1575 sicut
227 1519 385 1574 dulcissimo
412 1519 482 1574 Filio
515 1526 562 1574 tuo
591 1521 620 1573 in
646 1535 725 1574 cruce
751 1519 879 1587 pendenti

84 1588 200 1659 astitisti,
227 1592 271 1644 ita
289 1590 399 1644 etmihi
426 1598 454 1644 et
471 1590 655 1645 sacerdotibus
674 1591 808 1658 omnibus,
835 1591 880 1644 hic

84 1665 107 1712 et
120 1660 147 1714 in
162 1668 223 1717 tota
241 1669 340 1716 sancta
365 1661 478 1716 ecclesia
503 1661 584 1715 hodic
610 1661 798 1729 offerentibus,
827 1661 879 1714 cle·

84 1739 178 1786 neuter
204 1734 337 1788 assistere
365 1731 495 1800 digneris,
525 1740 556 1786 ut
587 1741 636 1786 tua
669 1733 756 1800 gratia
787 1731 880 1801 adiuti,

84 1797 181 1868 dignam
201 1812 231 1858 et
251 1803 444 1872 acceptabilem
460 1803 577 1858 hostiam
600 1804 629 1856 in
647 1809 792 1872 conspectu
809 1819 879 1858 sum·

85 1885 136 1926 mae
148 1882 175 1929 et
187 1874 346 1930 individuae
358 1875 497 1929 Trinitatis
511 1873 608 1928 offerre
621 1875 766 1931 valeamus.
784 1875 878 1930 Amen.

334 2004 410 2048 (intio
423 2005 450 2048 ad
464 2004 488 2048 8.
502 2005 625 2056 doaspbum.

113 2086 252 2158 virginum
272 2096 362 2144 custos
381 2097 408 2142 et
425 2097 518 2157 pater,
548 2095 640 2143 sancte
658 2087 776 2157 Josepb,
802 2087 877 2141 ouius

85 2151 148 2212 fideli
165 2159 291 2216 custodia
314 2161 376 2228 ipsa
400 2160 560 2229 innocentia,
589 2159 710 2214 Christus
728 2160 818 2228 Jesus,
849 2166 878 2212 et

84 2223 158 2298 Virgo
174 2233 320 2300 virginum,
348 2231 444 2298 Maria,
473 2231 614 2286 commissa
629 2231 695 2298 duit3
712 2239 740 2285 to
757 2245 808 2297 pcr
825 2229 878 2283 hoc

86 2305 217 2370 mumque
233 2303 400 2357 carissimum
413 2303 519 2371 pignus,
537 2303 632 2357 Jesum
649 2309 677 2356 ct
689 2302 812 2368 Mariam,
830 2300 878 2354 ob-

86 2381 152 2426 tecto
170 2381 199 2428 et
218 2374 351 2441 obtestor,
369 2379 399 2426 ut
416 2387 458 2427 me
477 2373 511 2426 ab
529 2374 600 2428 omni
617 2372 784 2426 immunditia
799 2385 879 2439 prae·

88 2451 222 2513 servatum,
241 2451 331 2498 mente
348 2445 563 2514 incontaminata,
582 2459 650 2512 puro
668 2443 748 2498 corde
763 2450 791 2496 et
803 2449 878 2496 casto

87 2517 190 2580 ebrpore
214 2517 284 2571 Jesu
309 2523 338 2569 et
358 2515 463 2569 Mariae
490 2530 596 2584 semper
622 2514 706 2569 facias
731 2513 878 2568 castissimo

86 2577 209 2640 fomvrlari.
250 2587 345 2640 Amen.

118 2655 229 2724 Amph.
265 2656 412 2711 Ofelicam
429 2657 531 2726 virum,
560 2657 669 2711 beatum
686 2653 805 2721 Josepb,
835 2652 880 2706 cui

89 2719 171 2780 datum
189 2737 239 2798 cst,
263 2728 360 2796 Deum,
387 2743 467 2796 quem
490 2727 567 2781 multi
583 2743 662 2796 reges
680 2725 823 2779 voluerunt
840 2723 879 2774 vi-

90 2789 155 2864 dete,
172 2805 200 2852 ct
216 2815 271 2854 non
284 2797 417 2866 viderunt,
435 2798 536 2866 audire,
555 2805 584 2852 et
595 2813 650 2852 non
663 2795 813 2859 audierunt,
826 2807 882 2845 non
