2146 3234
173 171 216 215 572
242 146 245 151 Ι
350 175 383 216 Do
396 175 586 218 sacramentorum
599 177 794 222 modone.

174 279 249 330 creta
266 276 442 330 renovatione
460 291 605 332 consensus
623 292 682 330 oum
700 289 750 331 sua
762 282 858 344 putata
874 293 971 349 uxore,

173 352 219 400 aui
238 362 286 401 suo
304 353 399 415 putato
417 348 521 415 marito,
546 347 689 402 certiorato
700 363 756 404 ‚seu
774 349 919 403 cornorum
936 350 972 405 de

171 417 293 472 nullitate
311 419 409 486 prioris
428 433 581 486 consensus,
609 417 657 472 sad
673 419 713 472 ita
731 425 816 488 caute,
834 427 866 474 ut
882 421 972 488 ipsius

172 489 334 556 poenitentis
353 489 477 543 delictum
490 505 619 556 nusquam
635 488 788 558 detegatur3
806 498 912 544 remota
925 508 971 547 oc·

173 559 280 614 casioue
299 559 436 628 peccandi,
462 575 493 614 ac
510 560 629 614 iniuncta
650 561 725 627 gravi
742 562 910 628 poenitentia
927 579 970 619 sa·

107 680 110 683 .
172 629 253 685 lutari
272 637 300 685 et
318 629 491 694 (loniessione
517 631 702 686 sacramentali
726 631 808 692 semel
829 633 858 685 in
876 649 971 690 mense

172 716 222 770 per
238 708 345 770 tempus
362 701 540 770 dispensantis
559 701 668 756 arbitrio
686 702 883 758 statuendum.“

208 773 305 841 „Item:
335 772 514 840 Dispensaudi
539 787 619 840 super
644 773 714 827 dicto
733 773 836 828 occulto
855 775 970 842 impedi·

173 850 271 913 mento,
290 859 339 899 sen
351 843 546 912 impedimentis
563 843 697 899 affinitatis
716 859 749 898 ex
767 845 865 912 copula
877 847 973 902 illicita

173 915 254 968 edam
271 915 299 968 in
315 914 492 970 Matrimoniis
516 914 712 982 contrahendis,
741 914 847 982 quando
871 923 971 972 minem
1056 917 1057 920 ’

173 985 263 1039 omnia
280 992 376 1054 parata
394 987 447 1041 sint
459 984 495 1040 ad
507 987 622 1054 nuptias,
641 1001 691 1040 neo
704 987 905 1042 Matrimonium
923 990 971 1044 ab·

173 1070 239 1126 sque
257 1056 376 1123 periculo
398 1057 487 1124 gravis
506 1056 623 1110 scandali
646 1056 746 1112 differri
774 1059 862 1126 possit
883 1075 971 1128 usque

174 1123 237 1180 dum
256 1127 289 1180 ab
307 1126 463 1194 Apostolica
477 1127 547 1181 Sede
561 1129 674 1182 obtineri
686 1128 773 1196 possit
786 1129 971 1200 dispensatio;

172 1203 276 1251 remota
289 1211 395 1266 semper
408 1198 547 1254 occasione
560 1199 696 1267 peccandi,
710 1206 737 1254 et
749 1198 826 1254 firma
844 1210 970 1256 manente

172 1268 331 1337 conditione,
358 1269 430 1336 quod
448 1270 544 1337 copula
561 1270 652 1324 habita
670 1287 729 1325 oum
746 1278 832 1325 matre
849 1273 970 1328 mulieris

171 1338 252 1394 huius
269 1339 435 1394 nativitatem
451 1357 506 1394 nou
524 1340 677 1410 antecedat3
707 1341 826 1396 iniuncta
841 1343 871 1396 in
885 1345 970 1411 quoli-

171 1409 218 1466 bet
236 1426 301 1466 casu
318 1411 483 1478 poenitentia
500 1412 637 1466 salutari.“

208 1481 272 1550 „XL
297 1481 477 1550 Dispensandi
496 1497 576 1550 super
601 1483 704 1537 occulto
723 1483 837 1538 crimims
855 1484 968 1553 impedi·

171 1561 270 1623 mento,
298 1551 439 1608 dummodo
464 1554 499 1608 sit
518 1555 618 1621 absque
636 1554 691 1608 ulla
708 1555 913 1625 machinatione,
941 1563 969 1610 et

172 1631 268 1692 agatur
290 1623 323 1678 de
341 1625 512 1679 Matrimonio
536 1625 590 1678 iam
614 1631 766 1694 conmacm3
791 1626 899 1680 monitis
917 1643 967 1697 pu-

172 1696 236 1752 tatis
254 1695 409 1764 coniugibus
428 1695 461 1750 de
475 1695 627 1750 necessaria
645 1711 789 1751 consensus
803 1703 908 1751 secreta
924 1713 966 1752 re·

172 1768 325 1836 novatione,
351 1782 384 1821 ac
400 1767 503 1822 iniunta
521 1768 597 1834 gravi
613 1768 777 1836 poenitentia
794 1767 914 1837 mutari,
939 1776 967 1823 et

173 1837 346 1893 Confessione
365 1839 549 1892 sacramentali
572 1839 654 1892 semel
672 1839 791 1906 quolibet
806 1853 898 1894 mense
914 1848 968 1907 per

168 1913 276 1976 tempus
293 1909 471 1977 dispensantis
488 1909 589 1976 pariter
606 1910 715 1964 arbitrio
733 1909 930 1964 statuendum.“

209 1979 286 2046 „XlL
304 1979 485 2048 Dispensandi
502 1995 583 2049 super
599 1980 786 2049 impedimento
804 1981 889 2050 tertii,
916 1996 965 2037 sao

170 2049 244 2102 terni
262 2055 289 2104 et
302 2051 398 2120 quau,
416 2051 460 2106 vel
473 2052 561 2119 quarti
574 2051 701 2119 simplicis
714 2051 821 2121 modus,
835 2051 891 2107 sivo
905 2067 965 2120 gra·

170 2117 252 2172 duum
265 2123 502 2190 consanguinitatis
519 2123 564 2176 vel
581 2121 722 2192 affinitatis,
740 2138 821 2191 super
837 2138 898 2190 quo,
917 2139 965 2178 sen

171 2190 267 2256 quibus
285 2191 395 2246 obtenta
408 2192 490 2248 fuerit
498 2192 661 2261 dispensatio
677 2193 710 2247 ab
720 2194 876 2262 Apostolica
887 2193 965 2262 Sede,

171 2266 200 2314 et
216 2260 244 2314 in
260 2261 356 2317 litteris
374 2263 525 2318 huiusmodi
542 2263 746 2333 dispensationis
762 2265 868 2319 reticita
885 2264 966 2320 firerit

171 2330 325 2386 incestuosa
342 2335 446 2403 copula,
465 2350 534 2403 quae
547 2343 636 2390 tamen
650 2336 754 2391 occulta
769 2341 915 2405 remaneat,
934 2351 964 2390 ac

170 2401 251 2456 etiam
269 2401 448 2474 dispensandi,
473 2421 522 2460 seu
538 2405 704 2461 revdidandi
729 2407 832 2462 fitteras
849 2406 964 2475 Aposto-

168 2471 235 2528 lioas
254 2473 383 2530 eiusmodi
400 2477 498 2545 muns,
517 2493 549 2531 ac
561 2478 647 2532 nullas
664 2476 783 2534 redditas
801 2494 836 2532 ex
852 2478 963 2546 incon,

170 2543 227 2598 sive
240 2551 304 2612 post
316 2547 427 2613 petitam
440 2546 673 2616 dispensationem,
688 2549 745 2603 sive
759 2556 822 2618 post
834 2549 905 2604 illius
919 2563 964 2604 ex·

169 2613 346 2684 peditionem,
370 2624 398 2671 et
423 2624 485 2672 ante
503 2634 547 2674 res
567 2620 679 2674 estivam
703 2621 901 2676 exsecutionem
917 2636 965 2688 pa·

170 2690 251 2753 trato,
270 2692 298 2740 et
310 2686 407 2741 iterato
421 2703 506 2755 usque
525 2635 565 2743 ad
577 2689 697 2744 eamdem
714 2692 920 2759 msoouoonem,
937 2692 965 2745 in

172 2754 278 2810 easibrn
296 2771 402 2824 semper
420 2759 538 2829 occultis,
556 2760 614 2815 sive
630 2767 726 2830 agatur
743 2761 777 2816 de
794 2762 964 2817 Matrimooio
1034 2789 1038 2804 ·

172 2825 363 2896 contrahendo,
382 2828 439 2882 sive
456 2828 509 2882 iam
527 2838 679 2901 contraoto;
703 2833 811 2890 monitis
828 2833 856 2887 in
872 2833 965 2888 Matri·
