2146 3234
381 199 540 248 nxsaqnisrnm
554 199 618 242 ordo.
858 197 897 240 669

98 303 192 360 arsos
210 319 271 357 cam
289 301 403 356 amoeno
423 307 448 356 et
460 303 606 384 assistente,
625 301 740 370 altisone
757 303 897 371 minatae,

98 381 124 430 et
138 375 215 443 facta
231 375 381 428 rcoamtia
398 373 489 440 attari,
507 374 578 427 sistit
594 387 623 426 se
636 379 730 426 contra
744 389 847 427 cracem
860 375 898 428 aa

94 446 180 516 pedes
194 445 321 512 adunat,
339 449 410 498 retro
425 443 576 498 montana
589 445 616 498 ei
628 460 646 496 a
659 445 777 498 ananie
791 444 895 500 anooas

100 518 237 587 acolythis,
264 531 319 570 ano
342 531 403 569 cam
427 515 563 569 maritata
589 521 614 569 et
637 515 796 568 nastasia
783 517 894 583 incensi,

99 589 184 642 attero
208 603 269 642 cans
291 602 355 640 oasa
373 603 460 654 aqaae
478 587 630 640 benedictae
650 591 675 640 et
693 588 897 654 aspasortaet

100 659 222 728 ocotpttso
239 673 287 712 sea
313 659 407 712 clerico
431 663 535 712 tenesne
552 658 657 727 tamen,
683 657 803 712 absolate
830 657 898 712 aicit

99 735 248 798 sequentem
269 727 437 783 Orationem:

136 801 197 856 Non
215 799 680 868 intres'miudiciumoumserv01)
698 807 754 869 tuo,
773 799 896 867 Domine,

101 873 163 940 quiin
180 872 268 926 nuilus
286 871 358 940 apud
375 878 403 926 te
421 870 613 926 iustificabitur¹
624 872 713 939 hamo,
732 871 784 926 nisi
801 886 851 940 per
870 877 897 926 te

101 943 218 999 omnium
235 949 405 1011 peccatorum
419 943 444 997 ai
456 943 590 998 tribuatuu
608 943 738 998 remissio.
757 942 819 998 Non
833 957 897 1011 ergo

101 1029 171 1084 eum,
196 1029 364 1084 quaesumus,
395 1020 444 1068 tua
465 1014 597 1069 iudicialis
621 1015 754 1070 sententia
784 1020 897 1082 premat,

102 1101 181 1154 quem
203 1086 253 1140 tibi
276 1100 343 1140 vera
371 1085 530 1152 supplicatio
554 1084 619 1139 fidei
643 1086 803 1141 christianae
828 1101 898 1140 com·

103 1156 227 1226 mendat;
256 1155 305 1211 sed
329 1157 416 1224 gratia
437 1163 485 1210 tua
508 1157 547 1210 iiii
565 1165 744 1226 succurrente,
763 1163 898 1212 mereatur

103 1227 218 1282 evadere
235 1227 362 1281 iudicium
385 1226 501 1296 ultionis,
527 1228 573 1294 qui
591 1227 654 1281 dum
670 1229 798 1282 viveret
791 1228 899 1312 iusigni-

102 1307 148 1354 tus
172 1305 214 1353 est
237 1297 373 1366 signaculo
399 1304 507 1352 sanctae
534 1297 687 1368 Trinitatis3
713 1299 759 1367 qui
783 1300 852 1355 vivis
872 1307 899 1354 et

101 1385 200 1438 regnas
217 1369 246 1422 in
264 1368 370 1422 saeculo
389 1367 564 1422 saeculorum.
583 1397 617 1408 -·
635 1369 671 1424 R.
689 1369 785 1427 Amen.

139 1443 165 1497 8.
183 1439 290 1494 Deinde
313 1455 346 1492 ca
377 1453 422 1492 arc
445 1440 597 1522 incipiente,
563 1441 707 1494 icioma
725 1442 900 1495 circumstans

105 1515 199 1566 cantat
216 1499 327 1578 sequena
385 1512 562 1577 sponatanee
568 1510 590 1580 ²)

14 1611 15 1618 ι
140 1581 240 1634 Libera
257 1595 308 1648 me,
326 1580 449 1648 Domine,
468 1579 501 1634 de
519 1588 605 1635 morte
620 1581 763 1650 aeterna,
755 1598 784 1635 m
802 1581 902 1636 dieilla

14 1679 15 1688 ι
103 1651 257 1719 tremenda3
276 1651 383 1718 quanda
397 1620 465 1705 coeli
478 1651 603 1708 movendi
615 1658 678 1706 sunt
691 1659 718 1706 at
731 1659 818 1720 terra3
836 1650 900 1706 (lum

102 1723 209 1777 veneris
226 1721 344 1777 iudicare
363 1723 498 1777 saeculum
515 1724 680 1806 perignem.

144 1793 174 1848 V.
193 1793 322 1848 Tremens
338 1792 426 1848 iactus
444 1810 502 1848 snm
521 1809 580 1865 ego,
604 1802 632 1849 et
649 1795 739 1862 timeo,
767 1791 830 1846 dum
849 1792 900 1848 dis-

103 1865 192 1920 cussio
209 1865 323 1934 venerit,
350 1871 430 1932 atqua
447 1866 587 1921 ventura'
579 1881 681 1923 na-
701 1863 813 1932 Quando
832 1863 901 1919 coeli
931 1875 937 1889 ·

104 1935 229 1992 movendi
247 1942 309 1992 sunt
327 1943 355 1990 et
370 1941 452 1993 terra.

144 2007 174 2063 V.
192 2007 259 2062 Dies
282 2006 337 2076 illa,
362 2006 450 2062 dies
442 2022 500 2062 naa
533 2006 690 2062 calamitatis
716 2014 743 2062 et
767 2006 900 2075 miseniae,

103 2078 161 2134 dies
179 2093 276 2146 magna
294 2084 322 2133 et
339 2093 430 2133 amana
447 2048 541 2134 scitia:

139 2151 211 2204 Dum
229 2149 335 2205 veneris
354 2155 404 2204 etc.

142 2223 172 2276 V.
190 2221 321 2290 Requiem
339 2228 475 2276 aeternam
501 2219 572 2276 dona
597 2219 630 2289 ei,
654 2218 777 2289 Domina,
803 2226 830 2274 et
854 2217 902 2274 lux

102 2299 235 2362 perpetua
251 2293 341 2346 luceat
358 2291 391 2346 ei.

143 2365 173 2418 V.
192 2365 293 2419 Libera
309 2379 352 2416 me.
371 2370 421 2418 etc.

118 2495 141 2548 1)
154 2497 189 2535 lix
202 2497 295 2536 decretis
313 2497 335 2537 Β.
345 2497 371 2540 D.
381 2499 405 2539 0.
419 2497 439 2537 d.
454 2493 522 2540 (1.31.
537 2498 594 2546 Aug.
613 2492 674 2538 leat.
694 2498 717 2535 et
730 2491 762 2535 21.
777 2494 827 2538 Jan.
842 2489 901 2536 1741.

157 2551 244 2598 quando
259 2555 292 2590 est
306 2552 396 2597 multer.
417 2553 456 2590 ant
470 2551 543 2600 pluras
559 2552 610 2590 sunt
624 2549 729 2598 defuncti,
755 2549 811 2587 nihil
824 2549 902 2587 immn-

157 2607 206 2642 tare
217 2605 269 2642 licet
282 2605 305 2643 in
318 2605 361 2644 hae
376 2605 487 2646 Oratione.

118 2663 140 2716 ²)
154 2666 326 2715 Responscrimn
339 2669 416 2708 Libera
437 2667 558 2708 cenandum
577 2677 622 2706 non
640 2669 675 2706 ast
693 2666 737 2706 nial
749 2666 812 2706 finita
825 2665 902 2714 Missa,

158 2723 180 2758 st
196 2721 327 2760 conveniens
341 2727 381 2770 ast,
396 2721 489 2762 utillud
503 2723 604 2760 mutares
617 2720 724 2770 incipiant
738 2731 787 2760 cnm
801 2718 903 2758 sacerdos

156 2773 225 2812 fuerit
239 2773 329 2822 pluviali
342 2774 431 2814 indutus
445 2776 467 2813 et
481 2775 627 2814 subdiaconus
647 2784 696 2814 cum
717 2783 781 2812 amca
795 2773 823 2812 ad
837 2772 903 2820 pedes

159 2826 239 2866 tumult
254 2829 387 2876 pervenerit,
408 2827 494 2868 etiamst
509 2831 606 2868 castrum
619 2827 701 2867 doloris
722 2826 780 2866 adsit
794 2827 817 2865 in
831 2824 903 2864 medio

158 2880 224 2923 chori,
253 2879 282 2927 (S.
297 2880 324 2921 B.
339 2881 360 2926 0.
374 2880 393 2922 t.
408 2881 464 2932 Sept.
480 2880 549 2932 1861.)
