2130 3242
165 158 209 204 820
342 163 373 202 De
388 163 580 205 ornamentorum
593 163 790 208 administratione.
1018 215 1020 219 Ι

164 263 245 332 wit,
272 263 366 334 forma,
393 265 527 334 miniatem
545 265 612 319 alin
626 265 661 318 ad
676 265 749 320 iliius
771 265 969 320 solemnitatem

168 336 328 405 pertineant,
346 343 376 389 ut
397 337 463 390 ritus
479 352 509 390 ac
523 337 715 406 caeremoniae,
724 337 743 404 1)
763 351 829 404 quac
844 351 878 391 ox
892 338 968 406 Apo·

168 406 263 461 stolica
281 413 308 460 et
326 407 508 474 antiquissima
525 407 668 462 traditione
683 414 806 476 acceptas
825 414 853 462 ot
867 423 968 477 appro-

168 477 255 546 batas,
272 479 325 532 nini
342 479 509 532 necessitatis
523 481 613 547 causa,
634 479 755 533 omittere
773 478 911 548 nonlicet,
932 479 968 535 de

166 549 200 603 iis
219 549 309 616 aliqua
326 549 526 616 praemonenda
544 557 617 618 runt,
644 557 676 604 ut
698 563 802 604 oacrum
820 550 872 605 hcc
889 551 969 605 mini·

168 619 278 675 sterium
296 621 347 674 rito
366 636 397 674 ac
416 629 506 675 sancte
525 627 677 689 peragatur.
827 640 832 648 ¹

203 691 247 745 De
272 693 388 746 manin
405 692 549 760 Bapticmc'.
587 695 612 748 3.
637 694 677 746 Ac
698 691 814 760 primum
835 691 972 760 intelligat

167 761 317 832 parochus,
346 778 406 816 cum
423 761 502 817 huius
521 761 685 818 sacramenti
707 761 819 818 materia
843 763 879 818 eit
897 779 971 832 aqua

72 853 74 857 ·
167 847 234 957 rega
252 849 283 888 ac
300 834 437 902 naturalis,
455 833 557 890 nullum
575 833 657 888 alium
673 833 804 902 liquorem
822 833 858 888 ad
874 833 904 889 id
922 833 971 890 ad·
1020 873 1028 887 .

167 905 197 960 hi
216 904 255 958 eri
272 919 362 972 posse.
513 925 517 934 ¹

203 977 229 1030 4.
247 974 327 1042 Aqua
344 973 409 1030 vero
429 976 554 1032 solemnis
571 976 702 1047 Baptismi
720 975 755 1032 sit
779 990 812 1030 eo
831 991 902 1030 auno
921 977 968 1032 be·

167 1045 274 1102 nedicta
295 1046 322 1099 in
341 1045 459 1102 Sabbato
484 1055 576 1104 sancto
594 1047 751 1116 Pambotis,
779 1047 823 1100 vel
848 1047 967 1105 Sabbata

166 1113 358 1186 Pentecosten,
387 1123 456 1186 quae
482 1119 510 1174 iu
533 1119 607 1174 fonte
626 1118 723 1174 mundo
751 1118 836 1172 nitida
853 1127 882 1173 ct
899 1135 970 1188 pura

169 1185 315 1255 diligenter
325 1197 511 1258 conservetur3
531 1197 558 1244 et
575 1191 651 1260 haec,
671 1189 777 1257 quando
795 1206 868 1244 nova
885 1191 968 1246 beno·
1045 1233 1046 1246 ,

144 1309 148 1316 .
167 1257 281 1313 dicenda
299 1267 347 1328 est,
366 1261 394 1313 in
408 1261 536 1316 ecclesiae
550 1263 594 1316 vel
608 1261 699 1330 potius
712 1261 863 1330 baptisterii
877 1277 967 1318 sacra·

166 1329 237 1386 rium
255 1329 414 1386 effundatur.

203 1401 229 1457 5.
248 1399 277 1456 Si
295 1417 365 1470 equa
382 1401 523 1458 benedicta
540 1409 596 1458 tarn
613 1403 751 1458 imminuta
769 1399 811 1471 ait,
830 1407 861 1456 ut
878 1402 966 1458 minua

167 1470 287 1528 sufficere
305 1473 436 1542 videatur,
458 1473 512 1528 alia
528 1491 582 1529 non
600 1470 742 1528 benedicta
760 1473 900 1548 admisceri
918 1490 965 1546 po·

166 1549 229 1612 tect,
247 1543 276 1601 in
293 1545 389 1602 minori
406 1552 496 1600 temen
515 1547 671 1616 quantitate.
769 1601 771 1610 Α

204 1617 229 1668 6.
249 1615 278 1669 Si
290 1631 355 1670 vero
370 1624 497 1685 corrupta
508 1616 597 1686 fiuerit,
618 1624 665 1672 aut
679 1613 818 1684 effluxerit,
837 1623 884 1670 aut
901 1631 966 1684 quo·

167 1685 209 1740 vie
227 1686 306 1742 modo
325 1685 461 1756 deiecerit
487 1689 621 1756 parochus
639 1689 667 1742 iu
685 1687 785 1742 fontem
803 1688 873 1742 bene
892 1705 966 1742 muu-

167 1755 258 1812 datum
277 1774 309 1814 ac
320 1758 433 1814 nitidum
446 1765 581 1815 recentem
594 1774 692 1827 aquam
704 1757 835 1827 infundat,
853 1773 966 1827 comque

167 1828 308 1954 bougdicct
321 1845 356 1883 ex
366 1828 489 1899 formula,
508 1845 577 1898 quae
595 1832 625 1884 in
637 1830 738 1885 Rituali
751 1830 873 1886 Romano
887 1845 965 1900 prae·

167 1899 220 1954 sari
238 1899 301 1955 itur.
899 1919 904 1932 ·

204 1973 229 2026 7.
249 1969 303 2024 Sed
321 1972 344 2025 ai
362 1987 432 2039 aqua
449 1972 615 2040 conglaciato
633 1972 676 2042 sit,
696 1979 812 2040 curetur,
831 1979 862 2027 ut
879 1973 964 2042 iique

167 2037 230 2108 fiat3
257 2041 299 2095 siu
317 2050 406 2096 autem
425 2057 459 2096 ox
475 2051 553 2111 perce
572 2044 712 2112 congelata
730 2044 772 2112 sit,
793 2051 839 2098 aut
856 2045 966 2098 nimium

167 2109 279 2180 frigidm
303 2115 403 2180 poterit
420 2129 516 2181 parurn
534 2115 767 2183 aquaonaturalis
785 2116 840 2169 noir
857 2115 966 2170 benedi·

167 2187 228 2236 ctae
241 2183 396 2254 calefacere
412 2193 439 2239 ot
453 2185 598 2240 admiscere
613 2200 699 2252 aquae
712 2185 865 2254 baptismali
878 2188 907 2241 iu
920 2201 965 2241 vo·

167 2253 242 2309 oculo
261 2253 295 2307 ad
313 2253 341 2307 id
353 2263 457 2326 parato,
477 2263 504 2312 ct
522 2272 555 2312 ea
572 2257 707 2326 tepefacta
725 2257 759 2311 ad
777 2257 965 2326 baptizandum

166 2323 215 2393 uti,
233 2341 267 2379 no
284 2335 381 2381 noceat
398 2327 537 2383 infantulo.

203 2395 247 2449 De
261 2397 353 2462 forma
370 2398 514 2468 Bapticmc'.
546 2399 571 2454 8.
591 2397 722 2466 Quoniam
735 2398 867 2468 Baptismi
880 2397 966 2454 forma

166 2465 209 2521 his
227 2467 317 2522 verbis
331 2484 473 2538 expressa:
496 2469 558 2539 Eoo
577 2475 602 2524 te
621 2471 727 2539 baptizo
747 2472 777 2525 irc
790 2471 898 2524 comate
912 2470 964 2524 Pa·
1045 2517 1046 2528 ,

167 2536 219 2592 trra
236 2543 261 2592 et
277 2539 355 2608 Filii,
375 2546 400 2596 et
417 2539 657 2608 Sarromaena,
684 2541 790 2600 omuino
816 2541 967 2600 necessaria

168 2615 224 2676 cot;
241 2609 303 2664 ideo
321 2625 382 2666 cam
399 2612 479 2666 nullo
490 2611 654 2683 modollioot
669 2620 783 2682 moure,
805 2611 856 2668 aod
873 2612 966 2667 endon

167 2715 328 2730 m

184 2765 204 2813 ¹)
218 2769 250 2810 De
263 2771 285 2809 vt
299 2773 322 2810 et
336 2771 433 2811 utilitate
447 2774 524 2812 harum
538 2775 725 2814 coeremoniarum
739 2775 788 2815 rinc
801 2774 890 2815 (letech.
905 2773 965 2815 Bon.

222 2837 279 2883 perc
293 2832 324 2878 11.
339 2847 386 2885 cap.
400 2834 419 2879 2.
436 2848 472 2886 qu.
487 2835 584 2882 en-to.
