2106 3228
248 199 350 241 Materiae
362 197 530 240 nonnullarum
543 197 714 240 meditationum.
858 193 887 238 tt

121 302 165 354 52.
183 303 358 356 Meditatio:
384 301 433 356 De
451 299 480 355 S.
498 301 621 369 Joseptcs,
638 301 674 354 B.
696 301 727 354 V.
745 315 852 369 apum

125 387 144 442 1.
171 388 282 444 Sanctus
299 389 407 458 Joseph
421 389 526 442 Mariae
545 405 658 458 sponsus
676 388 727 443 fuit
744 387 817 442 haud
836 387 883 442 du-

95 457 130 511 bie
147 460 304 528 singularem
323 468 441 530 propter
454 461 604 528 puritatem.
634 460 720 526 Quam
738 459 884 527 gloriosum

94 529 142 599 tibi,
162 533 202 584 vir
216 533 392 602 sanctissime,
418 547 543 600 sponsam
561 531 662 585 habere
676 532 704 584 in
718 530 801 584 coelis
815 538 842 584 et
856 532 884 585 in

93 601 162 656 terris
175 604 394 672 omnipotentem,
419 619 450 656 ac
464 609 526 656 tuae
540 602 671 656 voluntati
686 601 807 670 apprime
821 617 883 655 con·

94 674 250 728 sentientem!
267 705 301 714 —
322 676 392 728 Esto
411 681 518 743 castus,
540 674 647 728 humilis
662 680 689 727 et
703 671 840 726 modestus
854 680 885 728 ut

94 740 118 795 S.
134 743 244 814 Joseph,
274 752 303 800 et
321 745 458 799 adamabit
481 751 509 798 te
533 745 628 799 Maria,
665 745 710 798 Ad
734 743 883 798 sanctitatis

93 813 183 880 apicem
201 817 278 870 brevi
291 814 456 885 perveniet,
472 817 517 884 qui
538 824 657 870 sanctum
670 817 742 869 hunc
755 815 883 884 imitatus,

92 883 169 938 Deum
186 895 359 955 praesentem
385 901 416 941 ac
442 887 546 955 singula
564 887 698 941 videntem
716 886 882 955 cogitaverit.

121 955 152 1009 11.
179 958 205 1012 S.
225 960 331 1026 Joseph
349 958 401 1012 fuit
417 959 485 1012 Jesu
503 959 628 1012 numitius
645 973 757 1026 parens;
777 964 804 1011 et
822 959 883 1026 ipse

92 1023 162 1082 Jesus
181 1037 238 1084 erat
257 1029 383 1084 subditus
400 1029 448 1084 illi.
479 1029 548 1084 Vide
566 1030 741 1083 humilitatem
760 1028 882 1082 Salvato-

92 1097 131 1166 ris,
148 1101 199 1170 qui,
219 1117 279 1155 cum
293 1102 323 1154 in
336 1101 453 1168 Augusti
469 1109 516 1154 aut
528 1101 644 1155 Herodis
657 1101 733 1169 regia
746 1101 820 1155 nasci
833 1115 882 1168 po·

92 1169 185 1240 tuissct,
209 1187 359 1241 pauperem
384 1179 411 1226 et
432 1172 593 1240 incognitum
607 1171 658 1226 sihi
671 1172 755 1226 voluit
768 1179 881 1240 patrem,

94 1240 132 1305 qui
149 1243 302 1308 quotidiano
322 1242 421 1298 sudore
439 1243 538 1297 victum
562 1250 589 1296 et
605 1243 731 1296 vestitum
749 1243 801 1311 ipsi
818 1259 881 1311 pro-

94 1321 196 1367 curaret,
233 1315 368 1382 Exemplo
388 1313 415 1367 S,
434 1315 537 1382 Joseph
554 1330 689 1382 nunquam
713 1315 846 1382 separeris
865 1329 883 1367 a

95 1379 204 1453 Christo,
223 1401 285 1440 eum
303 1393 401 1440 testem
419 1384 520 1440 habeas
537 1386 653 1439 omnium
673 1385 805 1439 actionum
822 1391 881 1438 tua·

94 1465 152 1522 rum,
179 1463 283 1510 etcum
303 1473 336 1511 eo
356 1457 463 1525 saepius
481 1457 649 1523 colloquaris,
686 1456 745 1522 Quo
767 1455 882 1509 maxime

96 1527 202 1590 potueris
220 1528 310 1596 modo,
337 1535 395 1582 esto
414 1528 580 1596 misericors;
609 1543 678 1596 quiae
698 1528 767 1581 enim
785 1526 883 1580 feceris

96 1599 203 1666 pauperi,
223 1599 331 1653 Christo
350 1598 445 1653 iecisti.

124 1665 167 1720 ΠΙ.
194 1669 221 1722 S.
239 1671 345 1738 Joseph
370 1671 441 1723 inter
464 1669 558 1724 heatus
576 1669 643 1724 Jesu
661 1675 689 1722 et
705 1667 809 1720 Mariae
828 1681 882 1720 am·

98 1734 182 1800 plexus
196 1742 352 1810 exspiravit.
381 1741 466 1808 Quam
479 1740 544 1794 felix
558 1741 659 1794 obitusi
687 1738 763 1791 Piam
777 1752 808 1790 ac
822 1753 882 1792 san·
907 1747 911 1757 '

98 1813 157 1861 ctam
173 1818 285 1866 mortem
300 1811 397 1880 cupis?
423 1811 476 1865 huc
490 1812 672 1879 cogitationes,
697 1809 750 1862 huc
764 1809 882 1864 actiones

98 1879 151 1932 tuae
167 1881 326 1937 referantur.
367 1883 432 1936 Ccle
457 1889 485 1937 et
507 1883 603 1936 invoca
628 1887 747 1940 sanctum
766 1879 882 1948 Joseph;

99 1947 197 2006 affirmat
214 1955 314 2023 quippe
329 1953 357 2007 S.
372 1953 511 2022 Theresia,
531 1969 560 2008 se
578 1952 644 2006 nihil
657 1968 711 2005 non
723 1952 882 2020 impetrasse

98 2015 157 2100 fliius
175 2026 283 2080 meritis.
322 2024 436 2093 Semper
453 2025 481 2078 in
499 2039 546 2078 ore
564 2024 674 2092 habeas,
693 2021 741 2078 sed
758 2036 882 2091 praeser-

98 2093 137 2172 tun
152 2093 264 2150 instante
283 2105 384 2164 morte,
410 2095 591 2164 pulcherrima
613 2103 640 2149 et
658 2095 815 2149 suavissima
833 2107 881 2147 no·

97 2173 157 2216 urna
173 2167 246 2236 Jesu,
263 2167 377 2236 Mariae,
395 2167 507 2236 Joseph.

129 2270 172 2327 53.
190 2273 373 2327 predicatio:
398 2273 443 2326 Dc
460 2273 678 2327 maceratione
695 2272 731 2329 B.
749 2271 790 2324 M.
813 2269 844 2322 V.

109 2354 143 2434 ΙΙ.
167 2357 251 2415 Hodie
269 2361 359 2415 Maria
375 2359 407 2415 ht
424 2367 510 2415 mater
528 2361 588 2414 Dei.
625 2360 767 2414 Humilitas
787 2366 814 2412 et
831 2374 881 2426 pu·

98 2429 151 2480 nas
168 2431 223 2485 eius
240 2439 343 2486 tantum
361 2431 493 2486 honorem
515 2432 568 2498 ipsi
585 2437 756 2500 pepererunt.
792 2429 881 2483 Prohi

99 2505 183 2560 intutu
200 2503 264 2556 mihi
282 2502 380 2571 gaudio
401 2509 442 2557 est
461 2503 559 2570 divina,
586 2503 682 2569 Maria,
709 2509 737 2556 et
755 2501 881 2555 excelsis·

99 2566 154 2622 tius
166 2571 229 2627 haec
244 2573 358 2642 dignitas
372 2576 434 2627 tuat
467 2574 567 2628 Verum
585 2575 608 2628 si
626 2589 655 2628 es
669 2573 758 2627 Mater
773 2571 881 2638 Christi,

100 2645 172 2694 natu
190 2658 218 2697 es
236 2647 327 2712 utique
347 2645 566 2699 Christianorum.
601 2644 684 2699 Ome
702 2643 821 2698 feHcemi
850 2647 882 2695 ut

101 2705 144 2790 Dei
155 2712 271 2770 (ianitrix
286 2717 376 2771 omnia
388 2723 481 2784 potes3
506 2723 537 2769 ut
556 2723 642 2770 mater
661 2730 722 2768 mea
735 2713 824 2767 omnia
837 2727 882 2765 cu-

101 2791 135 2842 ii!
150 2799 207 2838 mea
223 2790 317 2841 causai
355 2787 469 2841 Possum
494 2788 575 2841 etiam
599 2788 666 2854 ipse,
692 2784 804 2848 sivoio,
832 2797 893 2848 per,

101 2845 176 2922 hen,
203 2859 321 2928 gratiam,
350 2859 489 2912 caritatem
513 2858 648 2912 Christum
672 2856 701 2907 in
724 2851 805 2906 corde
822 2863 884 2902 meo
