2128 3228
235 165 268 205 os
281 164 432 204 rancuomonr
444 163 512 204 toriae
525 163 564 203 VI.
578 163 601 208 in
614 164 741 208 Parasoera.
844 161 885 204 ’dib

86 266 165 322 nibus
183 264 280 320 iunctis
299 264 402 320 accedit
420 264 455 319 ad
472 265 565 319 altare.
602 264 628 332 2)
653 265 685 318 In
702 265 783 333 plano
801 272 885 336 stans,

85 338 195 392 inchoat
213 337 269 391 alta
281 352 347 392 voce
361 335 542 405 Antiphonem
556 336 715 390 Dioabcruat
727 336 787 406 sabi,
806 353 886 404 quam

85 408 260 476 prosequitur
278 424 336 462 cum
354 407 461 462 Psalmo
480 407 566 473 Dcua,
593 406 670 461 Deua
686 423 768 473 rocas,
785 409 886 475 respice

86 481 118 534 in
130 495 172 534 mc
186 485 237 534 etc.
258 481 302 545 (ecc
317 479 412 546 feriali
432 478 522 545 officio
536 478 574 532 ad
586 478 718 546 Primam,
736 478 808 544 scria
825 478 885 546 Vl.)

87 551 203 605 recitans
228 550 303 605 illum
329 566 388 604 cum
414 550 525 605 clericis.
561 549 588 616 3)
613 549 723 603 Interim
748 549 887 606 celebrans

87 621 207 676 ascendit
226 621 260 675 ad
279 622 372 690 altare,
391 620 463 688 quod
481 618 599 674 denudat
617 619 764 675 amovendo
784 620 886 675 tobale-

39 727 45 736 .
87 709 131 746 am
149 693 323 761 superiorem,
343 699 371 747 et
389 693 463 746 alies.
500 695 527 757 4)
548 691 643 745 Clerici
661 691 793 759 recipiunt
810 691 886 746 toba-

86 764 159 832 leas,
189 771 217 818 et
235 771 360 818 amovent
385 763 419 817 ab
437 764 516 818 altari
540 760 740 832 vasadorum,
767 762 887 830 pallium,

86 841 178 902 tapete
198 841 247 890 etc.
267 834 352 902 adeo,
379 834 455 888 utin
473 834 551 888 altari
568 849 623 888 non
640 840 810 901 remaneant,
833 832 887 889 nisi

89 922 164 974 crux,
184 913 212 960 et
229 906 390 960 candelabra
407 921 467 960 cum
485 905 602 960 candelis
621 905 765 962 exstinctis.
791 906 818 964 ὅ)
837 904 886 959 Ce-

44 1021 46 1026 .
88 978 204 1045 lebrans,
233 977 367 1032 denudato
387 976 464 1032 altari
481 976 590 1044 maiori,
611 975 733 1044 procedit
751 975 786 1030 ad
803 974 886 1030 denn-

87 1046 222 1103 dationem
239 1049 403 1116 reliquorum
421 1048 555 1116 aarum,
583 1047 606 1102 si
630 1047 708 1115 plura
726 1047 822 1102 adsint
858 1047 885 1116 6)

85 1118 238 1174 Denudatie
253 1119 390 1187 altaribus,
409 1118 547 1173 celebrans
560 1116 631 1173 redit
648 1125 710 1174 ante
727 1119 812 1173 altare
830 1133 885 1172 ma·

86 1190 138 1258 ius,
155 1190 202 1244 ubi
215 1197 277 1257 post
297 1190 418 1244 ultimum
435 1203 542 1244 versum
554 1189 662 1258 Psalmi,
680 1190 796 1258 repetita
809 1189 890 1244 Anti·¹

86 1260 187 1328 phona‚
206 1259 360 1328 genuflectit
378 1259 413 1313 ad
431 1260 535 1328 signum
555 1259 729 1314 meridianum
743 1260 886 1316 Saiutatio·

87 1331 130 1385 nis
148 1330 302 1398 Angelicae.
337 1331 363 1399 7)
383 1330 501 1386 Clericus
520 1347 580 1385 oum
598 1331 700 1386 crotalo
718 1332 764 1386 dat
782 1333 886 1400 signum
913 1327 916 1336 '

88 1399 263 1456 Salutationis
277 1401 430 1470 Angelicae,
450 1402 484 1456 ad
502 1401 574 1468 quod
592 1416 683 1456 omnes
697 1401 885 1470 genuflectunt.

87 1472 115 1541 8)
136 1471 227 1540 Surgit
240 1472 336 1527 deinde
350 1472 497 1541 celebrans,
516 1479 545 1526 et
557 1471 629 1526 facta
641 1474 792 1528 reverentia
805 1473 885 1542 cruci,

88 1543 152 1610 qnia
169 1550 289 1613 paratus,
309 1543 411 1598 clericis
431 1541 679 1611 genuflectentibus,
697 1545 840 1598 revertitur
857 1544 886 1598 in

88 1613 245 1668 sacristiam.
290 1614 316 1684 9)
346 1615 387 1668 lbi
412 1621 568 1682 paramenta
587 1613 704 1682 deponit,
732 1623 766 1684 et,
794 1614 887 1683 gratiis

90 1684 125 1738 de
143 1700 217 1740 more
234 1686 360 1754 peractis,
389 1685 471 1754 iubet,
496 1693 527 1740 ut
544 1685 634 1740 omnia
650 1685 706 1740 suis
723 1685 789 1740 locis
807 1700 886 1753 repo·

86 1763 192 1810 uanam
222 1756 265 1826 10)
283 1757 389 1812 Primus
407 1757 518 1811 clericus
537 1755 672 1811 amovebit
689 1771 706 1810 a
724 1770 802 1810 cruce
820 1756 887 1810 alta·

85 1827 125 1882 rto
142 1827 251 1882 maioris
269 1834 372 1883 vestem
390 1828 487 1882 coloris
506 1827 568 1896 albi,
586 1833 741 1882 remanente
759 1833 887 1882 consueta

85 1905 163 1953 vaste
181 1898 309 1953 violacea.
348 1898 391 1968 11)
415 1898 526 1953 durabit
548 1899 698 1967 parochus,
725 1905 756 1953 ut
780 1897 887 1953 assidue

87 1969 184 2036 adsint,
204 1970 249 2037 qui
268 1976 345 2024 orent
370 1977 432 2024 ante
458 1970 505 2028 SS.
524 1970 724 2025 Sacramentum
740 1970 769 2024 in
788 1969 887 2024 sacello

84 2040 236 2167 seflulcbri,
266 2047 349 2109 atque
378 2041 475 2097 decens
501 2055 628 2096 numerus
652 2055 789 2096 cereorum
807 2041 835 2094 in
853 2054 886 2095 eo

84 2129 116 2168 co
137 2119 223 2167 uceat

127 2226 160 2281 V.
183 2227 223 2281 be
243 2224 286 2292 iis,
306 2239 377 2296 quac
396 2225 569 2280 observanda
588 2225 652 2280 aunt
669 2223 741 2280 teria
761 2223 804 2278 vi.
824 2223 850 2280 in

371 2363 374 2374 ,
403 2309 568 2364 Par-accere.

122 2394 192 2447 Art.
210 2393 230 2445 l.
268 2393 316 2444 Do
341 2391 568 2456 praeparandis
586 2405 643 2454 pro
663 2390 776 2442 Officio
793 2391 888 2442 buius

86 2463 193 2514 sertae.
231 2478 258 2518 a.
276 2462 313 2516 Ic
334 2462 420 2516 altori
435 2462 542 2517 maiori.
580 2461 605 2530 1)
624 2460 717 2516 Altare
734 2460 822 2529 ipsum
839 2476 887 2514 un·

87 2530 228 2599 dequaque
246 2532 363 2602 nudum,
394 2549 454 2587 cum
478 2547 526 2588 sex
545 2531 711 2587 candelabris
728 2531 888 2586 habentibus

87 2615 182 2656 cereos
201 2605 348 2659 exstinctos
371 2619 449 2658 cerae
477 2603 632 2659 communis.
663 2604 690 2673 2)
710 2602 782 2660 Omx
799 2603 889 2671 lignea

84 2671 231 2741 incedam,
254 2681 384 2743 cooperta
396 2676 466 2745 velo,
486 2672 558 2742 quod
571 2673 649 2729 facile
663 2673 739 2742 solvi,
758 2681 785 2729 et
801 2688 889 2728 remo·

84 2743 315 2872 νρήάροεωξῐωὲὲ
326 2746 455 2801 Pulvinar
467 2746 615 2802 violaceum
630 2746 658 2800 in
672 2745 789 2800 secundo
803 2743 889 2814 gradu

85 2830 144 2870 erus
162 2829 206 2868 em
317 2855 324 2870 .

724 2874 798 2956 2'1**
