2108 3226
163 153 204 198 106
238 199 240 214 ,
395 155 578 205 Praeparstionss
592 155 620 195 sd
633 156 730 200 msam.

162 257 278 328 pretium
297 256 413 327 exhibet,
431 274 480 326 pro
498 258 577 326 votis,
600 258 812 327 necessitatibus,
832 260 964 328 angustiis

164 337 191 385 et
208 329 333 398 perieulis
352 330 476 397 omnium,
494 345 543 398 pro
557 329 653 398 quibus
670 329 729 397 ipse
747 331 796 384 tibi
814 329 900 386 factus
920 340 964 388 est

164 400 291 456 obediens
309 416 394 469 usque
413 400 448 455 nd
465 408 593 468 mortem,
619 407 646 455 et
663 401 737 456 velut
753 408 848 470 pastor
874 403 964 460 bonus

162 471 254 542 posuit
273 472 388 525 animam
406 487 489 526 suam.

198 544 252 598 Per
271 557 331 597 eum
349 543 440 610 itaque
459 543 494 596 da
513 542 630 612 etmihi,
656 550 687 598 ut
704 543 774 597 huno
793 550 899 612 statum,
928 545 964 600 ad
1043 539 1044 572 i

164 629 244 682 quem
261 629 303 669 me
321 629 419 668 vocare
438 613 561 682 dignatus
580 629 618 683 es,
645 614 788 670 virtutibus
806 615 845 668 illi
864 615 963 672 debitis

164 702 196 740 ae
213 685 381 753 necessariis,
409 686 484 740 velut
501 685 620 752 caritate,
645 686 713 753 zelo,
738 687 869 755 castitate,
889 703 963 741 man·
1043 713 1044 726 ι

164 756 313 825 suetudine,
338 757 487 811 humilitate
513 765 563 810 etc.
588 756 729 825 diligenter
755 757 883 812 excolam.
920 759 985 824 Tu¹
1043 799 1044 822 ι

164 843 207 882 me
226 827 277 896 fac,
297 827 402 895 qudem
415 843 458 882 me
471 827 521 882 tibi
538 828 579 882 vis
592 829 692 882 habere
709 829 873 896 ministrum
890 829 976 898 iuva,¹

163 899 286 965 Domine,
306 905 334 952 et
352 898 491 968 quodvis,
509 899 579 952 iube.
612 899 677 966 Quis
696 900 766 953 enim
783 900 911 954 mundum
929 915 963 954 ex

163 969 298 1093 immun?do
324 968 424 1024 faciet?
453 985 541 1025 nonne
557 977 602 1040 tu,
633 971 679 1038 qui
706 985 741 1024 ex
764 971 848 1025 nihilo
875 970 962 1027 fecisti

164 1056 253 1096 omma
1042 1091 1044 1098 Α

199 1111 318 1178 Ideoque
335 1127 402 1179 rogo
419 1118 456 1179 te,
473 1111 597 1181 Domine,
623 1127 657 1166 ex
679 1111 771 1167 intimo
791 1111 872 1167 corde
890 1128 959 1182 meo,

164 1189 195 1236 ut
212 1197 262 1250 per
287 1183 413 1237 virtruem
431 1183 557 1251 Corporis
583 1189 611 1237 et
629 1183 770 1250 Sanguinis
788 1183 897 1238 Domini
914 1200 962 1239 no-

165 1254 214 1308 stri
225 1254 293 1308 Jesu
308 1253 407 1308 Christi
425 1253 520 1322 iungas
535 1261 562 1320 et
582 1255 738 1322 incorpores
754 1269 797 1308 me
809 1255 849 1308 illi
861 1255 961 1324 intime,

164 1331 195 1379 ut
211 1341 281 1380 unns
300 1326 436 1393 cumipse
456 1325 554 1379 efficiar
572 1325 690 1393 spiritns,
716 1326 808 1380 utillo
826 1327 855 1379 in
873 1341 916 1381 me
935 1334 962 1381 et

165 1411 215 1464 ego
240 1396 269 1449 in
293 1397 352 1464 ipso
371 1411 501 1466 maneam,
528 1412 577 1450 neo
596 1397 737 1464 quicquam
756 1397 799 1466 sit,
828 1397 901 1465 quod
918 1413 961 1453 me

164 1483 242 1537 nuno,
270 1476 317 1522 aut
339 1468 368 1521 in
386 1474 524 1522 aeternum
550 1483 677 1536 separare
701 1475 783 1535 queat
807 1470 961 1524 ecaritate.

164 1554 233 1607 quae
252 1539 337 1594 estin
356 1539 462 1594 Christo
480 1540 555 1609 Jesu,
573 1539 689 1594 Domino
707 1546 808 1594 nostro.
832 1540 926 1595 Amen.

518 1637 619 1652 ΜΝ

295 1682 411 1737 Quarta
425 1683 680 1734 neumatum
693 1681 830 1728 ittonam,
923 1737 925 1742 Ι

199 1754 286 1808 Aetas
306 1753 483 1806 contritionis.
519 1752 632 1807 Domine
657 1753 693 1806 mi
710 1753 799 1822 Dens,
829 1752 962 1822 propitius

165 1832 223 1880 esto
250 1824 315 1877 mihi
333 1824 476 1891 peccatori.
512 1824 637 1878 Poenitet
654 1840 697 1879 me
715 1839 857 1892 peccasse3
884 1825 963 1892 oupio

165 1895 316 1962 emendare,
336 1894 408 1962 quod
425 1893 485 1948 feci.
521 1894 607 1948 Aufer
625 1910 642 1948 s
659 1911 710 1965 nne,
737 1910 846 1965 quaeso,
872 1910 964 1951 omnes

164 1967 318 2034 iniquitates
336 1980 419 2033 meas,
447 1973 485 2032 ut,
509 1965 666 2034 purificatus
684 1975 773 2022 mente
792 1973 820 2022 et
838 1981 961 2036 corpore,

164 2037 269 2092 redeam
287 2035 322 2090 ad
340 2044 433 2090 sancta
451 2044 603 2092 sanctorum
621 2039 740 2092 introire.
999 2089 1003 2098 ,

200 2109 286 2162 Aetas
301 2107 375 2173 fidei.
410 2107 524 2162 Domine
543 2109 611 2163 Jesu
630 2109 744 2179 Christe,
763 2109 808 2176 qui
828 2122 858 2162 es
877 2123 966 2162 saeer-
1043 2083 1044 2176 i

165 2179 214 2234 dos
232 2179 260 2232 in
279 2185 424 2246 aeternum,
443 2179 541 2246 quique
555 2179 660 2235 dixisti:
682 2180 750 2235 Caro
765 2194 826 2233 mea
841 2194 905 2233 vere
925 2183 967 2234 est
1043 2183 1044 2258 ι

165 2252 247 2318 oibus,
268 2256 295 2303 et
308 2249 422 2317 Sanguis
440 2265 516 2305 meus
534 2266 598 2305 vere
618 2259 660 2306 est
676 2259 766 2321 potus,
785 2266 836 2319 ego
856 2249 965 2319 credidi,
1043 2263 1044 2320 ι

164 2322 229 2390 quia
246 2327 276 2374 tu
294 2335 324 2374 es
343 2320 480 2390 christus,
507 2322 593 2376 Filius
610 2323 662 2378 Dei
688 2323 759 2391 vivi,
785 2323 831 2390 qui
847 2323 877 2375 in
894 2321 967 2375 hune

164 2392 291 2447 mnndum
304 2392 409 2461 venisti,
429 2400 457 2446 et
468 2393 497 2446 in
512 2394 564 2448 hoc
577 2393 749 2449 sacramento
762 2407 892 2461 praesens
905 2391 966 2447 red·

165 2464 245 2519 deris.
281 2461 395 2532 Adauge
414 2463 479 2518 mihi
496 2463 586 2519 fidem.

202 2536 289 2590 Aaou
305 2536 371 2602 spei.
407 2535 438 2589 In
455 2541 483 2589 te
502 2536 559 2590 solo
578 2551 654 2603 spem
672 2549 759 2588 meam
779 2533 889 2603 colloco,
909 2533 967 2588 dnl-

165 2607 270 2662 oiseime
288 2606 363 2674 Jesn,
383 2607 447 2674 quia
463 2614 494 2660 tu
512 2607 586 2662 salus
604 2613 633 2660 et
650 2606 735 2660 virtus
753 2619 824 2673 mea,
847 2613 878 2661 tn
894 2604 967 2660 rein·

165 2679 237 2748 gium
255 2684 282 2732 et
299 2675 494 2732 firmamentum
511 2693 608 2747 meum,
625 2684 656 2732 ιιι
672 2676 735 2732 fons
750 2677 868 2731 omnium
881 2676 967 2732 bono·
1041 2687 1042 2707 ¹

164 2765 232 2804 rum.
263 2749 395 2804 Miserere
412 2749 474 2818 mei,
493 2757 521 2805 et
539 2750 614 2806 salva
631 2763 683 2819 me,
702 2748 748 2818 qui
761 2763 905 2817 numquam
919 2747 968 2802 de·

165 2822 234 2878 seris
252 2827 392 2890 sperantes
409 2821 438 2876 in
456 2827 492 2876 te.
