2130 3242
330 167 364 208 De
377 167 518 208 &umento
532 167 689 210 Paenitentiae.
869 167 908 210 461

145 273 172 325 2.
192 269 331 325 Violentus
348 285 451 340 manus,
471 271 600 327 suadente
619 269 735 339 diabolo,
762 272 910 329 inlicientes

111 341 140 396 in
153 341 280 410 Clericus,
298 340 343 395 vel
361 343 500 410 utriusque
520 357 601 397 sexus
615 341 771 410 Monachus,
791 346 910 411 exceptis

113 412 202 481 quoad
220 413 431 468 reservationem
449 413 555 469 casibus
574 419 602 468 et
616 413 748 481 personis,
767 412 911 482 dequibus

110 484 170 540 iure
195 484 239 537 vel
263 483 405 552 privilegio
424 485 607 553 permittitur,
634 491 665 538 ut
687 484 839 555 Episcopus
864 493 912 541 aut

111 555 180 610 alius
199 555 329 610 absolvat
568 603 571 610 .

147 629 172 681 a.
191 625 317 682 Duellum
335 632 530 696 perpetrantes,
556 625 776 695 anteimplioiter
793 625 828 680 ad
845 625 912 680 illud

109 703 306 767 provocantes,
334 697 378 750 vel
402 698 490 765 ipsum
508 703 693 766 acceptantes,
725 705 753 752 et
778 697 912 766 quoslibet

110 768 270 836 complices,
295 767 339 821 vel
357 769 576 836 qualemcumque
594 783 704 838 operam
727 775 774 824 aut
791 768 913 823 favorem

108 839 281 909 praebentes,
309 854 359 893 uec
375 855 429 893 non
448 838 482 894 de
499 839 632 895 industria
650 845 810 910 spectantes,
832 839 910 894 illud·
970 874 972 881 -

110 925 163 980 que
182 907 375 979 permittentes,
393 910 438 964 vel
452 918 579 978 quantum
596 911 690 966 inillis
711 919 759 980 est,
778 927 831 966 non
849 926 911 980 pro·
986 907 991 916 '

108 981 243 1049 hibentes,
262 981 451 1048 cuiuscumque
470 981 605 1050 dignitatis
625 982 686 1052 sint,
714 983 795 1037 etiam
812 983 912 1052 regalis

108 1053 154 1107 rel
171 1052 325 1119 imperialis.
335 1053 354 1122 ¹)

146 1126 173 1178 4.
191 1123 298 1178 Nomen
316 1123 411 1178 dantes
430 1129 518 1178 sectae
537 1125 719 1192 Mcssoae'cue,
748 1129 795 1179 aut
814 1123 912 1180 Gerbo·

109 1195 217 1260 aora'oe,
236 1201 283 1248 aut
297 1195 356 1248 aliis
371 1193 490 1250 eiusdem
504 1196 610 1264 generis
629 1197 717 1265 sectis,
732 1211 801 1264 quae
820 1202 913 1251 contra

110 1265 262 1320 Ecclesiam
281 1265 325 1320 vel
343 1265 475 1333 legitimas
498 1273 648 1336 potestates
666 1282 715 1321 scu
732 1267 835 1337 palam,
864 1266 913 1322 s'eu

111 1336 278 1391 clandestine
296 1337 518 1407 machinantur2),
536 1353 586 1391 uec
599 1354 653 1392 non
666 1337 760 1393 iisdem
776 1338 857 1393 sectis
873 1337 912 1392 ia·

111 1423 206 1464 rorem
220 1408 439 1476 qualemcumque
452 1413 636 1476 praestantem
655 1423 780 1462 earumve
795 1409 913 1464 occultos

111 1479 274 1548 coriphaeos
298 1495 330 1532 ac
353 1478 434 1534 duces
452 1495 507 1534 non
525 1479 729 1549 denunciantes,
757 1479 842 1534 donec
859 1496 913 1534 nou

112 1547 371 1620 denunciaverintl)

126 1718 149 1772 ¹)
165 1717 385 1768 comprehendente
403 1720 510 1760 articulus
524 1719 711 1760 decantationem
725 1719 875 1759 'tridentinam
887 1721 914 1760 de

166 1784 315 1826 duellautibns
330 1795 376 1834 cap.
391 1782 424 1824 lt.
440 1794 493 1826 aeas.
508 1781 541 1828 25,
556 1786 622 1834 atque
636 1787 752 1834 praeterea
765 1785 865 1834 adiungit
879 1796 913 1824 re·

166 1850 321 1900 servationem,
342 1861 399 1900 qnae
416 1853 440 1890 vl
462 1852 602 1892 Tridentinae
623 1851 744 1892 sanctionis
764 1861 809 1890 non
827 1851 914 1891 videtur

165 1918 262 1959 siluisse.
291 1917 419 1967 (sanasse.)

125 1979 148 2034 Ι)
163 1983 229 2024 Secta
242 1982 388 2021 Fauianorum
408 1992 435 2021 ex
454 1981 576 2038 decretos.
591 1982 613 2023 0.
629 1982 731 2031 Inquisit.
744 1982 765 2029 d,
780 1983 799 2026 d.
813 1978 847 2022 12.
862 1983 913 2022 Jan.

166 2043 229 2090 187⁰.
240 2045 280 2086 aab
290 2045 356 2086 sertis
370 2047 394 2086 in
407 2047 449 2086 hoc
458 2047 553 2086 articulo
563 2047 693 2096 significatis
708 2048 864 2096 comprehensa
873 2050 914 2089 eet.

167 2113 298 2162 (Amaatat.)

126 2177 150 2229 ⁸)
164 2179 200 2219 lix
217 2179 292 2218 citatis
313 2178 515 2220 constitutionibus
539 2181 603 2229 patet
620 2181 731 2220 murarios
750 2181 915 2229 ceterarumque

168 2245 303 2286 semetamm
318 2248 428 2285 sectarum
444 2245 541 2284 aaaeolaa
555 2255 626 2295 poena
638 2244 869 2284 excommunicationis
882 2244 914 2283 la-

166 2313 204 2350 tae
218 2311 341 2350 sententiae
350 2313 425 2359 Papae
438 2312 565 2351 retemtas
578 2321 627 2350 ease
641 2311 738 2354 affectos.
761 2311 795 2350 iix
809 2311 844 2359 lla,
859 2320 915 2359 quaa

168 2387 236 2426 supra
249 2376 336 2427 (mouit.
349 2387 391 2427 pro
405 2376 546 2416 conlesmrils
561 2387 619 2420 naua
635 2375 668 2419 1⁰.
682 2377 765 2426 pagina
780 2374 836 2427 404.)
855 2377 915 2418 dieta

169 2445 231 2493 aunt,
246 2443 317 2482 fluunt
331 2444 432 2493 regulae,
451 2453 508 2491 quae
521 2444 545 2482 ln
558 2443 682 2482 tractandis
696 2443 798 2482 murarila
812 2445 863 2482 snut
877 2442 915 2481 ob·

168 2509 294 2554 servandae.
321 2510 422 2559 Namque
440 2509 551 2548 morarius
570 2508 671 2548 confiteri
686 2509 772 2556 volens,
791 2508 851 2557 leges
864 2507 915 2547 illas

167 2575 336 2624 ecclesiasticas,
356 2585 413 2624 qnae
427 2575 556 2614 mulctatam
570 2575 718 2614 usurariorum
733 2574 857 2624 prohibent,
876 2575 916 2614 aut

165 2641 316 2691 ignoraverat,
337 2643 376 2682 aut
389 2641 485 2685 noverat.
502 2661 525 2670 -
545 2639 568 2680 Sl
582 2641 642 2690 leges
656 2641 787 2690 iqacrocarat
800 2642 823 2679 et
836 2650 851 2679 a
864 2649 915 2678 oon·
948 2673 952 2680 .

167 2706 261 2746 imsario
275 2705 302 2745 de
314 2706 342 2746 iis
356 2707 464 2756 monitus,
485 2707 601 2756 resipiscit,
623 2715 717 2754 raraque
736 2705 844 2744 contritus
858 2704 915 2743 serio

166 2771 286 2821 promittit,
310 2782 333 2812 ae
347 2781 433 2812 omnem
449 2773 640 2812 conversationem
654 2781 703 2812 curn
716 2771 760 2810 bac
773 2769 879 2810 sociante
892 2770 916 2808 in

166 2838 281 2889 posterum
294 2847 336 2886 pro
349 2838 434 2878 viribus
455 2839 588 2878 evitaturum
609 2847 665 2887 asae,
684 2835 917 2876 excommunicationis
