2108 3226
287 159 369 206 Quarta
382 161 522 211 praeparatio
536 161 565 202 ad
578 161 676 202 Missam
841 159 881 206 109

83 260 182 332 Deitas,
209 279 227 317 o
247 262 390 317 tremenda
406 263 550 332 Maiestas,
578 277 628 331 ego
646 263 728 318 miser
744 262 816 318 inter
833 279 880 320 an·

82 335 178 400 gestias
194 333 393 404 deprehensus,
403 335 437 389 ad
450 342 486 404 te,
499 334 602 390 fontem
613 333 819 405 misericordiae,
837 351 880 392 re·

82 420 161 476 curro,
182 405 219 460 ad
233 413 263 460 te
273 404 372 460 festino
382 405 524 475 sanandus,
543 406 592 460 sub
605 412 678 459 tuem
687 407 881 473 protectionem

81 473 157 547 hgio,
177 484 207 532 et
221 491 306 544 quem
318 476 433 530 indicem
444 478 575 532 sustinere
590 491 703 544 nequeo,
720 475 881 532 salvatorem

80 545 175 602 habere
190 548 314 616 suspiro.
347 548 415 617 Tibi,
427 546 552 616 Domine,
562 548 657 616 plagas
670 561 745 602 meas
759 547 880 618 ostendo,

81 617 124 671 tibi
140 619 338 674 verecundiam
360 634 447 674 meam
469 619 574 687 detego.
612 619 673 674 Soio
691 624 804 686 peccata
820 635 881 674 mea

80 689 158 744 multa
176 699 205 746 et
224 706 334 760 magna,
352 706 401 758 pro
421 691 516 758 quibus
534 691 624 744 timeo.
653 689 739 757 Spero
757 690 786 742 in
803 691 880 745 mise·

79 761 207 816 ricordias
226 768 307 830 tuas,
337 777 448 829 quarum
464 778 519 816 non
537 768 579 816 est
595 776 730 816 numerus.
765 761 881 829 Respice

80 845 140 899 ergo
157 834 187 886 in
206 847 255 886 me
274 833 359 887 ocniis
376 831 573 888 misericordiae
591 839 663 902 tuae,
681 832 796 887 Domine
813 833 881 888 Jesu

80 900 191 973 christe,
210 905 276 958 Rex
290 911 408 973 aeterne,
425 902 501 958 Deus
515 909 544 958 et
556 904 645 973 homo,
663 902 805 958 crucifixus
818 920 881 972 pro·

81 980 137 1039 pter
152 975 305 1029 hominem.
332 974 439 1028 Exaudi
456 990 499 1029 me
517 981 670 1042 sperantem
686 975 714 1027 in
732 981 768 1044 te,
788 982 815 1030 et
832 975 880 1030 mi·

80 1059 164 1100 serere
183 1047 243 1100 mei
261 1046 335 1114 pleni
351 1047 495 1101 misereriis
513 1055 541 1100 et
557 1046 682 1114 peccatis,
699 1054 738 1115 tu,
758 1047 803 1114 qui
821 1046 879 1102 ion·

80 1120 129 1169 tem
146 1118 333 1173 miserationis
350 1133 493 1185 numquam
510 1110 619 1171 manare
637 1118 762 1172 cessabis.
795 1117 875 1174 Salve

79 1187 202 1244 salutaris
222 1188 347 1257 victima,
374 1205 424 1256 pro
443 1204 486 1242 me
512 1195 540 1242 et
557 1188 628 1242 omni
645 1189 761 1243 humano
779 1204 879 1258 genere

79 1256 247 1326 inpatibnlo'
266 1261 351 1314 crucis
370 1260 468 1314 oblata.
495 1257 583 1328 Salve,
601 1259 697 1314 nobilis
716 1267 744 1314 et
759 1262 879 1328 pretiose

81 1327 206 1400 Sanguis,
238 1330 273 1384 de
292 1331 446 1386 vulneribus
470 1329 588 1385 crucifixi
610 1330 718 1385 Domini
741 1331 794 1386 mei
811 1333 879 1387 Jesu

80 1397 176 1456 Christi
193 1400 336 1471 profluens
354 1409 383 1456 et
398 1410 510 1470 peccata
535 1402 618 1456 totius
644 1401 735 1456 mundi
759 1402 879 1459 abluens.

80 1468 244 1542 Recordare,
261 1473 384 1543 Domine,
404 1480 542 1528 creaturae
559 1480 631 1541 tuae,
650 1488 731 1540 quam
747 1479 794 1526 tuo
813 1473 882 1528 San-

81 1543 157 1608 guine
170 1544 322 1599 redemisti.
349 1544 524 1599 Poenitetme
538 1557 678 1612 peccasse3
698 1543 776 1610 cupio
791 1558 881 1598 emen-

83 1611 152 1684 dare,
171 1615 249 1684 qnod
264 1614 325 1670 ieci.
361 1615 446 1669 Aufer
463 1631 528 1684 ergo
554 1631 571 1669 a
591 1630 647 1684 me,
676 1614 880 1670 clementissime

84 1692 165 1757 pater,
192 1701 289 1742 omnes
306 1685 459 1754 iniquitates
477 1694 505 1741 et
522 1693 634 1754 peccata
651 1700 719 1754 mea,
742 1692 772 1738 ut
789 1685 880 1752 purifi-

84 1763 156 1812 catus
181 1764 275 1812 mente
303 1764 330 1811 et
355 1773 483 1827 corpore,
506 1757 585 1825 digne
602 1756 752 1824 'degustare
776 1771 881 1812 merear

85 1824 180 1883 Sancta
194 1829 370 1897 Sanctorum,
389 1835 416 1883 et
430 1828 553 1897 concede,
572 1835 602 1882 ut
614 1829 682 1881 haec
696 1833 788 1882 sancia
801 1842 879 1895 prae·

84 1895 172 1954 hbatio
188 1900 319 1967 Corporis
333 1907 360 1955 et
374 1899 515 1968 Sanguinis
533 1899 580 1968 tui,
598 1914 678 1966 quam
692 1913 742 1966 ego
755 1898 879 1967 indignus

84 1983 187 2025 sumere
207 1971 326 2040 intendo,
354 1971 389 2026 sit
410 1978 581 2040 peccatorum
604 1985 724 2024 meorum
748 1971 881 2040 remissio,

85 2039 117 2093 sit
134 2041 295 2096 delictorum
311 2041 432 2110 perfecta
455 2042 595 2110 purgatio,
620 2041 656 2096 sit
672 2041 789 2109 turpium
807 2042 880 2110 oogi·

85 2111 216 2168 tationum
240 2113 380 2183 effugatio,
408 2129 439 2168 aa
462 2114 594 2168 bonorum
620 2127 745 2167 sensuum
769 2127 879 2180 regene-

84 2184 165 2254 ratio,
194 2199 359 2252 opernmque
376 2185 426 2238 tibi
443 2184 604 2252 placentium
623 2183 736 2239 salubris
755 2183 879 2254 efficacia,

87 2255 188 2310 animae
207 2270 314 2324 quoque
333 2263 361 2310 et
378 2257 498 2324 corporis
516 2261 608 2310 contra
624 2255 789 2309 inimicorum
807 2270 879 2309 meo·

86 2327 265 2381 iuminsidias
277 2325 426 2382 firmissima
435 2327 521 2380 tuitio.
538 2326 633 2379 Amen.
654 2325 877 2394 (damoetas.)

121 2396 217 2451 Oratio
235 2398 325 2456 aaa
343 2399 384 2451 M.
407 2398 437 2452 V.
464 2398 518 2451 Per
536 2404 563 2451 te
581 2413 716 2452 accessum
733 2397 880 2452 habeamus

87 2464 120 2519 ad
135 2467 251 2538 Filium,
278 2485 294 2522 o
312 2468 453 2524 benedicta
469 2469 552 2537 Virgo
565 2468 654 2522 Maria
670 2468 803 2522 inventrix
820 2485 880 2536 gra·

88 2536 146 2608 tiae,
164 2540 281 2608 genitrix
295 2539 375 2610 vitae,
393 2547 479 2594 mater
496 2540 604 2608 salutis;
624 2546 651 2594 et
667 2545 758 2606 perte
771 2555 820 2593 nos
837 2557 879 2595 su-

89 2609 188 2687 scipiat,
217 2611 264 2678 qui
280 2626 331 2678 per
348 2618 375 2665 te
394 2611 472 2666 datus
491 2620 533 2666 est
550 2611 635 2664 nobis.
671 2611 791 2664 Excuset
808 2610 880 2679 apud

88 2692 172 2746 lpsum
188 2683 329 2750 integritas
352 2690 400 2736 tua
425 2683 530 2750 culpam
553 2690 661 2736 nostrae
686 2681 879 2750 corruptionis3

89 2757 114 2804 et
125 2753 261 2808 humilitas
274 2761 329 2822 tua,
347 2753 407 2810 Deo
420 2761 475 2808 tam
489 2759 573 2822 grata,
591 2759 701 2807 nostrae
714 2753 820 2805 veniam
832 2753 880 2806 im·

88 2829 174 2888 petret
196 2825 310 2883 vanitati
333 2832 361 2882 et
378 2825 529 2894 superbiae.
575 2824 692 2892 Copiosa
719 2821 816 2876 caritas
833 2829 882 2876 tua

138 2915 241 2956 Manuale
255 2917 399 2960 sacerdotum.
427 2915 511 2967 (Editio
524 2913 574 2966 vt.)
695 2904 702 2924 ⁸
757 2914 775 2964 4
