2128 3228
166 174 205 218 706
316 177 349 216 Do
362 176 493 226 quibuscum
506 175 558 214 sitis
572 174 709 214 secerdotum
722 173 806 217 officiis.

204 279 235 334 V.
253 278 363 332 Scirum
376 277 418 332 isc
432 289 538 332 servom
551 284 634 346 tuum,
650 305 683 316 -
694 277 729 331 R.
738 278 813 332 Deus
824 293 900 334 meus
912 283 963 332 stc.

205 350 235 404 V.
253 349 332 404 Mitte
351 350 384 416 ei,
401 350 523 417 Domine,
542 349 669 402 auxilium
687 349 721 402 de
739 355 841 417 sancto,

201 421 235 475 R.
254 421 292 476 Et
310 420 343 474 de
363 420 427 474 Sion
445 428 522 474 tuere
541 435 611 474 eum.

205 493 236 548 V.
255 493 329 546 Nihil
346 490 468 560 proficiat
485 492 605 546 inimicus
627 492 714 559 ineo,
787 519 790 526 =

201 564 236 618 R.
254 563 292 616 Et
309 562 379 616 filius
396 563 543 629 iniquitatis
561 577 615 616 non
633 567 752 631 opponet
769 575 867 616 nocere
887 561 923 620 ei.

211 635 241 689 V.
260 634 383 702 Domine,
402 633 499 687 exaudi
518 634 666 687 orationem
682 647 776 701 meam,
796 640 847 688 etc.

209 706 241 760 V.
259 705 389 760 Dominus
406 704 605 773 vobiscum‚·-
624 703 660 760 R.
677 705 792 758 Etcum
810 711 860 759 etc.

209 793 327 850 Orcmus.
364 793 538 862 Omnipotens
557 794 718 862 sempiterne
735 793 819 861 Deus,
838 793 885 860 qui
903 791 971 847 facis

167 863 300 920 mirabilis
317 880 414 934 magne
427 864 508 934 solus,
528 864 675 933 praetende
695 880 776 932 super
794 865 865 917 hunc
883 863 971 918 fomu-

167 937 222 991 lum
240 945 315 991 tuum
341 945 368 990 et
387 944 495 991 cunctas
514 937 734 1004 congregationes
756 935 795 990 illi
813 935 971 990 commissos
1047 989 1048 1004 ¹

168 1007 296 1076 Spiritum
311 1009 413 1076 gratioe
427 1009 559 1076 saluteris,
579 1014 606 1061 et
618 1015 649 1061 ut
662 1007 689 1060 in
703 1007 816 1060 veritate
834 1007 884 1060 tibi
899 1023 972 1061 com·

58 1079 62 1086 '
168 1079 281 1148 placcat,
300 1086 461 1146 perpetuum
487 1079 511 1131 ei
527 1094 617 1132 rorem
634 1086 698 1132 tuae
716 1077 912 1132 benedictionis
932 1079 972 1131 in·

169 1149 259 1203 funde.
277 1149 331 1202 Per
342 1150 476 1204 Christum
485 1149 628 1203 Dominum
638 1156 766 1204 nostrum.
780 1179 810 1188 -
828 1148 864 1203 R.
875 1151 972 1204 Amen.
996 1149 1000 1161 '
1047 1203 1048 1206 ,

204 1233 258 1287 His
277 1232 356 1286 dictis
374 1239 495 1287 cantores
512 1239 625 1287 cantant
642 1233 763 1302 aliquam
780 1231 971 1300 Antisthcnam
1047 1245 1048 1272 i

169 1305 206 1358 eis
219 1305 305 1373 madio
317 1305 464 1372 placentem
478 1303 511 1358 de
523 1310 616 1358 sancto
629 1310 749 1374 patrono
770 1305 896 1358 ecclessiis
910 1321 972 1358 com

173 1375 309 1429 Versieoio
333 1375 366 1428 de
391 1375 481 1429 ecdem
499 1374 608 1430 Sancto.
644 1376 684 1428 Et
706 1392 766 1429 com
784 1375 885 1428 dicitur
908 1375 972 1430 Ver·

168 1447 270 1500 sicuitm
288 1463 399 1515 eutyces
417 1447 564 1500 Praelatio
580 1447 621 1500 vel
638 1446 726 1515 Leqat
726 1462 766 1513 os,
792 1446 915 1500 ascendit
934 1446 973 1500 od

169 1518 209 1570 alt
198 1523 256 1571 tare
275 1519 463 1586 osculeturque
481 1517 581 1570 iilud'
568 1534 599 1570 co
615 1517 711 1585 medio,
735 1517 831 1570 deinde
845 1518 973 1584 procedit

169 1589 208 1642 ad
221 1605 305 1642 corito
319 1589 400 1658 Epist
390 1590 467 1655 t,oioe
485 1589 570 1641 obitst
571 1605 628 1655 ans,
648 1587 790 1656 adipsum
807 1587 896 1642 altore
914 1605 972 1642 oer-

169 1676 223 1726 eus,
253 1659 519 1714 cactatOrcsooem
538 1659 660 1712 dedicio
679 1657 787 1726 Sancto
816 1658 915 1712 deinde
933 1659 973 1712 od

169 1701 301 1786 modium·
305 1732 402 1784 altioris
416 1731 566 1796 revertitur,
584 1730 633 1783 odi
649 1735 725 1784 stans
743 1701 792 1783 do't
809 1729 970 1784 bettedictio·

170 1817 231 1856 tecm
249 1803 390 1856 solemnem
402 1801 507 1870 popolo
526 1800 632 1854 diceris:

210 1885 251 1940 Sit
268 1902 366 1940 nomen
382 1885 490 1940 Domini
508 1884 632 1940 benedict
621 1892 677 1940 tum
695 1891 746 1938 etc.

208 1969 269 2040 Qua
287 1970 336 2024 dot
325 1976 355 2024 to
370 1971 441 2037 facit
450 1969 623 2037 promulqari
630 1984 683 2036 per
695 1983 780 2020 como
793 1982 828 2020 ec
844 1967 904 2020 suis
916 1967 973 2020 cive

171 2057 205 2095 em
222 2041 374 2107 beneticotis
397 2041 520 2094 ecclesiae
544 2039 740 2108 indulcentur,
767 2053 835 2106 quos
852 2039 911 2105 ipse
928 2038 970 2092 io·

170 2113 356 2166 teressentdus
373 2111 507 2177 concedit·
525 2109 621 2176 deiode
638 2109 785 2164 Proelatus
802 2109 928 2164 ecclesiae
946 2113 971 2162 et

170 2183 223 2238 olii
239 2183 357 2238 dimissis
370 2151 547 2250 potamion,
573 2171 709 2236 comdant
734 2180 811 2234 illum
828 2195 914 2248 usqrcc
931 2178 971 2234 od

171 2253 349 2310 diversorium
366 2270 452 2308 sumo

209 2336 276 2390 &en
299 2351 361 2390 cero
383 2349 469 2389 novus
490 2334 638 2388 Praelatio
660 2335 751 2402 primo
777 2332 815 2386 od
832 2332 971 2386 eccleciam

171 2421 249 2460 suam
272 2409 379 2460 ommno
400 2407 540 2474 recipitur,
569 2405 626 2459 ioco
655 2403 792 2458 Orationis
811 2403 971 2472 praedm

172 2475 345 2602 girrrnipotens
376 2479 536 2546 sempiterne
561 2475 636 2531 Deus
659 2482 710 2532 stc.
735 2475 835 2529 dicitccr
858 2489 972 2544 ecquem

126 2551 129 2558 '
212 2549 276 2601 atio.

210 2617 328 2672 oremus.
354 2619 438 2687 Deus,
458 2618 575 2672 omnium
588 2616 705 2672 fidelium
725 2622 969 2684 monumentor,

171 2687 299 2742 ismulum
312 2697 387 2743 tuum
402 2690 428 2744 N
430 2731 445 2757 .‚
464 2705 542 2757 quem
557 2689 686 2744 ecclesiae
705 2693 768 2743 tusc
781 2701 909 2756 proeesse
922 2702 969 2741 vo·

171 2758 252 2827 luisti,
270 2760 402 2827 propitius
415 2761 535 2828 respicc;
554 2759 590 2814 ds
603 2761 636 2826 ei,
655 2774 824 2827 quaesumus,
842 2758 970 2814 verbosi

172 2830 302 2898 exemplo,
322 2830 418 2896 quibus
431 2839 549 2900 praeest,
567 2830 708 2900 proficere,
726 2837 757 2884 nt
770 2829 804 2884 cd
816 2829 900 2883 ritem
916 2843 970 2883 nm
