2098 3222
156 215 196 260 82⁰
495 219 615 269 appendix

157 319 181 366 8.
201 318 326 367 Permula
339 318 445 375 petendi
458 318 676 375 dispensationem
690 330 740 374 pro
755 320 875 376 coniuge,
893 331 963 376 quae

252 386 327 433 vovit
340 397 470 440 nunquam
484 389 575 442 petere
589 386 705 432 debitum
718 386 868 442 coniugale.

229 467 410 522 illustrissime
429 481 461 520 ac
479 461 712 521 Reverendissime
730 467 861 521 Domine!

192 539 344 607 Exponitur
371 538 508 592 humiliter
531 538 729 593 illustrissimae
752 538 869 593 Vestrae
895 538 960 594 Gra·

157 611 213 666 tiae
236 625 271 664 ex
288 617 366 677 parte
391 608 505 663 devotae
529 609 600 664 illius
625 608 755 663 Oratricis
780 609 816 663 N.
840 610 962 678 legitimo

158 681 331 741 Matrimonio
350 679 515 749 coniunctae,
534 679 614 748 quod,
633 689 693 734 curn
711 679 835 748 praelata
853 680 961 736 Orata-ix

158 767 245 821 nuper
268 759 360 808 votum
389 751 507 806 emiserit
533 767 668 818 nunquam
695 751 818 820 exigendi
843 751 961 808 debitum

161 823 308 892 coniugale,
332 821 453 890 illudque
470 829 562 876 votnm
580 823 633 877 iam
651 824 703 892 ipsi
721 823 756 877 ob
775 824 918 879 mutinues
935 833 962 878 et

165 895 301 964 molestas,
320 893 416 962 quibus
441 893 583 948 divertatur
605 895 776 964 tentationes,
802 893 904 949 factum
928 894 962 951 sit

167 965 309 1020 admodum
328 963 440 1034 difficile,
458 965 511 1018 imo
529 965 557 1018 in
575 980 671 1034 magno
689 973 814 1020 versetur
831 965 960 1034 periculo,

165 1043 257 1092 votum
275 1051 352 1094 suum
370 1035 587 1105 praevaricandi,
611 1036 748 1090 humiliter
765 1038 909 1106 supplicat,
933 1043 961 1090 ut

165 1108 347 1162 Illustm'ssima
369 1107 468 1162 Vestra
485 1107 578 1161 Gratia
602 1123 662 1162 cum
684 1107 731 1162 illa
753 1107 963 1163 misericorditer

164 1179 328 1247 dispensare,
352 1178 397 1232 vel
423 1186 515 1232 votum
536 1179 588 1232 hoc
611 1179 640 1232 in
664 1179 718 1233 alia
741 1179 851 1246 pietatis
879 1193 962 1248 opera

164 1256 334 1318 commutare,
353 1256 381 1303 et
394 1249 509 1304 oratrici
522 1249 678 1304 facultatem
696 1249 761 1304 dare
780 1249 915 1320 dignetur,
933 1257 962 1305 nt

162 1320 288 1389 deinceps
306 1321 446 1390 coniugale
465 1319 583 1375 debitum
609 1321 693 1376 libere
718 1329 746 1375 et
770 1321 842 1376 licite
872 1321 963 1377 valeat

47 1373 51 1382 ¹
162 1391 278 1460 exigere,
304 1399 354 1446 etc.

189 1495 213 1542 9.
232 1495 358 1542 Permula
372 1495 572 1552 supplicationis
586 1508 636 1552 pro
650 1495 844 1553 dispensatione
859 1509 941 1554 snper
1026 1531 1027 1583 ,

365 1561 616 1618 proclamationibus
629 1561 777 1608 obtinenda.

234 1643 467 1700 Reverendissime
485 1643 636 1700 vicariatus
655 1644 809 1700 Generalis!

199 1716 351 1784 Exponitur
368 1716 511 1784 humiliter,
537 1713 608 1784 quod
628 1716 700 1770 Titia
722 1717 840 1770 bumana
864 1715 965 1785 fragili·

166 1794 224 1842 tate
242 1787 349 1842 devicte
366 1787 488 1856 copulam
506 1787 630 1842 habuerit
648 1804 708 1842 cum
727 1803 826 1856 sponso
846 1787 913 1842 Caio
932 1803 966 1842 ex

167 1873 253 1926 eaque
271 1859 458 1927 impraegnata
476 1859 581 1914 existat.
617 1859 655 1914 At
679 1874 745 1914 vero
770 1874 830 1913 cunt
848 1874 965 1927 sponsus

166 1937 246 1984 antea
264 1930 361 1986 absens
380 1929 576 1998 nnncredierit,
593 1929 700 1998 iamque
717 1937 823 1998 tempus
841 1929 965 1998 pariendi
1024 1965 1025 2001 ,

114 2013 118 2022 ’
163 2001 254 2069 instet,
279 1999 407 2056 Oratores
435 2000 468 2056 de
500 2001 608 2056 ommine
642 2000 758 2057 admisso
785 2001 965 2070 poenitentes,

161 2072 242 2126 ‘enixe
260 2080 365 2141 rogant,
382 2080 413 2126 ut
430 2071 496 2140 ipsis
514 2071 676 2126 concedatur
699 2071 863 2142 dispensatio
883 2087 965 2142 saper

166 2142 270 2199 duabus
287 2143 549 2212 proclamationibus,
568 2159 627 2198 cum
646 2143 720 2214 alias,
740 2141 888 2200 siOratrix
901 2151 965 2198 ante
1023 2161 1024 2211 l

163 2215 271 2282 nuptias
287 2222 394 2284 partum
413 2213 512 2284 ederet,
532 2213 658 2269 scandala
676 2229 707 2270 ac
724 2214 812 2282 iurgia
829 2213 920 2268 forent
932 2213 965 2268 n·-

163 2285 268 2342 menda.
302 2284 430 2340 Oratores
449 2293 537 2340 autem
556 2286 683 2340 canonico
701 2283 892 2354 impedimento
909 2301 966 2339 non
1022 2323 1023 2336 ,

165 2363 227 2411 sunt
246 2357 374 2426 obstricti,
393 2372 447 2424 qua
465 2356 546 2424 dere
566 2355 719 2424 diligentem
744 2355 827 2410 habui
852 2355 965 2424 motum·
1022 2341 1023 2421 l

163 2427 271 2481 tionem.
308 2427 385 2484 Unde
403 2443 498 2496 preces
517 2428 706 2504 commendans¹
723 2427 860 2484 subscribo
871 2435 933 2488 etc.

185 2522 225 2568 10.
242 2522 366 2570 Formnla
380 2523 485 2579 petendi
498 2524 636 2570 consillum
650 2525 685 2570 ab
699 2522 839 2570 ordiam
854 2522 943 2578 eumd

164 2589 266 2642 viduos.
280 2589 326 2644 qui
339 2601 390 2636 non
399 2593 509 2646 possunt
522 2590 617 2636 efferre
627 2594 727 2637 certum
741 2588 919 2636 testimonla·
932 2588 967 2634 de

396 2658 480 2701 morte
494 2655 593 2710 prioris
607 2655 735 2714 maingis

234 2736 415 2792 illustrissime
434 2754 466 2820 ac
483 2739 716 2824 Reverendissime
734 2737 863 2822 Domine!
908 2809 915 2822 ·

198 2806 295 2860 Petrus
312 2805 347 2863 N.
365 2807 567 2866 Matrimonium
590 2820 641 2865 rute
668 2818 696 2866 et
721 2815 834 2865 servm
852 2807 888 2864 de
906 2821 967 2864 aura

169 2875 308 2932 servandis
326 2879 486 2936 conuehere
505 2881 619 2936 intendit
636 2897 697 2936 cum
714 2880 815 2936 Bertha
831 2879 866 2936 N.
886 2895 969 2950 paro-
1019 2905 1020 2930 r
