2108 3226
167 177 194 222 lb
396 182 622 233 praeparationem
636 183 734 227 Micam

203 284 334 352 Quoniam
351 291 390 355 tu,
408 283 531 355 Domine,
555 287 645 341 suavis
664 293 691 341 ot
708 285 794 341 mitis:
820 292 848 340 et
865 285 967 342 multae

166 356 365 411 misericordiae
384 358 505 412 omnibus
523 358 708 412 invocantibus
725 364 762 414 te.

202 426 320 483 Auribus
338 430 461 498 percipe,
487 429 615 498 Domine,
642 430 790 484 orationem
807 443 908 483 msam:
938 436 968 484 et
1046 443 1047 448 ¹

166 499 276 553 intende
293 501 354 554 voci
372 499 567 568 deprecationis
585 515 669 555 meae.

202 570 235 623 In
259 570 302 625 die
330 571 509 627 tribulationis
531 585 608 626 meae
635 571 748 627 clamavi
774 569 809 626 ad
834 576 876 624 te:
902 570 968 638 quia

167 641 300 697 exaudisti
317 657 368 696 me.

202 712 264 767 Non
283 720 325 768 est
342 713 434 768 similis
451 713 492 767 tui
508 714 537 768 in
560 713 625 783 diis,
649 713 780 784 Domine,
806 719 833 767 et
850 727 906 767 non
924 718 968 766 est

167 783 312 840 secundum
330 799 413 852 opera
429 791 485 839 tua.

204 854 302 909 Omnes
316 862 417 924 gentes,
437 871 617 924 quascumque
630 855 725 926 iecisti,
738 855 846 911 venient
859 860 887 908 et
901 852 967 908 ado·

167 926 265 980 nabunt
282 941 373 981 coram
390 934 432 996 te,
457 927 585 982 Domine:
614 934 642 983 et
666 926 852 997 glorificabunt
868 940 968 981 nomen

167 1005 250 1052 tuum.

204 1067 335 1133 Quoniam
352 1083 464 1137 magnus
483 1083 513 1124 es
530 1075 576 1139 tu,
602 1075 630 1124 et
646 1068 747 1125 iaciens
767 1069 910 1142 mirabilia:
935 1075 968 1124 tu

168 1153 198 1194 as
215 1139 291 1194 Deus
309 1140 391 1195 solus.

203 1209 298 1264 Deduc
310 1225 362 1280 me,
379 1211 503 1280 Domine,
520 1211 548 1264 in
561 1211 606 1265 via
619 1218 674 1280 tua,
689 1219 717 1266 et
728 1211 864 1281 ingrediar
877 1213 906 1267 in
919 1227 966 1268 ve·

167 1281 247 1335 ritate
256 1287 317 1336 tua:
331 1282 448 1337 laetetur
460 1297 507 1337 cor
520 1297 616 1352 meum,
630 1289 661 1338 ιιι
673 1284 766 1338 timeat
774 1299 872 1338 nomen
880 1290 967 1339 tuum.

205 1351 359 1408 Confitebor
372 1354 428 1423 tibi,
447 1354 570 1423 Domine,
584 1355 659 1410 Deus
673 1369 756 1424 meus,
770 1356 799 1408 in
811 1361 869 1410 toto
884 1355 967 1411 corde

168 1437 242 1478 meo:
263 1431 291 1478 et
308 1423 462 1492 glorificabo
481 1440 578 1480 nomen
594 1432 670 1480 tuum
686 1426 715 1479 in
733 1433 881 1484 aeternum.

205 1494 274 1560 Quia
290 1496 473 1551 misericordia
497 1503 545 1551 tua
568 1511 665 1565 magna
687 1503 728 1552 est
754 1511 835 1566 super
852 1511 911 1552 me:
938 1503 967 1553 et

168 1566 262 1622 eruisti
279 1568 394 1622 animam
410 1583 498 1623 meam
515 1583 550 1622 ex
567 1565 671 1623 inferno
693 1567 821 1625 inferiori.

203 1637 287 1708 Deus,
300 1639 385 1707 iniqui
397 1639 600 1695 insurrexerunt
613 1655 695 1709 super
710 1655 767 1695 me:
786 1646 814 1694 et
827 1655 966 1710 synagoga

168 1709 317 1777 potentium
335 1711 506 1778 quaesierunt
530 1712 645 1766 animam
667 1726 755 1766 meam
779 1718 807 1766 et
830 1727 885 1766 non
902 1726 966 1780 pro·

167 1788 316 1847 posuerunt
332 1788 360 1836 te
377 1783 405 1835 in
423 1789 567 1851 conspectu
588 1790 644 1837 tuo.

203 1851 241 1904 Et
254 1857 291 1921 tu,
305 1852 419 1907 Domine
433 1853 516 1923 Deus,
534 1853 676 1908 miserator
692 1859 720 1908 et
731 1852 898 1910 misericors:
917 1868 965 1923 pa·

167 1922 237 1976 tiens
255 1929 283 1976 et
300 1925 399 1979 multae
416 1924 614 1987 misericordiae
633 1932 660 1980 et
676 1940 768 1979 verax.

203 1992 318 2062 Respice
336 1995 365 2049 in
381 2009 438 2064 me,
468 2002 496 2050 et
520 1996 647 2050 miserere
671 1997 736 2052 mei:
764 1994 800 2050 da
821 1995 966 2064 imperium

168 2070 244 2118 tuum
261 2079 345 2132 puero
364 2072 420 2135 tuo,
439 2072 466 2120 et
484 2066 588 2120 salvum
605 2066 648 2121 iac
664 2066 748 2121 lilium
762 2067 874 2121 ancillae
891 2072 966 2124 tuae.

204 2134 261 2188 Fac
277 2149 381 2190 mecum
405 2137 508 2205 siguum
531 2139 560 2192 in
577 2138 690 2208 bonum,
720 2145 752 2194 ιιι
768 2138 890 2206 videant,
919 2138 967 2206 qui

169 2205 283 2261 odeumt
301 2222 353 2277 me,
370 2214 399 2262 et
416 2207 621 2264 contundantur:
641 2210 767 2277 quoniam
783 2216 823 2279 tu,
840 2208 965 2278 Domine,

169 2276 294 2332 adiuvisti
311 2293 362 2348 mc,
381 2285 409 2334 et
426 2280 579 2336 consolatus
597 2295 627 2335 es
644 2295 696 2336 me.

204 2348 296 2403 Gloria
312 2349 388 2404 Patri
405 2357 455 2405 otc.
492 2351 566 2406 Sicut
583 2357 643 2406 erat
664 2359 715 2410 etc.

203 2421 348 2474 Psalmus
357 2424 411 2476 115.
434 2421 549 2491 credidi,
565 2429 677 2491 propter
689 2423 761 2492 quod
768 2423 875 2480 locutus
887 2437 962 2479 sum:

168 2505 220 2560 ego
238 2499 328 2546 autem
345 2493 498 2548 humiliatus
517 2507 576 2548 sum
592 2495 678 2549 nimis.

204 2563 265 2631 ugo
283 2562 339 2618 dixi
361 2565 389 2618 in
408 2579 520 2620 excessu
537 2580 610 2620 meo:
638 2566 724 2622 omnis
741 2566 822 2621 homo
839 2565 966 2624 mendax.

168 2703 186 2759 b
205 2633 434 2761 Qulildssrlegribuam
445 2635 575 2691 Domino:
593 2651 643 2706 pro
658 2637 788 2707 omnibus,
803 2651 873 2705 quae
886 2639 966 2692 retri-

187 2705 228 2760 uit
272 2707 278 2718 '
301 2707 307 2720 ’

206 2775 321 2902 Gagicem
339 2779 463 2836 adularis
476 2779 615 2849 accipiam:
640 2787 668 2836 ct
684 2793 781 2836 nomen
798 2777 908 2836 Domini
925 2779 966 2835 in·
1039 2770 1044 2853 l

169 2862 238 2903 voca
256 2865 281 2904 o.
