<?xml version="1.0" encoding="UTF-8"?>
<!DOCTYPE html PUBLIC "-//W3C//DTD XHTML 1.0 Transitional//EN"
    "http://www.w3.org/TR/xhtml1/DTD/xhtml1-transitional.dtd">
<html xmlns="http://www.w3.org/1999/xhtml" xml:lang="en" lang="en">
 <head>
  <title>
</title>
<meta http-equiv="Content-Type" content="text/html;charset=utf-8" />
  <meta name='ocr-system' content='tesseract 3.04.00' />
  <meta name='ocr-capabilities' content='ocr_page ocr_carea ocr_par ocr_line ocrx_word'/>
</head>
<body>
  <div class='ocr_page' id='page_1' title='image "./manualesacerdot00schngoog_0852.png"; bbox 0 0 2098 3222; ppageno 0'>
   <div class='ocr_carea' id='block_1_1' title="bbox 161 173 959 347">
    <p class='ocr_par' dir='ltr' id='par_1_1' title="bbox 161 173 959 347">
     <span class='ocr_line' id='line_1_1' title="bbox 162 173 624 225; baseline 0.006 -8"><span class='ocrx_word' id='word_1_1' title='bbox 162 173 202 217; x_wconf 77' lang='lat'>880</span> <span class='ocrx_word' id='word_1_2' title='bbox 502 175 624 225; x_wconf 81' lang='lat' dir='ltr'>Appendix.</span> 
     </span>
     <span class='ocr_line' id='line_1_2' title="bbox 161 276 959 347; baseline 0.003 -15"><span class='ocrx_word' id='word_1_3' title='bbox 161 277 224 332; x_wconf 86' lang='lat' dir='ltr'>vida</span> <span class='ocrx_word' id='word_1_4' title='bbox 242 277 332 333; x_wconf 80' lang='lat' dir='ltr'>existit</span> <span class='ocrx_word' id='word_1_5' title='bbox 355 277 425 345; x_wconf 83' lang='lat' dir='ltr'>(loce</span> <span class='ocrx_word' id='word_1_6' title='bbox 448 278 530 332; x_wconf 76' lang='lat' dir='ltr'>lasciue</span> <span class='ocrx_word' id='word_1_7' title='bbox 552 295 651 332; x_wconf 78' lang='lat' dir='ltr'>caueae</span> <span class='ocrx_word' id='word_1_8' title='bbox 672 276 795 332; x_wconf 78' lang='lat' dir='ltr'><strong><em>addatur</em></strong></span> <span class='ocrx_word' id='word_1_9' title='bbox 813 295 884 347; x_wconf 71' lang='lat' dir='ltr'>quae</span> <span class='ocrx_word' id='word_1_10' title='bbox 901 279 959 334; x_wconf 80' lang='lat' dir='ltr'>aod·</span> 
     </span>
    </p>
   </div>
   <div class='ocr_carea' id='block_1_2' title="bbox 161 349 1030 506">
    <p class='ocr_par' dir='ltr' id='par_1_2' title="bbox 161 349 1030 506">
     <span class='ocr_line' id='line_1_3' title="bbox 161 349 1030 419; baseline 0.006 -16"><span class='ocrx_word' id='word_1_11' title='bbox 161 353 211 418; x_wconf 83' lang='lat' dir='ltr'>esi)</span> <span class='ocrx_word' id='word_1_12' title='bbox 218 369 227 418; x_wconf 88' lang='lat'><em>;</em></span> <span class='ocrx_word' id='word_1_13' title='bbox 245 365 328 417; x_wconf 87' lang='lat' dir='ltr'>quare</span> <span class='ocrx_word' id='word_1_14' title='bbox 347 349 382 403; x_wconf 91' lang='lat' dir='ltr'>ad</span> <span class='ocrx_word' id='word_1_15' title='bbox 395 349 532 404; x_wconf 85' lang='lat' dir='ltr'>vitandum</span> <span class='ocrx_word' id='word_1_16' title='bbox 545 349 679 404; x_wconf 81' lang='lat' dir='ltr'>ulterioris</span> <span class='ocrx_word' id='word_1_17' title='bbox 692 350 901 405; x_wconf 70' lang='lat' dir='ltr'>incontinentiae</span> <span class='ocrx_word' id='word_1_18' title='bbox 913 366 958 419; x_wconf 88' lang='lat' dir='ltr'>pe·</span> <span class='ocrx_word' id='word_1_19' title='bbox 1029 387 1030 408; x_wconf 53' lang='lat' dir='ltr'>t</span> 
     </span>
     <span class='ocr_line' id='line_1_4' title="bbox 161 420 1030 506; baseline 0.001 -31"><span class='ocrx_word' id='word_1_20' title='bbox 161 421 281 488; x_wconf 70' lang='lat' dir='ltr'>ticulum,</span> <span class='ocrx_word' id='word_1_21' title='bbox 301 421 405 489; x_wconf 76' lang='lat' dir='ltr'>dieque</span> <span class='ocrx_word' id='word_1_22' title='bbox 419 421 545 475; x_wconf 85' lang='lat' dir='ltr'>scandala</span> <span class='ocrx_word' id='word_1_23' title='bbox 557 420 620 475; x_wconf 91' lang='lat' dir='ltr'>inde</span> <span class='ocrx_word' id='word_1_24' title='bbox 633 420 703 476; x_wconf 86' lang='lat' dir='ltr'>forte</span> <span class='ocrx_word' id='word_1_25' title='bbox 717 421 828 489; x_wconf 72' lang='lat' dir='ltr'>odorra,</span> <span class='ocrx_word' id='word_1_26' title='bbox 847 437 898 489; x_wconf 94' lang='lat' dir='ltr'>pro</span> <span class='ocrx_word' id='word_1_27' title='bbox 912 423 961 476; x_wconf 86' lang='lat' dir='ltr'>hac</span> <span class='ocrx_word' id='word_1_28' title='bbox 1029 431 1030 506; x_wconf 31' lang='grc' dir='ltr'><strong>ᾗ</strong></span> 
     </span>
    </p>
   </div>
   <div class='ocr_carea' id='block_1_3' title="bbox 162 491 961 561">
    <p class='ocr_par' dir='ltr' id='par_1_3' title="bbox 162 491 961 561">
     <span class='ocr_line' id='line_1_5' title="bbox 162 491 961 561; baseline 0.003 -15"><span class='ocrx_word' id='word_1_29' title='bbox 162 491 361 560; x_wconf 79' lang='lat' dir='ltr'>dispensatione</span> <span class='ocrx_word' id='word_1_30' title='bbox 375 492 496 560; x_wconf 90' lang='lat' dir='ltr'>supplico</span> <span class='ocrx_word' id='word_1_31' title='bbox 509 499 621 561; x_wconf 88' lang='lat' dir='ltr'>testans,</span> <span class='ocrx_word' id='word_1_32' title='bbox 636 507 682 546; x_wconf 90' lang='lat' dir='ltr'>eos</span> <span class='ocrx_word' id='word_1_33' title='bbox 694 492 733 546; x_wconf 89' lang='lat' dir='ltr'>ita</span> <span class='ocrx_word' id='word_1_34' title='bbox 746 507 882 561; x_wconf 79' lang='lat' dir='ltr'>pauperes</span> <span class='ocrx_word' id='word_1_35' title='bbox 895 507 961 561; x_wconf 88' lang='lat' dir='ltr'>essa,</span> 
     </span>
    </p>
   </div>
   <div class='ocr_carea' id='block_1_4' title="bbox 161 641 932 850">
    <p class='ocr_par' dir='ltr' id='par_1_4' title="bbox 161 641 932 850">
     <span class='ocr_line' id='line_1_6' title="bbox 161 641 932 772; baseline 0.008 -15"><span class='ocrx_word' id='word_1_36' title='bbox 161 641 262 689; x_wconf 45' lang='lat' dir='ltr'><strong>mant·</strong></span> <span class='ocrx_word' id='word_1_37' title='bbox 322 703 356 758; x_wconf 87' lang='lat' dir='ltr'>N.</span> <span class='ocrx_word' id='word_1_38' title='bbox 374 703 510 772; x_wconf 81' lang='lat' dir='ltr'>parochus</span> <span class='ocrx_word' id='word_1_39' title='bbox 527 704 581 760; x_wconf 89' lang='lat' dir='ltr'>loci</span> <span class='ocrx_word' id='word_1_40' title='bbox 598 705 625 760; x_wconf 88' lang='lat' dir='ltr'>N</span> <span class='ocrx_word' id='word_1_41' title='bbox 626 745 724 762; x_wconf 92' lang='grc'><strong>.....</strong></span> <span class='ocrx_word' id='word_1_42' title='bbox 744 704 877 762; x_wconf 88' lang='lat' dir='ltr'>dioecesis</span> <span class='ocrx_word' id='word_1_43' title='bbox 895 705 932 765; x_wconf 85' lang='lat' dir='ltr'>N.</span> 
     </span>
     <span class='ocr_line' id='line_1_7' title="bbox 162 775 656 850; baseline -0.004 -18"><span class='ocrx_word' id='word_1_44' title='bbox 162 775 291 846; x_wconf 70' lang='lat' dir='ltr'>aequam</span> <span class='ocrx_word' id='word_1_45' title='bbox 309 775 421 830; x_wconf 72' lang='lat' dir='ltr'>edema.</span> <span class='ocrx_word' id='word_1_46' title='bbox 506 832 513 850; x_wconf 30' lang='lat' dir='ltr'>x</span> <span class='ocrx_word' id='word_1_47' title='bbox 650 790 656 794; x_wconf 90' lang='grc'><em>·</em></span> 
     </span>
    </p>
   </div>
   <div class='ocr_carea' id='block_1_5' title="bbox 189 913 940 1026">
    <p class='ocr_par' dir='ltr' id='par_1_5' title="bbox 189 913 940 1026">
     <span class='ocr_line' id='line_1_8' title="bbox 189 913 940 972; baseline -0.012 -12"><span class='ocrx_word' id='word_1_48' title='bbox 189 917 226 962; x_wconf 71' lang='lat' dir='ltr'>at.</span> <span class='ocrx_word' id='word_1_49' title='bbox 245 915 370 960; x_wconf 75' lang='lat' dir='ltr'>Fon-mula</span> <span class='ocrx_word' id='word_1_50' title='bbox 384 914 490 968; x_wconf 86' lang='lat' dir='ltr'>petendi</span> <span class='ocrx_word' id='word_1_51' title='bbox 504 913 723 970; x_wconf 75' lang='lat' dir='ltr'>dispensationem</span> <span class='ocrx_word' id='word_1_52' title='bbox 736 925 818 970; x_wconf 82' lang='lat' dir='ltr'>snper</span> <span class='ocrx_word' id='word_1_53' title='bbox 831 915 940 972; x_wconf 65' lang='lat' dir='ltr'>impedi.</span> 
     </span>
     <span class='ocr_line' id='line_1_9' title="bbox 443 980 689 1026; baseline 0 -2"><span class='ocrx_word' id='word_1_54' title='bbox 443 983 529 1026; x_wconf 89' lang='lat' dir='ltr'>mento</span> <span class='ocrx_word' id='word_1_55' title='bbox 545 980 689 1026; x_wconf 73' lang='lat' dir='ltr'>asininus.</span> 
     </span>
    </p>
   </div>
   <div class='ocr_carea' id='block_1_6' title="bbox 159 1063 967 2116">
    <p class='ocr_par' dir='ltr' id='par_1_6' title="bbox 159 1063 967 2116">
     <span class='ocr_line' id='line_1_10' title="bbox 197 1063 964 1133; baseline 0.003 -15"><span class='ocrx_word' id='word_1_56' title='bbox 197 1063 317 1133; x_wconf 81' lang='lat' dir='ltr'>Exponit</span> <span class='ocrx_word' id='word_1_57' title='bbox 336 1063 471 1118; x_wconf 89' lang='lat' dir='ltr'>humiliter</span> <span class='ocrx_word' id='word_1_58' title='bbox 488 1063 686 1118; x_wconf 87' lang='lat' dir='ltr'>illustrissimae</span> <span class='ocrx_word' id='word_1_59' title='bbox 700 1063 832 1131; x_wconf 81' lang='lat' dir='ltr'>Dignitati</span> <span class='ocrx_word' id='word_1_60' title='bbox 850 1064 964 1120; x_wconf 82' lang='lat' dir='ltr'>Vestrae</span> 
     </span>
     <span class='ocr_line' id='line_1_11' title="bbox 162 1133 964 1203; baseline 0 -12"><span class='ocrx_word' id='word_1_61' title='bbox 162 1135 347 1203; x_wconf 89' lang='lat' dir='ltr'>infrascriptus</span> <span class='ocrx_word' id='word_1_62' title='bbox 361 1135 495 1202; x_wconf 78' lang='lat' dir='ltr'>parochus</span> <span class='ocrx_word' id='word_1_63' title='bbox 513 1134 565 1190; x_wconf 90' lang='lat' dir='ltr'>loci</span> <span class='ocrx_word' id='word_1_64' title='bbox 579 1134 613 1189; x_wconf 88' lang='lat' dir='ltr'>N.</span> <span class='ocrx_word' id='word_1_65' title='bbox 632 1134 763 1190; x_wconf 87' lang='lat' dir='ltr'>dioecesis</span> <span class='ocrx_word' id='word_1_66' title='bbox 780 1133 816 1192; x_wconf 86' lang='lat' dir='ltr'>N.</span> <span class='ocrx_word' id='word_1_67' title='bbox 838 1136 892 1202; x_wconf 85' lang='lat' dir='ltr'>(cel</span> <span class='ocrx_word' id='word_1_68' title='bbox 905 1151 964 1191; x_wconf 80' lang='lat' dir='ltr'>cco·</span> 
     </span>
     <span class='ocr_line' id='line_1_12' title="bbox 159 1205 964 1276; baseline 0 -15"><span class='ocrx_word' id='word_1_69' title='bbox 159 1207 291 1275; x_wconf 65' lang='lat' dir='ltr'>fenarias</span> <span class='ocrx_word' id='word_1_70' title='bbox 309 1207 339 1258; x_wconf 80' lang='lat' dir='ltr'>iu</span> <span class='ocrx_word' id='word_1_71' title='bbox 357 1211 447 1260; x_wconf 70' lang='lat' dir='ltr'>naara</span> <span class='ocrx_word' id='word_1_72' title='bbox 464 1206 590 1260; x_wconf 81' lang='lat' dir='ltr'>Diocceaa&#39;</span> <span class='ocrx_word' id='word_1_73' title='bbox 605 1205 802 1276; x_wconf 76' lang='lat' dir='ltr'>approbatus),</span> <span class='ocrx_word' id='word_1_74' title='bbox 828 1206 903 1274; x_wconf 90' lang='lat' dir='ltr'>quod</span> <span class='ocrx_word' id='word_1_75' title='bbox 923 1207 964 1261; x_wconf 84' lang='lat' dir='ltr'>Ti-</span> 
     </span>
     <span class='ocr_line' id='line_1_13' title="bbox 161 1277 964 1347; baseline -0.001 -14"><span class='ocrx_word' id='word_1_76' title='bbox 161 1279 223 1346; x_wconf 89' lang='lat' dir='ltr'>tius,</span> <span class='ocrx_word' id='word_1_77' title='bbox 242 1277 350 1345; x_wconf 82' lang='lat' dir='ltr'>cognita</span> <span class='ocrx_word' id='word_1_78' title='bbox 367 1277 511 1332; x_wconf 77' lang='lat' dir='ltr'>carnaliter</span> <span class='ocrx_word' id='word_1_79' title='bbox 530 1277 603 1346; x_wconf 81' lang='lat' dir='ltr'>Gaia,</span> <span class='ocrx_word' id='word_1_80' title='bbox 628 1284 733 1346; x_wconf 84' lang='lat' dir='ltr'>postea,</span> <span class='ocrx_word' id='word_1_81' title='bbox 751 1277 864 1346; x_wconf 77' lang='lat' dir='ltr'>ignarus</span> <span class='ocrx_word' id='word_1_82' title='bbox 881 1279 964 1347; x_wconf 77' lang='lat' dir='ltr'>impe</span> 
     </span>
     <span class='ocr_line' id='line_1_14' title="bbox 164 1346 964 1417; baseline 0.003 -15"><span class='ocrx_word' id='word_1_83' title='bbox 164 1348 288 1417; x_wconf 86' lang='lat' dir='ltr'>dimenti,</span> <span class='ocrx_word' id='word_1_84' title='bbox 316 1348 388 1402; x_wconf 85' lang='lat' dir='ltr'>bona</span> <span class='ocrx_word' id='word_1_85' title='bbox 405 1346 459 1402; x_wconf 88' lang='lat' dir='ltr'>fide</span> <span class='ocrx_word' id='word_1_86' title='bbox 479 1348 531 1415; x_wconf 86' lang='lat' dir='ltr'>(ccl</span> <span class='ocrx_word' id='word_1_87' title='bbox 548 1350 670 1402; x_wconf 70' lang='lat' dir='ltr'>conadae</span> <span class='ocrx_word' id='word_1_88' title='bbox 686 1347 884 1416; x_wconf 65' lang='lat' dir='ltr'>impedimenti)</span> <span class='ocrx_word' id='word_1_89' title='bbox 904 1365 964 1404; x_wconf 91' lang='lat' dir='ltr'>con·</span> 
     </span>
     <span class='ocr_line' id='line_1_15' title="bbox 160 1417 965 1489; baseline 0.005 -18"><span class='ocrx_word' id='word_1_90' title='bbox 160 1427 285 1474; x_wconf 84' lang='lat' dir='ltr'>versatus</span> <span class='ocrx_word' id='word_1_91' title='bbox 303 1417 385 1474; x_wconf 77' lang='lat' dir='ltr'>fuerit</span> <span class='ocrx_word' id='word_1_92' title='bbox 409 1435 469 1474; x_wconf 90' lang='lat' dir='ltr'>oum</span> <span class='ocrx_word' id='word_1_93' title='bbox 487 1419 600 1489; x_wconf 86' lang='lat' dir='ltr'>Bertha,</span> <span class='ocrx_word' id='word_1_94' title='bbox 625 1418 712 1474; x_wconf 87' lang='lat' dir='ltr'>dictae</span> <span class='ocrx_word' id='word_1_95' title='bbox 732 1419 814 1473; x_wconf 84' lang='lat' dir='ltr'>Gaiae</span> <span class='ocrx_word' id='word_1_96' title='bbox 831 1421 860 1474; x_wconf 91' lang='lat' dir='ltr'>in</span> <span class='ocrx_word' id='word_1_97' title='bbox 879 1419 965 1489; x_wconf 76' lang='lat' dir='ltr'>gradu</span> 
     </span>
     <span class='ocr_line' id='line_1_16' title="bbox 162 1489 963 1560; baseline 0.001 -14"><span class='ocrx_word' id='word_1_98' title='bbox 162 1491 443 1559; x_wconf 81' lang='lat' dir='ltr'>...consanguinea,</span> <span class='ocrx_word' id='word_1_99' title='bbox 473 1505 604 1560; x_wconf 87' lang='lat' dir='ltr'>eousque,</span> <span class='ocrx_word' id='word_1_100' title='bbox 631 1497 662 1545; x_wconf 91' lang='lat' dir='ltr'>ut</span> <span class='ocrx_word' id='word_1_101' title='bbox 689 1489 773 1544; x_wconf 82' lang='lat' dir='ltr'>intumi</span> <span class='ocrx_word' id='word_1_102' title='bbox 797 1490 963 1547; x_wconf 84' lang='lat' dir='ltr'>Matrimonii</span> 
     </span>
     <span class='ocr_line' id='line_1_17' title="bbox 161 1561 962 1631; baseline 0.002 -15"><span class='ocrx_word' id='word_1_103' title='bbox 161 1561 241 1617; x_wconf 89' lang='lat' dir='ltr'>iidem</span> <span class='ocrx_word' id='word_1_104' title='bbox 260 1563 311 1618; x_wconf 89' lang='lat' dir='ltr'>sibi</span> <span class='ocrx_word' id='word_1_105' title='bbox 335 1561 448 1616; x_wconf 88' lang='lat' dir='ltr'>invicem</span> <span class='ocrx_word' id='word_1_106' title='bbox 473 1561 608 1631; x_wconf 86' lang='lat' dir='ltr'>dederint,</span> <span class='ocrx_word' id='word_1_107' title='bbox 637 1562 712 1617; x_wconf 82' lang='lat' dir='ltr'>curius</span> <span class='ocrx_word' id='word_1_108' title='bbox 735 1561 844 1629; x_wconf 84' lang='lat' dir='ltr'>quidem</span> <span class='ocrx_word' id='word_1_109' title='bbox 868 1562 962 1618; x_wconf 77' lang='lat' dir='ltr'>Matri-</span> 
     </span>
     <span class='ocr_line' id='line_1_18' title="bbox 161 1632 965 1701; baseline 0.002 -14"><span class='ocrx_word' id='word_1_110' title='bbox 161 1634 244 1689; x_wconf 90' lang='lat' dir='ltr'>monii</span> <span class='ocrx_word' id='word_1_111' title='bbox 261 1632 369 1688; x_wconf 88' lang='lat' dir='ltr'>ineundi</span> <span class='ocrx_word' id='word_1_112' title='bbox 394 1633 448 1686; x_wconf 91' lang='lat' dir='ltr'>iam</span> <span class='ocrx_word' id='word_1_113' title='bbox 471 1649 580 1701; x_wconf 88' lang='lat' dir='ltr'>sparsus</span> <span class='ocrx_word' id='word_1_114' title='bbox 607 1639 648 1688; x_wconf 92' lang='lat' dir='ltr'>est</span> <span class='ocrx_word' id='word_1_115' title='bbox 665 1648 771 1701; x_wconf 86' lang='lat' dir='ltr'>rumor;</span> <span class='ocrx_word' id='word_1_116' title='bbox 800 1648 885 1701; x_wconf 84' lang='lat' dir='ltr'>qnare</span> <span class='ocrx_word' id='word_1_117' title='bbox 905 1649 965 1688; x_wconf 82' lang='lat' dir='ltr'>cum</span> 
     </span>
     <span class='ocr_line' id='line_1_19' title="bbox 161 1704 965 1774; baseline 0.002 -16"><span class='ocrx_word' id='word_1_118' title='bbox 161 1705 378 1774; x_wconf 88' lang='lat' dir='ltr'>impedimentum</span> <span class='ocrx_word' id='word_1_119' title='bbox 395 1704 460 1758; x_wconf 91' lang='lat' dir='ltr'>illud</span> <span class='ocrx_word' id='word_1_120' title='bbox 479 1706 514 1758; x_wconf 90' lang='lat' dir='ltr'>sit</span> <span class='ocrx_word' id='word_1_121' title='bbox 532 1704 679 1772; x_wconf 88' lang='lat' dir='ltr'>occultum,</span> <span class='ocrx_word' id='word_1_122' title='bbox 706 1719 757 1759; x_wconf 88' lang='lat' dir='ltr'>nec</span> <span class='ocrx_word' id='word_1_123' title='bbox 783 1705 965 1774; x_wconf 75' lang='lat' dir='ltr'>evulgandum</span> 
     </span>
     <span class='ocr_line' id='line_1_20' title="bbox 161 1774 965 1846; baseline 0.002 -16"><span class='ocrx_word' id='word_1_124' title='bbox 161 1777 301 1846; x_wconf 87' lang='lat' dir='ltr'>timeatur,</span> <span class='ocrx_word' id='word_1_125' title='bbox 325 1775 412 1843; x_wconf 88' lang='lat' dir='ltr'>sitque</span> <span class='ocrx_word' id='word_1_126' title='bbox 430 1775 577 1844; x_wconf 89' lang='lat' dir='ltr'>periculum</span> <span class='ocrx_word' id='word_1_127' title='bbox 595 1774 713 1831; x_wconf 85' lang='lat' dir='ltr'>scandali</span> <span class='ocrx_word' id='word_1_128' title='bbox 727 1782 755 1829; x_wconf 88' lang='lat' dir='ltr'>et</span> <span class='ocrx_word' id='word_1_129' title='bbox 773 1774 965 1832; x_wconf 82' lang='lat' dir='ltr'>diffamationis</span> 
     </span>
     <span class='ocr_line' id='line_1_21' title="bbox 162 1846 966 1915; baseline -0.001 -13"><span class='ocrx_word' id='word_1_130' title='bbox 162 1863 197 1902; x_wconf 85' lang='lat' dir='ltr'>ex</span> <span class='ocrx_word' id='word_1_131' title='bbox 214 1848 296 1903; x_wconf 87' lang='lat' dir='ltr'>variis</span> <span class='ocrx_word' id='word_1_132' title='bbox 315 1846 510 1915; x_wconf 85' lang='lat' dir='ltr'>suspicionibus</span> <span class='ocrx_word' id='word_1_133' title='bbox 528 1847 697 1915; x_wconf 88' lang='lat' dir='ltr'>proveniens,</span> <span class='ocrx_word' id='word_1_134' title='bbox 721 1847 745 1901; x_wconf 90' lang='lat' dir='ltr'>si</span> <span class='ocrx_word' id='word_1_135' title='bbox 763 1846 966 1902; x_wconf 86' lang='lat' dir='ltr'>Matrimonium</span> 
     </span>
     <span class='ocr_line' id='line_1_22' title="bbox 161 1917 967 1987; baseline -0.001 -14"><span class='ocrx_word' id='word_1_136' title='bbox 161 1934 216 1974; x_wconf 93' lang='lat' dir='ltr'>non</span> <span class='ocrx_word' id='word_1_137' title='bbox 234 1919 414 1986; x_wconf 86' lang='lat' dir='ltr'>contrahatur,</span> <span class='ocrx_word' id='word_1_138' title='bbox 441 1918 574 1986; x_wconf 87' lang='lat' dir='ltr'>supplicat</span> <span class='ocrx_word' id='word_1_139' title='bbox 590 1934 640 1987; x_wconf 90' lang='lat' dir='ltr'>pro</span> <span class='ocrx_word' id='word_1_140' title='bbox 660 1917 864 1985; x_wconf 83' lang='lat' dir='ltr'>dispensatione</span> <span class='ocrx_word' id='word_1_141' title='bbox 883 1933 967 1986; x_wconf 91' lang='lat' dir='ltr'>super</span> 
     </span>
     <span class='ocr_line' id='line_1_23' title="bbox 162 1988 967 2059; baseline 0.002 -15"><span class='ocrx_word' id='word_1_142' title='bbox 162 1989 233 2044; x_wconf 94' lang='lat' dir='ltr'>dicto</span> <span class='ocrx_word' id='word_1_143' title='bbox 256 2029 327 2044; x_wconf 91' lang='lat'><strong>....</strong></span> <span class='ocrx_word' id='word_1_144' title='bbox 351 1989 437 2057; x_wconf 83' lang='lat' dir='ltr'>gradu</span> <span class='ocrx_word' id='word_1_145' title='bbox 462 1988 596 2045; x_wconf 89' lang='lat' dir='ltr'>affinitatis</span> <span class='ocrx_word' id='word_1_146' title='bbox 622 2003 656 2043; x_wconf 87' lang='lat' dir='ltr'>ex</span> <span class='ocrx_word' id='word_1_147' title='bbox 675 1988 772 2057; x_wconf 90' lang='lat' dir='ltr'>copula</span> <span class='ocrx_word' id='word_1_148' title='bbox 788 1989 882 2044; x_wconf 89' lang='lat' dir='ltr'>illicita</span> <span class='ocrx_word' id='word_1_149' title='bbox 901 2005 967 2059; x_wconf 90' lang='lat' dir='ltr'>pro·</span> 
     </span>
     <span class='ocr_line' id='line_1_24' title="bbox 162 2060 302 2116; baseline 0.014 -3"><span class='ocrx_word' id='word_1_150' title='bbox 162 2060 302 2116; x_wconf 89' lang='lat' dir='ltr'>venientis.</span> 
     </span>
    </p>
   </div>
   <div class='ocr_carea' id='block_1_7' title="bbox 188 2187 937 2320">
    <p class='ocr_par' dir='ltr' id='par_1_7' title="bbox 188 2187 937 2320">
     <span class='ocr_line' id='line_1_25' title="bbox 188 2187 937 2254; baseline -0.004 -7"><span class='ocrx_word' id='word_1_151' title='bbox 188 2201 235 2247; x_wconf 74' lang='lat' dir='ltr'>&#39;ta</span> <span class='ocrx_word' id='word_1_152' title='bbox 254 2199 379 2246; x_wconf 76' lang='lat' dir='ltr'>Formula</span> <span class='ocrx_word' id='word_1_153' title='bbox 391 2187 498 2254; x_wconf 87' lang='lat' dir='ltr'>petendi</span> <span class='ocrx_word' id='word_1_154' title='bbox 516 2197 736 2254; x_wconf 79' lang='lat' dir='ltr'>dispensationem</span> <span class='ocrx_word' id='word_1_155' title='bbox 751 2209 831 2254; x_wconf 85' lang='lat' dir='ltr'>super</span> <span class='ocrx_word' id='word_1_156' title='bbox 845 2197 937 2254; x_wconf 78' lang='lat' dir='ltr'>prino</span> 
     </span>
     <span class='ocr_line' id='line_1_26' title="bbox 442 2263 689 2320; baseline -0.004 -11"><span class='ocrx_word' id='word_1_157' title='bbox 442 2263 581 2311; x_wconf 73' lang='lat' dir='ltr'>affinitatis</span> <span class='ocrx_word' id='word_1_158' title='bbox 594 2263 689 2320; x_wconf 72' lang='lat' dir='ltr'>gnada</span> 
     </span>
    </p>
   </div>
   <div class='ocr_carea' id='block_1_8' title="bbox 162 2341 976 2912">
    <p class='ocr_par' dir='ltr' id='par_1_8' title="bbox 162 2341 976 2912">
     <span class='ocr_line' id='line_1_27' title="bbox 170 2341 971 2401; baseline 0 -1"><span class='ocrx_word' id='word_1_159' title='bbox 170 2377 172 2380; x_wconf 94' lang='lat'>-</span> <span class='ocrx_word' id='word_1_160' title='bbox 199 2345 434 2401; x_wconf 85' lang='lat' dir='ltr'>Reverendissimo</span> <span class='ocrx_word' id='word_1_161' title='bbox 452 2344 599 2399; x_wconf 79' lang='lat' dir='ltr'>Vinariatni</span> <span class='ocrx_word' id='word_1_162' title='bbox 620 2342 746 2398; x_wconf 86' lang='lat' dir='ltr'>Generali</span> <span class='ocrx_word' id='word_1_163' title='bbox 763 2341 904 2398; x_wconf 87' lang='lat' dir='ltr'>humiliter</span> <span class='ocrx_word' id='word_1_164' title='bbox 923 2358 971 2400; x_wconf 83' lang='lat' dir='ltr'>ex·</span> 
     </span>
     <span class='ocr_line' id='line_1_28' title="bbox 163 2413 972 2486; baseline -0.001 -15"><span class='ocrx_word' id='word_1_165' title='bbox 163 2432 244 2486; x_wconf 91' lang='lat' dir='ltr'>pono,</span> <span class='ocrx_word' id='word_1_166' title='bbox 262 2417 443 2470; x_wconf 87' lang='lat' dir='ltr'>Hermannum</span> <span class='ocrx_word' id='word_1_167' title='bbox 461 2415 495 2470; x_wconf 89' lang='lat' dir='ltr'>N.</span> <span class='ocrx_word' id='word_1_168' title='bbox 514 2415 624 2470; x_wconf 84' lang='lat' dir='ltr'>viduum</span> <span class='ocrx_word' id='word_1_169' title='bbox 648 2421 676 2469; x_wconf 87' lang='lat' dir='ltr'>et</span> <span class='ocrx_word' id='word_1_170' title='bbox 698 2413 813 2468; x_wconf 83' lang='lat' dir='ltr'>Mariam</span> <span class='ocrx_word' id='word_1_171' title='bbox 830 2413 867 2470; x_wconf 87' lang='lat' dir='ltr'>N.</span> <span class='ocrx_word' id='word_1_172' title='bbox 886 2415 972 2470; x_wconf 86' lang='lat' dir='ltr'>coeli·</span> 
     </span>
     <span class='ocr_line' id='line_1_29' title="bbox 163 2485 972 2556; baseline -0.001 -15"><span class='ocrx_word' id='word_1_173' title='bbox 163 2487 232 2556; x_wconf 89' lang='lat' dir='ltr'>bem,</span> <span class='ocrx_word' id='word_1_174' title='bbox 251 2487 429 2556; x_wconf 89' lang='lat' dir='ltr'>parochianos</span> <span class='ocrx_word' id='word_1_175' title='bbox 442 2501 526 2554; x_wconf 89' lang='lat' dir='ltr'>meos,</span> <span class='ocrx_word' id='word_1_176' title='bbox 544 2485 715 2541; x_wconf 86' lang='lat' dir='ltr'>Matrimonio</span> <span class='ocrx_word' id='word_1_177' title='bbox 729 2485 803 2554; x_wconf 81' lang='lat' dir='ltr'>iungi</span> <span class='ocrx_word' id='word_1_178' title='bbox 820 2485 972 2553; x_wconf 82' lang='lat' dir='ltr'>pluriinnm</span> 
     </span>
     <span class='ocr_line' id='line_1_30' title="bbox 163 2555 972 2627; baseline 0 -15"><span class='ocrx_word' id='word_1_179' title='bbox 163 2557 330 2627; x_wconf 88' lang='lat' dir='ltr'>desiderare,</span> <span class='ocrx_word' id='word_1_180' title='bbox 356 2573 448 2613; x_wconf 89' lang='lat' dir='ltr'>eornm</span> <span class='ocrx_word' id='word_1_181' title='bbox 467 2566 555 2612; x_wconf 87' lang='lat' dir='ltr'>autem</span> <span class='ocrx_word' id='word_1_182' title='bbox 572 2556 733 2612; x_wconf 88' lang='lat' dir='ltr'>desiderium</span> <span class='ocrx_word' id='word_1_183' title='bbox 751 2555 893 2624; x_wconf 85' lang='lat' dir='ltr'>adimpleri</span> <span class='ocrx_word' id='word_1_184' title='bbox 913 2573 972 2612; x_wconf 89' lang='lat' dir='ltr'>non</span> 
     </span>
     <span class='ocr_line' id='line_1_31' title="bbox 162 2626 971 2698; baseline 0.002 -16"><span class='ocrx_word' id='word_1_185' title='bbox 162 2643 252 2696; x_wconf 89' lang='lat' dir='ltr'>posse,</span> <span class='ocrx_word' id='word_1_186' title='bbox 271 2629 393 2683; x_wconf 87' lang='lat' dir='ltr'>obstante</span> <span class='ocrx_word' id='word_1_187' title='bbox 407 2629 486 2698; x_wconf 91' lang='lat' dir='ltr'>primi</span> <span class='ocrx_word' id='word_1_188' title='bbox 502 2627 637 2683; x_wconf 84' lang='lat' dir='ltr'>affinitatis</span> <span class='ocrx_word' id='word_1_189' title='bbox 651 2627 752 2696; x_wconf 79' lang='lat' dir='ltr'>gradus</span> <span class='ocrx_word' id='word_1_190' title='bbox 764 2626 971 2698; x_wconf 85' lang='lat' dir='ltr'>impedimento,</span> 
     </span>
     <span class='ocr_line' id='line_1_32' title="bbox 162 2698 975 2768; baseline 0.002 -16"><span class='ocrx_word' id='word_1_191' title='bbox 162 2698 224 2752; x_wconf 88' lang='lat' dir='ltr'>inde</span> <span class='ocrx_word' id='word_1_192' title='bbox 241 2700 425 2768; x_wconf 85' lang='lat' dir='ltr'>proveniente,</span> <span class='ocrx_word' id='word_1_193' title='bbox 449 2701 513 2768; x_wconf 77' lang='lat' dir='ltr'>qma</span> <span class='ocrx_word' id='word_1_194' title='bbox 531 2699 699 2768; x_wconf 81' lang='lat' dir='ltr'>supradictus</span> <span class='ocrx_word' id='word_1_195' title='bbox 716 2699 886 2754; x_wconf 85' lang='lat' dir='ltr'>Hermauuus</span> <span class='ocrx_word' id='word_1_196' title='bbox 906 2699 975 2754; x_wconf 78' lang='lat' dir='ltr'>lin·</span> 
     </span>
     <span class='ocr_line' id='line_1_33' title="bbox 162 2769 974 2826; baseline 0.004 -3"><span class='ocrx_word' id='word_1_197' title='bbox 162 2769 219 2823; x_wconf 87' lang='lat' dir='ltr'>riae</span> <span class='ocrx_word' id='word_1_198' title='bbox 237 2784 357 2824; x_wconf 89' lang='lat' dir='ltr'>sororem</span> <span class='ocrx_word' id='word_1_199' title='bbox 371 2769 524 2825; x_wconf 81' lang='lat' dir='ltr'>defunctam</span> <span class='ocrx_word' id='word_1_200' title='bbox 536 2785 648 2825; x_wconf 87' lang='lat' dir='ltr'>uxorem</span> <span class='ocrx_word' id='word_1_201' title='bbox 661 2769 764 2825; x_wconf 87' lang='lat' dir='ltr'>habuit</span> <span class='ocrx_word' id='word_1_202' title='bbox 794 2769 861 2824; x_wconf 83' lang='lat' dir='ltr'>Guni</span> <span class='ocrx_word' id='word_1_203' title='bbox 875 2777 974 2826; x_wconf 80' lang='lat' dir='ltr'>antem</span> 
     </span>
     <span class='ocr_line' id='line_1_34' title="bbox 162 2838 976 2912; baseline 0.007 -20"><span class='ocrx_word' id='word_1_204' title='bbox 162 2838 225 2893; x_wconf 91' lang='lat' dir='ltr'>dicti</span> <span class='ocrx_word' id='word_1_205' title='bbox 237 2840 422 2907; x_wconf 84' lang='lat' dir='ltr'>nupturientes</span> <span class='ocrx_word' id='word_1_206' title='bbox 440 2841 551 2897; x_wconf 90' lang='lat' dir='ltr'>libidine</span> <span class='ocrx_word' id='word_1_207' title='bbox 571 2842 644 2912; x_wconf 86' lang='lat' dir='ltr'>victi,</span> <span class='ocrx_word' id='word_1_208' title='bbox 661 2857 716 2897; x_wconf 91' lang='lat' dir='ltr'>non</span> <span class='ocrx_word' id='word_1_209' title='bbox 732 2847 821 2896; x_wconf 81' lang='lat' dir='ltr'>autem</span> <span class='ocrx_word' id='word_1_210' title='bbox 834 2855 885 2910; x_wconf 80' lang='lat' dir='ltr'>spe</span> <span class='ocrx_word' id='word_1_211' title='bbox 900 2841 976 2898; x_wconf 75' lang='lat' dir='ltr'>iaci·</span> 
     </span>
    </p>
   </div>
   <div class='ocr_carea' id='block_1_9' title="bbox 161 562 1030 672">
    <p class='ocr_par' dir='ltr' id='par_1_9' title="bbox 161 562 1030 672">
     <span class='ocr_line' id='line_1_35' title="bbox 161 562 1030 619; baseline 0.003 -3"><span class='ocrx_word' id='word_1_212' title='bbox 161 569 192 618; x_wconf 91' lang='lat' dir='ltr'>ut</span> <span class='ocrx_word' id='word_1_213' title='bbox 212 563 305 618; x_wconf 89' lang='lat' dir='ltr'>labore</span> <span class='ocrx_word' id='word_1_214' title='bbox 330 578 455 617; x_wconf 90' lang='lat' dir='ltr'>manuum</span> <span class='ocrx_word' id='word_1_215' title='bbox 481 579 589 618; x_wconf 89' lang='lat' dir='ltr'>suarum</span> <span class='ocrx_word' id='word_1_216' title='bbox 614 579 645 618; x_wconf 90' lang='lat' dir='ltr'>ao</span> <span class='ocrx_word' id='word_1_217' title='bbox 667 562 799 617; x_wconf 87' lang='lat' dir='ltr'>industria</span> <span class='ocrx_word' id='word_1_218' title='bbox 823 563 961 619; x_wconf 84' lang='lat' dir='ltr'>dumtaxat</span> <span class='ocrx_word' id='word_1_219' title='bbox 1029 601 1030 606; x_wconf 21' lang='grc' dir='ltr'><strong>κ</strong></span> 
     </span>
     <span class='ocr_line' id='line_1_36' title="bbox 1029 648 1030 672; baseline 0 0"><span class='ocrx_word' id='word_1_220' title='bbox 1029 648 1030 672; x_wconf 57' lang='lat' dir='ltr'>t</span> 
     </span>
    </p>
   </div>
   <div class='ocr_carea' id='block_1_10' title="bbox 0 0 1057 3222">
    <p class='ocr_par' dir='ltr' id='par_1_10' title="bbox 0 0 1057 3222">
     <span class='ocr_line' id='line_1_37' title="bbox 0 0 1057 3222; baseline 0 0"><span class='ocrx_word' id='word_1_221' title='bbox 0 0 1057 3222; x_wconf 95' lang='lat' dir='ltr'> </span> 
     </span>
    </p>
   </div>
  </div>
 </body>
</html>
