2128 3228
164 166 220 228 une'
318 187 350 227 ne
364 167 495 236 intensam
509 186 558 226 mi·
571 185 710 226 smmum
724 185 809 226 omens.

163 288 236 345 cocio
246 286 364 357 indutus,
380 285 476 342 debitis
488 285 567 342 fectis
579 286 746 356 reverentiis,
761 287 966 344 Sacramentum

162 359 274 415 includit
291 359 319 412 in
336 357 524 428 tabernaculo,
550 357 622 436 quod
641 357 675 412 ad
692 357 763 412 hunc
780 356 861 412 finem
878 359 908 412 in
926 360 967 414 ai·

161 431 214 487 tari
233 430 408 498 expositionis
421 428 591 494 retinendum
605 429 674 498 erit3
690 429 780 484 hostia
797 435 887 484 autem
901 446 968 486 cou-

163 508 268 558 secrata
286 501 314 554 in
326 501 411 556 Missa
429 500 610 555 consumenda
622 507 672 569 est,
691 500 748 554 sive
766 500 825 569 hac,
844 501 903 556 sive
922 517 966 557 se·

163 573 256 642 quenti
273 573 325 626 die.
361 572 410 626 His
428 572 552 640 peractis,
570 577 742 626 reverttmtur
759 571 787 625 in
805 572 968 643 sacristiam,

163 646 256 712 sicque
273 643 364 698 finitur
382 643 468 698 oratio
486 643 536 696 XL
554 643 689 698 horarum

197 715 309 769 XXXII.
339 713 480 784 Tempore,
499 729 552 782 quo
572 713 679 768 durabit
697 712 791 768 eadem
809 713 906 783 oratio,⁸
926 713 968 768 di·
1051 749 1052 766 t

162 787 255 844 stricte
280 785 447 848 interdicitur
470 785 642 854 praedicare3
669 784 901 854 vercusiorum,
930 785 966 840 ad

161 857 304 914 fovendam
329 856 447 911 fidelium
472 871 537 924 erga
555 855 603 912 SS.
622 856 822 910 Sacramentum
839 854 963 912 devotie-

161 943 231 999 nem,
259 929 369 983 brevem
387 928 540 982 concionem
556 932 620 995 post
636 927 803 996 Vesperas1)
821 927 966 984 instituere

178 1082 199 1136 1)
213 1083 236 1124 si
249 1084 361 1132 vesperae
374 1083 494 1122 canuntur
508 1090 582 1120 cerem
595 1079 629 1121 SS.
645 1079 788 1120 incremento
803 1079 915 1128 expedio,
930 1090 966 1120 ca·

216 1147 293 1187 cardos
307 1145 420 1186 celebrans
434 1146 534 1186 induitur
547 1145 607 1185 stola
619 1146 641 1183 et
653 1145 745 1194 pluviali
759 1155 824 1194 snper
836 1145 966 1186 rochettum

216 1213 255 1252 ant
268 1211 462 1260 superpelliceum
477 1210 543 1250 ceteri
552 1220 604 1250 vero
614 1210 744 1254 assistentes
757 1220 802 1250 non
815 1213 913 1259 possunt
926 1211 966 1252 sd·

215 1277 292 1316 hibero
307 1277 394 1325 stolam,
408 1275 453 1316 uisi
465 1276 489 1314 in
503 1286 563 1324 casu,
578 1286 621 1324 qno
635 1275 715 1324 uliquis
728 1286 803 1314 eorum
813 1275 883 1316 faeiat
896 1287 965 1327 expo·

216 1343 326 1390 citiorem,
340 1343 457 1402 qualiacta
470 1343 545 1382 statim
559 1352 607 1380 eam
621 1342 718 1391 deponit.
747 1343 769 1382 si
784 1340 818 1383 SS.
834 1340 966 1384 Sacramen-

217 1412 264 1448 tum
278 1411 329 1450 ante
345 1409 453 1457 Vesperas
467 1409 511 1449 iam
525 1408 591 1448 inerit
605 1407 736 1456 expositum,
758 1408 873 1448 celebrans
887 1412 910 1449 ot
925 1411 965 1450 mi·

216 1475 283 1515 nistri
303 1473 424 1523 procedunt
443 1484 470 1512 ex
490 1473 592 1512 sacristia
610 1473 681 1522 capite
702 1476 813 1522 cooperto,
837 1474 876 1513 sed
890 1474 964 1524 ingre·

217 1542 301 1582 dientes
315 1541 477 1589 presbyterium
491 1549 530 1579 seu
544 1539 660 1588 capellam,
681 1539 705 1580 in
719 1549 763 1589 qua
782 1542 815 1579 est
830 1543 964 1592 expositum,

128 1623 129 1627 ¹
218 1621 241 1650 se
255 1607 425 1656 discooperiunt,
446 1607 468 1646 et
481 1617 532 1645 mox
545 1607 618 1646 bireta
632 1607 722 1647 tradunt
736 1607 853 1656 acolythis,
876 1609 912 1648 rel
926 1609 965 1648 illa

217 1675 358 1715 tonentante
371 1673 448 1721 pectus
468 1681 508 1721 per
527 1676 611 1721 partem
624 1671 763 1720 inferiorem,
784 1671 887 1712 manibus
905 1673 965 1713 inira

217 1741 299 1780 iunctis
314 1741 335 1778 et
348 1737 465 1788 pollicibus
477 1738 500 1776 iu
514 1739 577 1785 parte
591 1745 687 1776 coreava
701 1735 835 1780 musulatii.
854 1737 965 1779 Acceden-

218 1811 252 1846 tes
266 1805 295 1844 ad
309 1804 390 1852 altare,
410 1803 445 1842 voi
464 1803 494 1841 ab
512 1812 538 1842 eo
551 1801 677 1842 recedentes
690 1803 784 1850 uuoqna
802 1813 861 1852 genu
874 1803 967 1844 flectere

219 1874 298 1914 debent
317 1872 338 1910 tn
353 1871 426 1920 plano.
457 1869 570 1918 convenit,
590 1869 616 1908 nt
636 1869 665 1909 ob
678 1870 823 1910 renuntiem
836 1869 873 1910 88.
888 1871 967 1911 Sacra·

218 1939 287 1980 menti
301 1947 376 1978 omues
390 1938 450 1976 mant
462 1935 534 1984 capite
548 1935 640 1978 detecto.
662 1935 697 1976 Ad
710 1935 825 1976 nauticum
838 1936 966 1987 Hmtflcct

218 2006 345 2046 incensatur
353 2003 431 2051 adare,
446 2001 526 2042 chorus
535 2001 670 2051 etpopuius:
684 2001 742 2042 uude
756 2001 860 2044 (inciens
875 2005 966 2044 mutatu

218 2079 283 2110 versu
295 2070 366 2119 primo
380 2067 465 2109 Cantici
478 2078 529 2108 mox
543 2068 606 2108 ciinii
619 2078 643 2108 se
657 2068 731 2116 signat
744 2069 767 2108 in
780 2069 861 2118 nonio,
875 2071 968 2118 pectore

218 2139 242 2176 at
254 2135 364 2176 humeris:
379 2137 427 2174 tum
440 2133 525 2172 accedit
537 2133 566 2174 ad
579 2133 677 2172 mimum
690 2134 783 2182 gradum
796 2133 882 2183 altaris,
895 2133 968 2174 flectit

218 2201 305 2242 duobus
318 2201 412 2249 gemeus
425 2199 448 2238 in
461 2199 540 2248 plano,
562 2198 590 2238 ob
604 2199 727 2247 expositum
741 2197 776 2240 ss.
792 2199 966 2248 sacamentum,

219 2268 246 2308 ad
260 2267 330 2306 altare
344 2265 449 2313 ascendit,
463 2264 533 2304 flectit
545 2275 589 2304 uuo
598 2274 661 2312 genu
674 2265 698 2304 in
712 2264 783 2304 medio
796 2264 882 2313 aimuh,
899 2265 966 2306 iilud·

219 2344 268 2382 qne,
289 2331 394 2380 depositis
413 2330 464 2370 hiuc
484 2332 507 2368 et
527 2330 699 2378 indemnibus,
719 2329 843 2379 oseulatur;
864 2329 966 2370 osculato

219 2397 286 2437 altari
300 2395 419 2436 retrocedIt
428 2395 589 2444 aliquantulum
603 2397 625 2436 in
636 2406 706 2435 cornu
719 2393 765 2433 iere
779 2393 893 2444 Evangelii
907 2397 967 2436 iacis

219 2471 283 2501 versa
297 2461 325 2500 ad
344 2471 412 2500 cornu
426 2460 539 2509 Epistulae
557 2460 608 2500 thus
621 2461 716 2511 imponit
735 2471 761 2500 ac
775 2459 828 2499 iliud
842 2460 966 2510 benedicit3

218 2525 299 2566 iniecto
313 2527 386 2564 antem
400 2525 472 2574 thure,
492 2527 584 2564 renovat
597 2526 777 2576 genuflexionem,
796 2525 923 2575 receditque
937 2527 967 2566 ab

219 2593 296 2642 altari,
321 2603 346 2631 ao
360 2592 430 2631 flexus
443 2592 530 2632 duobus
549 2593 642 2641 genibus
661 2593 685 2631 iu
704 2593 779 2632 inimo
800 2593 869 2642 gradu
883 2593 968 2642 accipit

161 2647 166 2658 '
218 2656 355 2698 thuribulum
373 2659 396 2696 et
414 2667 474 2696 more
493 2657 559 2697 solito
573 2659 608 2698 ter
621 2659 721 2698 incemat
738 2659 776 2700 88.
790 2659 966 2707 mentum,

219 2723 242 2762 ct
255 2722 306 2762 dein
320 2720 420 2760 ncendst
437 2723 460 2762 et
472 2723 587 2764 thurificat
605 2724 682 2768 altare
709 2724 785 2765 linita
798 2724 876 2764 aitaris
889 2724 967 2764 ineen-

219 2790 305 2830 satione
315 2786 419 2844 officiens
433 2789 545 2830 descendit
558 2791 581 2830 in
595 2791 685 2840 phuam
698 2791 802 2842 capellus,
821 2791 860 2830 ubi
873 2801 967 2832 oenum·

219 2863 257 2894 sus
271 2853 299 2893 ad
313 2851 418 2901 populum
431 2863 472 2902 per
486 2865 548 2895 snam
562 2857 683 2906 sinistam
695 2856 828 2905 umnam,
846 2866 874 2896 ao
886 2858 968 2906 pecte·
