<?xml version="1.0" encoding="UTF-8"?>
<!DOCTYPE html PUBLIC "-//W3C//DTD XHTML 1.0 Transitional//EN"
    "http://www.w3.org/TR/xhtml1/DTD/xhtml1-transitional.dtd">
<html xmlns="http://www.w3.org/1999/xhtml" xml:lang="en" lang="en">
 <head>
  <title>
</title>
<meta http-equiv="Content-Type" content="text/html;charset=utf-8" />
  <meta name='ocr-system' content='tesseract 3.04.00' />
  <meta name='ocr-capabilities' content='ocr_page ocr_carea ocr_par ocr_line ocrx_word'/>
</head>
<body>
  <div class='ocr_page' id='page_1' title='image "./manualesacerdot00schngoog_0833.png"; bbox 0 0 2098 3222; ppageno 0'>
   <div class='ocr_carea' id='block_1_1' title="bbox 195 175 897 220">
    <p class='ocr_par' dir='ltr' id='par_1_1' title="bbox 195 175 897 220">
     <span class='ocr_line' id='line_1_1' title="bbox 195 175 897 220; baseline -0.003 0"><span class='ocrx_word' id='word_1_1' title='bbox 195 179 228 220; x_wconf 85' lang='lat' dir='ltr'><strong>Do</strong></span> <span class='ocrx_word' id='word_1_2' title='bbox 242 179 392 220; x_wconf 66' lang='lat' dir='ltr'><strong>exsecratione</strong></span> <span class='ocrx_word' id='word_1_3' title='bbox 406 179 429 219; x_wconf 90' lang='lat' dir='ltr'><strong>et</strong></span> <span class='ocrx_word' id='word_1_4' title='bbox 441 189 498 218; x_wconf 83' lang='lat' dir='ltr'><strong>nova</strong></span> <span class='ocrx_word' id='word_1_5' title='bbox 511 179 676 220; x_wconf 83' lang='lat' dir='ltr'><strong>oonseeratlone</strong></span> <span class='ocrx_word' id='word_1_6' title='bbox 694 179 803 219; x_wconf 62' lang='lat' dir='ltr'><strong>uterium.</strong></span> <span class='ocrx_word' id='word_1_7' title='bbox 858 175 897 219; x_wconf 80' lang='lat'><strong>811</strong></span> 
     </span>
    </p>
   </div>
   <div class='ocr_carea' id='block_1_2' title="bbox 102 278 796 328">
    <p class='ocr_par' dir='ltr' id='par_1_2' title="bbox 102 278 796 328">
     <span class='ocr_line' id='line_1_2' title="bbox 102 278 796 328; baseline -0.001 -6"><span class='ocrx_word' id='word_1_8' title='bbox 102 322 105 328; x_wconf 80' lang='grc'>,</span> <span class='ocrx_word' id='word_1_9' title='bbox 208 279 240 322; x_wconf 77' lang='lat' dir='ltr'><strong>lle</strong></span> <span class='ocrx_word' id='word_1_10' title='bbox 252 279 400 323; x_wconf 70' lang='lat' dir='ltr'><strong>ensentium</strong></span> <span class='ocrx_word' id='word_1_11' title='bbox 413 281 436 322; x_wconf 82' lang='lat' dir='ltr'><strong>el</strong></span> <span class='ocrx_word' id='word_1_12' title='bbox 450 291 503 322; x_wconf 82' lang='lat' dir='ltr'><strong>nove</strong></span> <span class='ocrx_word' id='word_1_13' title='bbox 516 278 678 324; x_wconf 71' lang='lat' dir='ltr'><strong>oooewretione</strong></span> <span class='ocrx_word' id='word_1_14' title='bbox 691 279 796 322; x_wconf 75' lang='lat' dir='ltr'><strong>altarium.</strong></span> 
     </span>
    </p>
   </div>
   <div class='ocr_carea' id='block_1_3' title="bbox 98 349 899 1131">
    <p class='ocr_par' dir='ltr' id='par_1_3' title="bbox 100 349 899 848">
     <span class='ocr_line' id='line_1_3' title="bbox 139 349 899 421; baseline 0 -15"><span class='ocrx_word' id='word_1_15' title='bbox 139 356 164 409; x_wconf 90' lang='lat'><strong>1.</strong></span> <span class='ocrx_word' id='word_1_16' title='bbox 182 350 283 421; x_wconf 79' lang='lat' dir='ltr'><strong>Altero,</strong></span> <span class='ocrx_word' id='word_1_17' title='bbox 300 352 329 406; x_wconf 91' lang='lat' dir='ltr'><strong>in</strong></span> <span class='ocrx_word' id='word_1_18' title='bbox 348 367 400 419; x_wconf 90' lang='lat' dir='ltr'><strong>quo</strong></span> <span class='ocrx_word' id='word_1_19' title='bbox 414 358 611 407; x_wconf 80' lang='lat' dir='ltr'><strong>sacrosanctum</strong></span> <span class='ocrx_word' id='word_1_20' title='bbox 622 351 722 406; x_wconf 79' lang='lat' dir='ltr'>Missae</span> <span class='ocrx_word' id='word_1_21' title='bbox 741 349 899 407; x_wconf 79' lang='lat' dir='ltr'><strong>sacrifitium</strong></span> 
     </span>
     <span class='ocr_line' id='line_1_4' title="bbox 100 421 898 493; baseline 0 -15"><span class='ocrx_word' id='word_1_22' title='bbox 100 422 290 478; x_wconf 78' lang='lat' dir='ltr'><strong>celebrandum</strong></span> <span class='ocrx_word' id='word_1_23' title='bbox 300 429 349 492; x_wconf 91' lang='lat' dir='ltr'><strong>est,</strong></span> <span class='ocrx_word' id='word_1_24' title='bbox 362 422 442 478; x_wconf 89' lang='lat' dir='ltr'><strong>debet</strong></span> <span class='ocrx_word' id='word_1_25' title='bbox 452 438 511 478; x_wconf 86' lang='lat' dir='ltr'><strong>esse</strong></span> <span class='ocrx_word' id='word_1_26' title='bbox 521 422 656 490; x_wconf 87' lang='lat' dir='ltr'><strong>lapideum</strong></span> <span class='ocrx_word' id='word_1_27' title='bbox 670 427 698 476; x_wconf 90' lang='lat' dir='ltr'><strong>et</strong></span> <span class='ocrx_word' id='word_1_28' title='bbox 707 422 740 476; x_wconf 87' lang='lat' dir='ltr'><strong>ab</strong></span> <span class='ocrx_word' id='word_1_29' title='bbox 752 421 898 493; x_wconf 85' lang='lat' dir='ltr'>Episcopo,</span> 
     </span>
     <span class='ocr_line' id='line_1_5' title="bbox 100 492 897 564; baseline -0.003 -14"><span class='ocrx_word' id='word_1_30' title='bbox 100 495 159 550; x_wconf 84' lang='lat' dir='ltr'><strong>sive</strong></span> <span class='ocrx_word' id='word_1_31' title='bbox 176 493 282 549; x_wconf 85' lang='lat' dir='ltr'><strong>Abbate</strong></span> <span class='ocrx_word' id='word_1_32' title='bbox 300 493 454 549; x_wconf 74' lang='lat' dir='ltr'><strong>facultatem</strong></span> <span class='ocrx_word' id='word_1_33' title='bbox 472 509 489 547; x_wconf 90' lang='lat' dir='ltr'><strong>a</strong></span> <span class='ocrx_word' id='word_1_34' title='bbox 506 493 576 548; x_wconf 83' lang='lat' dir='ltr'><strong>Sede</strong></span> <span class='ocrx_word' id='word_1_35' title='bbox 594 493 751 562; x_wconf 81' lang='lat' dir='ltr'><strong>Apostolioa</strong></span> <span class='ocrx_word' id='word_1_36' title='bbox 773 492 897 564; x_wconf 83' lang='lat' dir='ltr'><strong>habente,</strong></span> 
     </span>
     <span class='ocr_line' id='line_1_6' title="bbox 100 564 896 633; baseline 0 -14"><span class='ocrx_word' id='word_1_37' title='bbox 100 571 300 633; x_wconf 69' lang='lat' dir='ltr'><strong>consecratum</strong></span> <span class='ocrx_word' id='word_1_38' title='bbox 326 566 371 620; x_wconf 87' lang='lat' dir='ltr'><strong>vel</strong></span> <span class='ocrx_word' id='word_1_39' title='bbox 395 565 490 620; x_wconf 84' lang='lat' dir='ltr'><strong>saltem</strong></span> <span class='ocrx_word' id='word_1_40' title='bbox 515 581 563 620; x_wconf 86' lang='lat' dir='ltr'><strong>ara</strong></span> <span class='ocrx_word' id='word_1_41' title='bbox 586 564 693 633; x_wconf 86' lang='lat' dir='ltr'><strong>lapidea</strong></span> <span class='ocrx_word' id='word_1_42' title='bbox 717 564 837 619; x_wconf 89' lang='lat' dir='ltr'><strong>similiter</strong></span> <span class='ocrx_word' id='word_1_43' title='bbox 862 565 896 620; x_wconf 88' lang='lat' dir='ltr'><strong>ab</strong></span> 
     </span>
     <span class='ocr_line' id='line_1_7' title="bbox 101 636 897 705; baseline 0 -15"><span class='ocrx_word' id='word_1_44' title='bbox 101 636 249 705; x_wconf 81' lang='lat' dir='ltr'>Episcopo,</span> <span class='ocrx_word' id='word_1_45' title='bbox 275 637 319 691; x_wconf 85' lang='lat' dir='ltr'><strong>vel</strong></span> <span class='ocrx_word' id='word_1_46' title='bbox 344 636 458 704; x_wconf 90' lang='lat' dir='ltr'><strong>Abbate,</strong></span> <span class='ocrx_word' id='word_1_47' title='bbox 482 643 621 705; x_wconf 81' lang='lat' dir='ltr'><strong>utsupra,</strong></span> <span class='ocrx_word' id='word_1_48' title='bbox 646 641 809 704; x_wconf 80' lang='lat' dir='ltr'><strong>consecrata,</strong></span> <span class='ocrx_word' id='word_1_49' title='bbox 828 650 897 703; x_wconf 87' lang='lat' dir='ltr'><strong>quae</strong></span> 
     </span>
     <span class='ocr_line' id='line_1_8' title="bbox 101 707 897 775; baseline 0 -13"><span class='ocrx_word' id='word_1_50' title='bbox 101 716 157 762; x_wconf 87' lang='lat' dir='ltr'><strong>tam</strong></span> <span class='ocrx_word' id='word_1_51' title='bbox 174 707 263 775; x_wconf 79' lang='lat' dir='ltr'><strong>ampla</strong></span> <span class='ocrx_word' id='word_1_52' title='bbox 281 707 323 774; x_wconf 90' lang='lat' dir='ltr'><strong>sit,</strong></span> <span class='ocrx_word' id='word_1_53' title='bbox 341 714 372 762; x_wconf 88' lang='lat' dir='ltr'><strong>ut</strong></span> <span class='ocrx_word' id='word_1_54' title='bbox 389 709 503 763; x_wconf 80' lang='lat' dir='ltr'>hostiam</span> <span class='ocrx_word' id='word_1_55' title='bbox 522 713 549 761; x_wconf 88' lang='lat' dir='ltr'><strong>et</strong></span> <span class='ocrx_word' id='word_1_56' title='bbox 566 707 695 761; x_wconf 90' lang='lat' dir='ltr'><strong>maiorem</strong></span> <span class='ocrx_word' id='word_1_57' title='bbox 711 712 817 774; x_wconf 83' lang='lat' dir='ltr'><strong>partem</strong></span> <span class='ocrx_word' id='word_1_58' title='bbox 835 707 897 762; x_wconf 80' lang='lat' dir='ltr'><strong>oali·</strong></span> 
     </span>
     <span class='ocr_line' id='line_1_9' title="bbox 101 777 721 848; baseline -0.003 -14"><span class='ocrx_word' id='word_1_59' title='bbox 101 779 140 835; x_wconf 86' lang='lat' dir='ltr'><strong>ois</strong></span> <span class='ocrx_word' id='word_1_60' title='bbox 159 779 255 847; x_wconf 86' lang='lat' dir='ltr'><strong>capiat.</strong></span> <span class='ocrx_word' id='word_1_61' title='bbox 294 779 391 846; x_wconf 77' lang='lat' dir='ltr'><strong>(ltabr.</strong></span> <span class='ocrx_word' id='word_1_62' title='bbox 407 795 467 848; x_wconf 80' lang='lat' dir='ltr'><strong>poa.</strong></span> <span class='ocrx_word' id='word_1_63' title='bbox 485 779 563 832; x_wconf 79' lang='lat' dir='ltr'><strong>Mire.</strong></span> <span class='ocrx_word' id='word_1_64' title='bbox 583 779 623 833; x_wconf 77' lang='lat' dir='ltr'><strong>aa</strong></span> <span class='ocrx_word' id='word_1_65' title='bbox 643 777 721 844; x_wconf 83' lang='lat' dir='ltr'><em>XX.)</em></span> 
     </span>
    </p>

    <p class='ocr_par' dir='ltr' id='par_1_4' title="bbox 98 847 897 1131">
     <span class='ocr_line' id='line_1_10' title="bbox 137 847 894 918; baseline -0.003 -14"><span class='ocrx_word' id='word_1_66' title='bbox 137 852 163 904; x_wconf 80' lang='lat'><strong>2.</strong></span> <span class='ocrx_word' id='word_1_67' title='bbox 176 849 269 904; x_wconf 87' lang='lat' dir='ltr'><strong>Altare</strong></span> <span class='ocrx_word' id='word_1_68' title='bbox 281 849 368 916; x_wconf 68' lang='lat' dir='ltr'><strong>risam</strong></span> <span class='ocrx_word' id='word_1_69' title='bbox 378 859 419 904; x_wconf 89' lang='lat' dir='ltr'><strong>est</strong></span> <span class='ocrx_word' id='word_1_70' title='bbox 431 849 499 918; x_wconf 89' lang='lat' dir='ltr'><strong>lapis</strong></span> <span class='ocrx_word' id='word_1_71' title='bbox 510 849 601 904; x_wconf 83' lang='lat' dir='ltr'><strong>altaris</strong></span> <span class='ocrx_word' id='word_1_72' title='bbox 611 847 778 917; x_wconf 81' lang='lat' dir='ltr'><strong>superficiem</strong></span> <span class='ocrx_word' id='word_1_73' title='bbox 791 853 894 916; x_wconf 88' lang='lat' dir='ltr'><strong>tegens,</strong></span> 
     </span>
     <span class='ocr_line' id='line_1_11' title="bbox 100 918 897 988; baseline -0.004 -13"><span class='ocrx_word' id='word_1_74' title='bbox 100 921 147 987; x_wconf 89' lang='lat' dir='ltr'><strong>qui</strong></span> <span class='ocrx_word' id='word_1_75' title='bbox 165 927 314 976; x_wconf 84' lang='lat' dir='ltr'><strong>structurae</strong></span> <span class='ocrx_word' id='word_1_76' title='bbox 331 920 451 975; x_wconf 90' lang='lat' dir='ltr'><strong>inferiori</strong></span> <span class='ocrx_word' id='word_1_77' title='bbox 473 921 648 988; x_wconf 82' lang='lat' dir='ltr'><strong>coniungitur,</strong></span> <span class='ocrx_word' id='word_1_78' title='bbox 674 927 702 974; x_wconf 91' lang='lat' dir='ltr'><strong>et</strong></span> <span class='ocrx_word' id='word_1_79' title='bbox 725 935 784 974; x_wconf 86' lang='lat' dir='ltr'><strong>cum</strong></span> <span class='ocrx_word' id='word_1_80' title='bbox 802 918 897 973; x_wconf 88' lang='lat' dir='ltr'><strong>eadem</strong></span> 
     </span>
     <span class='ocr_line' id='line_1_12' title="bbox 100 989 896 1062; baseline -0.004 -16"><span class='ocrx_word' id='word_1_81' title='bbox 100 1007 182 1046; x_wconf 86' lang='lat' dir='ltr'><strong>uuum</strong></span> <span class='ocrx_word' id='word_1_82' title='bbox 193 998 279 1046; x_wconf 87' lang='lat' dir='ltr'><strong>totum</strong></span> <span class='ocrx_word' id='word_1_83' title='bbox 293 991 380 1047; x_wconf 85' lang='lat' dir='ltr'><strong>efficit.</strong></span> <span class='ocrx_word' id='word_1_84' title='bbox 390 1022 424 1030; x_wconf 97' lang='lat'>-</span> <span class='ocrx_word' id='word_1_85' title='bbox 433 992 526 1046; x_wconf 85' lang='lat' dir='ltr'><strong>Altare</strong></span> <span class='ocrx_word' id='word_1_86' title='bbox 531 991 662 1060; x_wconf 78' lang='lat' dir='ltr'><strong>portattle</strong></span> <span class='ocrx_word' id='word_1_87' title='bbox 672 991 817 1062; x_wconf 83' lang='lat' dir='ltr'><strong>(viaticum)</strong></span> <span class='ocrx_word' id='word_1_88' title='bbox 830 989 896 1058; x_wconf 90' lang='lat' dir='ltr'><strong>illud</strong></span> 
     </span>
     <span class='ocr_line' id='line_1_13' title="bbox 98 1061 896 1131; baseline 0 -15"><span class='ocrx_word' id='word_1_89' title='bbox 98 1061 204 1131; x_wconf 87' lang='lat' dir='ltr'><strong>dieitur,</strong></span> <span class='ocrx_word' id='word_1_90' title='bbox 223 1062 295 1130; x_wconf 92' lang='lat' dir='ltr'><strong>quod</strong></span> <span class='ocrx_word' id='word_1_91' title='bbox 313 1069 418 1118; x_wconf 89' lang='lat' dir='ltr'><strong>oonstat</strong></span> <span class='ocrx_word' id='word_1_92' title='bbox 430 1070 535 1117; x_wconf 88' lang='lat' dir='ltr'><strong>tantum</strong></span> <span class='ocrx_word' id='word_1_93' title='bbox 549 1079 583 1116; x_wconf 85' lang='lat' dir='ltr'><strong>ex</strong></span> <span class='ocrx_word' id='word_1_94' title='bbox 595 1063 674 1117; x_wconf 84' lang='lat' dir='ltr'><strong>unico</strong></span> <span class='ocrx_word' id='word_1_95' title='bbox 688 1061 777 1130; x_wconf 88' lang='lat' dir='ltr'><strong>lapide</strong></span> <span class='ocrx_word' id='word_1_96' title='bbox 791 1062 896 1130; x_wconf 88' lang='lat' dir='ltr'><strong>integro</strong></span> 
     </span>
    </p>
   </div>
   <div class='ocr_carea' id='block_1_4' title="bbox 98 1132 989 1202">
    <p class='ocr_par' dir='ltr' id='par_1_5' title="bbox 98 1132 989 1202">
     <span class='ocr_line' id='line_1_14' title="bbox 98 1132 989 1202; baseline -0.002 -14"><span class='ocrx_word' id='word_1_97' title='bbox 98 1140 189 1188; x_wconf 84' lang='lat' dir='ltr'><strong>tautae</strong></span> <span class='ocrx_word' id='word_1_98' title='bbox 199 1133 395 1202; x_wconf 80' lang='lat' dir='ltr'><strong>magnitudinis,</strong></span> <span class='ocrx_word' id='word_1_99' title='bbox 413 1139 444 1188; x_wconf 90' lang='lat' dir='ltr'><strong>ut</strong></span> <span class='ocrx_word' id='word_1_100' title='bbox 457 1135 545 1188; x_wconf 82' lang='lat' dir='ltr'><strong>rubeis</strong></span> <span class='ocrx_word' id='word_1_101' title='bbox 554 1133 651 1201; x_wconf 87' lang='lat' dir='ltr'><strong>pedem</strong></span> <span class='ocrx_word' id='word_1_102' title='bbox 661 1150 720 1188; x_wconf 87' lang='lat' dir='ltr'><strong>oum</strong></span> <span class='ocrx_word' id='word_1_103' title='bbox 733 1135 833 1201; x_wconf 85' lang='lat' dir='ltr'><strong>patena</strong></span> <span class='ocrx_word' id='word_1_104' title='bbox 846 1132 898 1188; x_wconf 84' lang='lat' dir='ltr'><strong>sal·</strong></span> <span class='ocrx_word' id='word_1_105' title='bbox 987 1161 989 1166; x_wconf 94' lang='lat'>·</span> 
     </span>
    </p>
   </div>
   <div class='ocr_carea' id='block_1_5' title="bbox 49 1202 901 2194">
    <p class='ocr_par' dir='ltr' id='par_1_6' title="bbox 98 1202 898 1470">
     <span class='ocr_line' id='line_1_15' title="bbox 99 1202 898 1273; baseline -0.001 -15"><span class='ocrx_word' id='word_1_106' title='bbox 99 1211 153 1258; x_wconf 89' lang='lat' dir='ltr'><strong>tem</strong></span> <span class='ocrx_word' id='word_1_107' title='bbox 172 1203 261 1271; x_wconf 88' lang='lat' dir='ltr'><strong>quoad</strong></span> <span class='ocrx_word' id='word_1_108' title='bbox 279 1205 407 1258; x_wconf 84' lang='lat' dir='ltr'><strong>maiorem</strong></span> <span class='ocrx_word' id='word_1_109' title='bbox 424 1211 530 1272; x_wconf 86' lang='lat' dir='ltr'><strong>partem</strong></span> <span class='ocrx_word' id='word_1_110' title='bbox 545 1219 640 1272; x_wconf 88' lang='lat' dir='ltr'><strong>capere</strong></span> <span class='ocrx_word' id='word_1_111' title='bbox 654 1205 750 1273; x_wconf 86' lang='lat' dir='ltr'>possit,</span> <span class='ocrx_word' id='word_1_112' title='bbox 767 1204 812 1257; x_wconf 83' lang='lat' dir='ltr'><strong>vel</strong></span> <span class='ocrx_word' id='word_1_113' title='bbox 825 1202 898 1270; x_wconf 91' lang='lat' dir='ltr'><strong>quod</strong></span> 
     </span>
     <span class='ocr_line' id='line_1_16' title="bbox 99 1273 897 1344; baseline 0 -17"><span class='ocrx_word' id='word_1_114' title='bbox 99 1273 134 1328; x_wconf 90' lang='lat' dir='ltr'><strong>de</strong></span> <span class='ocrx_word' id='word_1_115' title='bbox 153 1277 206 1328; x_wconf 76' lang='lat' dir='ltr'><strong>iuno</strong></span> <span class='ocrx_word' id='word_1_116' title='bbox 225 1276 254 1328; x_wconf 90' lang='lat' dir='ltr'><strong>in</strong></span> <span class='ocrx_word' id='word_1_117' title='bbox 272 1275 352 1328; x_wconf 83' lang='lat' dir='ltr'><strong>abum</strong></span> <span class='ocrx_word' id='word_1_118' title='bbox 369 1275 457 1329; x_wconf 88' lang='lat' dir='ltr'><strong>looum</strong></span> <span class='ocrx_word' id='word_1_119' title='bbox 482 1273 650 1332; x_wconf 75' lang='lat' dir='ltr'><strong>transfertur.</strong></span> <span class='ocrx_word' id='word_1_120' title='bbox 678 1275 718 1343; x_wconf 81' lang='lat' dir='ltr'><strong>(S.</strong></span> <span class='ocrx_word' id='word_1_121' title='bbox 740 1275 769 1330; x_wconf 81' lang='lat'><strong>0.</strong></span> <span class='ocrx_word' id='word_1_122' title='bbox 787 1274 897 1344; x_wconf 79' lang='lat' dir='ltr'><strong>Iadalg.</strong></span> 
     </span>
     <span class='ocr_line' id='line_1_17' title="bbox 98 1344 898 1469; baseline 0.003 -71"><span class='ocrx_word' id='word_1_123' title='bbox 98 1345 358 1469; x_wconf 67' lang='lat' dir='ltr'><strong>20.ll15art1846.)</strong></span> <span class='ocrx_word' id='word_1_124' title='bbox 397 1344 451 1400; x_wconf 83' lang='lat' dir='ltr'><strong>Gfr.</strong></span> <span class='ocrx_word' id='word_1_125' title='bbox 476 1345 575 1400; x_wconf 87' lang='lat' dir='ltr'><strong>Mdnst.</strong></span> <span class='ocrx_word' id='word_1_126' title='bbox 594 1346 754 1401; x_wconf 88' lang='lat' dir='ltr'><strong>Pastoralbl.</strong></span> <span class='ocrx_word' id='word_1_127' title='bbox 775 1361 801 1402; x_wconf 85' lang='lat' dir='ltr'><strong>a.</strong></span> <span class='ocrx_word' id='word_1_128' title='bbox 820 1347 898 1401; x_wconf 84' lang='grc'><em>1863.</em></span> 
     </span>
     <span class='ocr_line' id='line_1_18' title="bbox 101 1431 217 1470; baseline -0.009 0"><span class='ocrx_word' id='word_1_129' title='bbox 101 1431 172 1470; x_wconf 88' lang='lat' dir='ltr'><strong>num.</strong></span> <span class='ocrx_word' id='word_1_130' title='bbox 210 1457 217 1469; x_wconf 94' lang='lat'>.</span> 
     </span>
    </p>

    <p class='ocr_par' dir='ltr' id='par_1_7' title="bbox 49 1485 901 2194">
     <span class='ocr_line' id='line_1_19' title="bbox 138 1485 900 1554; baseline 0 -14"><span class='ocrx_word' id='word_1_131' title='bbox 138 1488 164 1544; x_wconf 83' lang='lat'><strong>3.</strong></span> <span class='ocrx_word' id='word_1_132' title='bbox 181 1487 274 1542; x_wconf 83' lang='lat' dir='ltr'><strong>Altero</strong></span> <span class='ocrx_word' id='word_1_133' title='bbox 292 1485 376 1540; x_wconf 83' lang='lat' dir='ltr'><strong>fixum</strong></span> <span class='ocrx_word' id='word_1_134' title='bbox 394 1492 423 1541; x_wconf 84' lang='lat' dir='ltr'><strong>ot</strong></span> <span class='ocrx_word' id='word_1_135' title='bbox 440 1487 535 1542; x_wconf 85' lang='lat' dir='ltr'><strong>stabile</strong></span> <span class='ocrx_word' id='word_1_136' title='bbox 549 1493 713 1554; x_wconf 81' lang='lat' dir='ltr'><strong>exsecratur,</strong></span> <span class='ocrx_word' id='word_1_137' title='bbox 730 1485 769 1540; x_wconf 86' lang='lat' dir='ltr'><strong>ita</strong></span> <span class='ocrx_word' id='word_1_138' title='bbox 786 1492 816 1540; x_wconf 90' lang='lat' dir='ltr'><strong>ut</strong></span> <span class='ocrx_word' id='word_1_139' title='bbox 829 1502 900 1541; x_wconf 86' lang='lat' dir='ltr'><strong>nova</strong></span> 
     </span>
     <span class='ocr_line' id='line_1_20' title="bbox 100 1556 900 1627; baseline 0.003 -17"><span class='ocrx_word' id='word_1_140' title='bbox 100 1556 219 1626; x_wconf 78' lang='lat' dir='ltr'><strong>indigeat</strong></span> <span class='ocrx_word' id='word_1_141' title='bbox 237 1557 445 1626; x_wconf 83' lang='lat' dir='ltr'><strong>consecratione,</strong></span> <span class='ocrx_word' id='word_1_142' title='bbox 474 1559 503 1612; x_wconf 91' lang='lat'><strong>1⁰</strong></span> <span class='ocrx_word' id='word_1_143' title='bbox 523 1556 633 1625; x_wconf 75' lang='lat' dir='ltr'><strong>quando</strong></span> <span class='ocrx_word' id='word_1_144' title='bbox 658 1571 751 1612; x_wconf 89' lang='lat' dir='ltr'><strong>mensa</strong></span> <span class='ocrx_word' id='word_1_145' title='bbox 769 1558 900 1627; x_wconf 87' lang='lat' dir='ltr'>superior,</span> 
     </span>
     <span class='ocr_line' id='line_1_21' title="bbox 100 1627 901 1697; baseline -0.002 -13"><span class='ocrx_word' id='word_1_146' title='bbox 100 1641 151 1684; x_wconf 86' lang='lat' dir='ltr'><strong>seu</strong></span> <span class='ocrx_word' id='word_1_147' title='bbox 175 1628 244 1696; x_wconf 87' lang='lat' dir='ltr'><strong>lapis</strong></span> <span class='ocrx_word' id='word_1_148' title='bbox 268 1629 469 1697; x_wconf 86' lang='lat' dir='ltr'><strong>superpositus,</strong></span> <span class='ocrx_word' id='word_1_149' title='bbox 496 1629 541 1696; x_wconf 90' lang='lat' dir='ltr'><strong>qui</strong></span> <span class='ocrx_word' id='word_1_150' title='bbox 569 1628 684 1696; x_wconf 81' lang='lat' dir='ltr'>sigilium</span> <span class='ocrx_word' id='word_1_151' title='bbox 705 1627 837 1696; x_wconf 69' lang='lat' dir='ltr'><strong>‚oondnet</strong></span> <span class='ocrx_word' id='word_1_152' title='bbox 861 1628 901 1682; x_wconf 87' lang='lat' dir='ltr'><strong>ita</strong></span> 
     </span>
     <span class='ocr_line' id='line_1_22' title="bbox 49 1697 901 1768; baseline 0.002 -16"><span class='ocrx_word' id='word_1_153' title='bbox 49 1738 54 1760; x_wconf 87' lang='lat'><em>.</em></span> <span class='ocrx_word' id='word_1_154' title='bbox 100 1700 246 1754; x_wconf 84' lang='lat' dir='ltr'><strong>enormiter</strong></span> <span class='ocrx_word' id='word_1_155' title='bbox 264 1706 293 1754; x_wconf 88' lang='lat' dir='ltr'><strong>et</strong></span> <span class='ocrx_word' id='word_1_156' title='bbox 309 1699 462 1754; x_wconf 79' lang='lat' dir='ltr'><strong>notabiliter</strong></span> <span class='ocrx_word' id='word_1_157' title='bbox 486 1699 618 1768; x_wconf 81' lang='lat' dir='ltr'><strong>frangitur</strong></span> <span class='ocrx_word' id='word_1_158' title='bbox 642 1706 669 1754; x_wconf 88' lang='lat' dir='ltr'><strong>et</strong></span> <span class='ocrx_word' id='word_1_159' title='bbox 691 1697 851 1768; x_wconf 89' lang='lat' dir='ltr'><strong>diminuitur,</strong></span> <span class='ocrx_word' id='word_1_160' title='bbox 870 1705 901 1754; x_wconf 91' lang='lat' dir='ltr'><strong>ut</strong></span> 
     </span>
     <span class='ocr_line' id='line_1_23' title="bbox 101 1768 901 1840; baseline -0.001 -15"><span class='ocrx_word' id='word_1_161' title='bbox 101 1785 174 1839; x_wconf 88' lang='lat' dir='ltr'><strong>pars,</strong></span> <span class='ocrx_word' id='word_1_162' title='bbox 193 1785 262 1838; x_wconf 87' lang='lat' dir='ltr'><strong>quae</strong></span> <span class='ocrx_word' id='word_1_163' title='bbox 283 1777 412 1840; x_wconf 84' lang='lat' dir='ltr'><strong>remanet,</strong></span> <span class='ocrx_word' id='word_1_164' title='bbox 430 1777 547 1838; x_wconf 87' lang='lat' dir='ltr'><strong>nequeat</strong></span> <span class='ocrx_word' id='word_1_165' title='bbox 560 1771 674 1839; x_wconf 89' lang='lat' dir='ltr'><strong>amplius</strong></span> <span class='ocrx_word' id='word_1_166' title='bbox 693 1768 901 1824; x_wconf 77' lang='lat' dir='ltr'><strong>commodarun-</strong></span> 
     </span>
     <span class='ocr_line' id='line_1_24' title="bbox 100 1840 900 1910; baseline -0.001 -15"><span class='ocrx_word' id='word_1_167' title='bbox 100 1841 187 1895; x_wconf 86' lang='lat' dir='ltr'><strong>tinere</strong></span> <span class='ocrx_word' id='word_1_168' title='bbox 205 1841 314 1896; x_wconf 82' lang='lat' dir='ltr'><strong>oaboem</strong></span> <span class='ocrx_word' id='word_1_169' title='bbox 333 1849 360 1896; x_wconf 87' lang='lat' dir='ltr'><strong>et</strong></span> <span class='ocrx_word' id='word_1_170' title='bbox 383 1841 498 1898; x_wconf 88' lang='lat' dir='ltr'><strong>hostiam</strong></span> <span class='ocrx_word' id='word_1_171' title='bbox 524 1857 583 1896; x_wconf 87' lang='lat' dir='ltr'><strong>oum</strong></span> <span class='ocrx_word' id='word_1_172' title='bbox 607 1848 719 1910; x_wconf 81' lang='lat' dir='ltr'><strong>patena3</strong></span> <span class='ocrx_word' id='word_1_173' title='bbox 745 1841 776 1894; x_wconf 82' lang='lat'><strong>2⁰</strong></span> <span class='ocrx_word' id='word_1_174' title='bbox 793 1840 900 1908; x_wconf 90' lang='lat' dir='ltr'><strong>quaudo</strong></span> 
     </span>
     <span class='ocr_line' id='line_1_25' title="bbox 90 1911 900 1981; baseline 0.001 -16"><span class='ocrx_word' id='word_1_175' title='bbox 90 1911 179 1980; x_wconf 85' lang='lat' dir='ltr'><strong>lapis,</strong></span> <span class='ocrx_word' id='word_1_176' title='bbox 197 1928 246 1968; x_wconf 88' lang='lat' dir='ltr'><strong>seu</strong></span> <span class='ocrx_word' id='word_1_177' title='bbox 263 1928 356 1970; x_wconf 85' lang='lat' dir='ltr'><strong>mensa</strong></span> <span class='ocrx_word' id='word_1_178' title='bbox 373 1914 496 1981; x_wconf 82' lang='lat' dir='ltr'><strong>superior</strong></span> <span class='ocrx_word' id='word_1_179' title='bbox 522 1919 679 1968; x_wconf 80' lang='lat' dir='ltr'><strong>consecrata</strong></span> <span class='ocrx_word' id='word_1_180' title='bbox 703 1917 843 1966; x_wconf 82' lang='lat' dir='ltr'><strong>amovetur</strong></span> <span class='ocrx_word' id='word_1_181' title='bbox 867 1912 900 1966; x_wconf 85' lang='lat' dir='ltr'><strong>ab</strong></span> 
     </span>
     <span class='ocr_line' id='line_1_26' title="bbox 101 1981 900 2053; baseline -0.001 -15"><span class='ocrx_word' id='word_1_182' title='bbox 101 1981 223 2038; x_wconf 85' lang='lat' dir='ltr'><strong>inferiori</strong></span> <span class='ocrx_word' id='word_1_183' title='bbox 241 1990 376 2039; x_wconf 74' lang='lat' dir='ltr'><strong>sunaura</strong></span> <span class='ocrx_word' id='word_1_184' title='bbox 394 2000 443 2040; x_wconf 91' lang='lat' dir='ltr'><strong>seu</strong></span> <span class='ocrx_word' id='word_1_185' title='bbox 461 1984 527 2053; x_wconf 86' lang='lat' dir='ltr'><strong>basi,</strong></span> <span class='ocrx_word' id='word_1_186' title='bbox 554 1984 597 2038; x_wconf 88' lang='lat' dir='ltr'><strong>cui</strong></span> <span class='ocrx_word' id='word_1_187' title='bbox 614 1991 656 2038; x_wconf 89' lang='lat' dir='ltr'><strong>est</strong></span> <span class='ocrx_word' id='word_1_188' title='bbox 673 1982 844 2038; x_wconf 87' lang='lat' dir='ltr'><strong>immobiliter</strong></span> <span class='ocrx_word' id='word_1_189' title='bbox 862 1982 900 2037; x_wconf 82' lang='lat' dir='ltr'><strong>af-</strong></span> 
     </span>
     <span class='ocr_line' id='line_1_27' title="bbox 101 2053 899 2124; baseline 0 -16"><span class='ocrx_word' id='word_1_190' title='bbox 101 2053 171 2108; x_wconf 84' lang='lat' dir='ltr'><strong>fixa:</strong></span> <span class='ocrx_word' id='word_1_191' title='bbox 186 2056 216 2108; x_wconf 83' lang='lat'><strong>3⁰</strong></span> <span class='ocrx_word' id='word_1_192' title='bbox 225 2055 330 2122; x_wconf 87' lang='lat' dir='ltr'><strong>quoties</strong></span> <span class='ocrx_word' id='word_1_193' title='bbox 343 2056 512 2123; x_wconf 83' lang='lat' dir='ltr'><strong>sepulchrum</strong></span> <span class='ocrx_word' id='word_1_194' title='bbox 522 2055 622 2124; x_wconf 70' lang='lat' dir='ltr'><strong>ulmus</strong></span> <span class='ocrx_word' id='word_1_195' title='bbox 642 2069 690 2110; x_wconf 88' lang='lat' dir='ltr'><strong>seu</strong></span> <span class='ocrx_word' id='word_1_196' title='bbox 702 2054 899 2123; x_wconf 89' lang='lat' dir='ltr'><strong>repositorium,</strong></span> 
     </span>
     <span class='ocr_line' id='line_1_28' title="bbox 101 2125 901 2194; baseline -0.003 -14"><span class='ocrx_word' id='word_1_197' title='bbox 101 2125 149 2181; x_wconf 91' lang='lat' dir='ltr'><strong>ubi</strong></span> <span class='ocrx_word' id='word_1_198' title='bbox 165 2126 347 2181; x_wconf 81' lang='lat' dir='ltr'><strong>reconduntur</strong></span> <span class='ocrx_word' id='word_1_199' title='bbox 364 2127 501 2194; x_wconf 86' lang='lat' dir='ltr'><strong>reliquiae,</strong></span> <span class='ocrx_word' id='word_1_200' title='bbox 520 2125 659 2194; x_wconf 80' lang='lat' dir='ltr'><strong>frangitur,</strong></span> <span class='ocrx_word' id='word_1_201' title='bbox 685 2131 838 2180; x_wconf 89' lang='lat' dir='ltr'><strong>removetur</strong></span> <span class='ocrx_word' id='word_1_202' title='bbox 856 2125 901 2179; x_wconf 87' lang='lat' dir='ltr'><strong>vel</strong></span> 
     </span>
    </p>
   </div>
   <div class='ocr_carea' id='block_1_6' title="bbox 102 2197 994 2266">
    <p class='ocr_par' dir='ltr' id='par_1_8' title="bbox 102 2197 994 2266">
     <span class='ocr_line' id='line_1_29' title="bbox 102 2197 994 2266; baseline 0 -16"><span class='ocrx_word' id='word_1_203' title='bbox 102 2197 237 2252; x_wconf 89' lang='lat' dir='ltr'><strong>minuitur.</strong></span> <span class='ocrx_word' id='word_1_204' title='bbox 257 2198 437 2264; x_wconf 76' lang='lat' dir='ltr'><strong>(Ferraria</strong></span> <span class='ocrx_word' id='word_1_205' title='bbox 451 2197 710 2266; x_wconf 70' lang='lat' dir='ltr'><strong>lbontptabibliotb.</strong></span> <span class='ocrx_word' id='word_1_206' title='bbox 721 2201 772 2250; x_wconf 80' lang='lat' dir='ltr'><strong>art.</strong></span> <span class='ocrx_word' id='word_1_207' title='bbox 786 2197 903 2250; x_wconf 82' lang='lat' dir='ltr'><strong>altare</strong></span> <span class='ocrx_word' id='word_1_208' title='bbox 991 2231 994 2238; x_wconf 45' lang='grc' dir='ltr'>ι</span> 
     </span>
    </p>
   </div>
   <div class='ocr_carea' id='block_1_7' title="bbox 102 2267 903 2903">
    <p class='ocr_par' dir='ltr' id='par_1_9' title="bbox 102 2267 885 2338">
     <span class='ocr_line' id='line_1_30' title="bbox 102 2267 885 2338; baseline -0.003 -16"><span class='ocrx_word' id='word_1_209' title='bbox 102 2285 130 2322; x_wconf 84' lang='lat' dir='ltr'><strong>a.</strong></span> <span class='ocrx_word' id='word_1_210' title='bbox 148 2271 276 2323; x_wconf 81' lang='lat'><em>20.—23.</em></span> <span class='ocrx_word' id='word_1_211' title='bbox 296 2269 337 2322; x_wconf 82' lang='lat' dir='ltr'><strong>ed.</strong></span> <span class='ocrx_word' id='word_1_212' title='bbox 355 2270 447 2323; x_wconf 79' lang='lat' dir='ltr'><strong>Paris.</strong></span> <span class='ocrx_word' id='word_1_213' title='bbox 467 2275 529 2324; x_wconf 78' lang='lat' dir='ltr'><strong>tom.</strong></span> <span class='ocrx_word' id='word_1_214' title='bbox 547 2269 572 2322; x_wconf 93' lang='lat' dir='ltr'><strong>I.</strong></span> <span class='ocrx_word' id='word_1_215' title='bbox 587 2285 653 2338; x_wconf 78' lang='lat' dir='ltr'><strong>pag.</strong></span> <span class='ocrx_word' id='word_1_216' title='bbox 672 2271 733 2322; x_wconf 75' lang='lat'><strong><em>434.</em></strong></span> <span class='ocrx_word' id='word_1_217' title='bbox 753 2273 777 2321; x_wconf 85' lang='lat' dir='ltr'><strong>et</strong></span> <span class='ocrx_word' id='word_1_218' title='bbox 794 2267 865 2334; x_wconf 83' lang='lat'>435.)</span> <span class='ocrx_word' id='word_1_219' title='bbox 881 2295 885 2304; x_wconf 90' lang='lat'><em>·</em></span> 
     </span>
    </p>

    <p class='ocr_par' dir='ltr' id='par_1_10' title="bbox 102 2336 902 2621">
     <span class='ocr_line' id='line_1_31' title="bbox 139 2336 901 2396; baseline -0.003 -3"><span class='ocrx_word' id='word_1_220' title='bbox 139 2341 165 2394; x_wconf 89' lang='grc'><strong>4.</strong></span> <span class='ocrx_word' id='word_1_221' title='bbox 183 2340 282 2396; x_wconf 87' lang='lat' dir='ltr'><strong>Amota</strong></span> <span class='ocrx_word' id='word_1_222' title='bbox 299 2355 393 2394; x_wconf 87' lang='lat' dir='ltr'><strong>mensa</strong></span> <span class='ocrx_word' id='word_1_223' title='bbox 410 2340 443 2394; x_wconf 87' lang='lat' dir='ltr'><strong>ab</strong></span> <span class='ocrx_word' id='word_1_224' title='bbox 463 2340 542 2394; x_wconf 80' lang='lat' dir='ltr'><strong>altari</strong></span> <span class='ocrx_word' id='word_1_225' title='bbox 560 2339 595 2394; x_wconf 87' lang='lat' dir='ltr'><strong>ad</strong></span> <span class='ocrx_word' id='word_1_226' title='bbox 613 2338 721 2393; x_wconf 90' lang='lat' dir='ltr'><strong>modum</strong></span> <span class='ocrx_word' id='word_1_227' title='bbox 738 2336 785 2391; x_wconf 82' lang='lat' dir='ltr'><strong>fixi</strong></span> <span class='ocrx_word' id='word_1_228' title='bbox 803 2344 831 2391; x_wconf 87' lang='lat' dir='ltr'><strong>et</strong></span> <span class='ocrx_word' id='word_1_229' title='bbox 847 2353 901 2392; x_wconf 89' lang='lat' dir='ltr'><strong>non</strong></span> 
     </span>
     <span class='ocr_line' id='line_1_32' title="bbox 102 2409 902 2481; baseline -0.004 -15"><span class='ocrx_word' id='word_1_230' title='bbox 102 2413 236 2481; x_wconf 87' lang='lat' dir='ltr'><strong>portatilis</strong></span> <span class='ocrx_word' id='word_1_231' title='bbox 255 2411 412 2479; x_wconf 82' lang='lat' dir='ltr'><strong>consecrati,</strong></span> <span class='ocrx_word' id='word_1_232' title='bbox 431 2426 480 2466; x_wconf 92' lang='lat' dir='ltr'><strong>sen</strong></span> <span class='ocrx_word' id='word_1_233' title='bbox 498 2417 587 2466; x_wconf 88' lang='lat' dir='ltr'><strong>amota</strong></span> <span class='ocrx_word' id='word_1_234' title='bbox 600 2425 722 2465; x_wconf 80' lang='lat' dir='ltr'><strong>mensae</strong></span> <span class='ocrx_word' id='word_1_235' title='bbox 743 2425 792 2464; x_wconf 94' lang='lat' dir='ltr'><strong>suo</strong></span> <span class='ocrx_word' id='word_1_236' title='bbox 811 2409 902 2478; x_wconf 87' lang='lat' dir='ltr'><strong>stipite</strong></span> 
     </span>
     <span class='ocr_line' id='line_1_33' title="bbox 103 2479 902 2552; baseline -0.001 -17"><span class='ocrx_word' id='word_1_237' title='bbox 103 2482 149 2536; x_wconf 84' lang='lat' dir='ltr'><strong>vel</strong></span> <span class='ocrx_word' id='word_1_238' title='bbox 165 2482 232 2552; x_wconf 88' lang='lat' dir='ltr'><strong>basi,</strong></span> <span class='ocrx_word' id='word_1_239' title='bbox 251 2483 336 2538; x_wconf 85' lang='lat' dir='ltr'><strong>altare</strong></span> <span class='ocrx_word' id='word_1_240' title='bbox 356 2482 444 2538; x_wconf 85' lang='lat' dir='ltr'><strong>denuo</strong></span> <span class='ocrx_word' id='word_1_241' title='bbox 463 2480 672 2537; x_wconf 79' lang='lat' dir='ltr'><strong>consecrandum</strong></span> <span class='ocrx_word' id='word_1_242' title='bbox 690 2487 739 2536; x_wconf 89' lang='lat' dir='ltr'><strong>est.</strong></span> <span class='ocrx_word' id='word_1_243' title='bbox 759 2479 800 2547; x_wconf 79' lang='lat' dir='ltr'><strong>(S.</strong></span> <span class='ocrx_word' id='word_1_244' title='bbox 817 2480 853 2534; x_wconf 84' lang='lat' dir='ltr'><strong>R.</strong></span> <span class='ocrx_word' id='word_1_245' title='bbox 873 2479 902 2536; x_wconf 78' lang='lat'><strong>0.</strong></span> 
     </span>
     <span class='ocr_line' id='line_1_34' title="bbox 103 2554 344 2621; baseline 0.008 -14"><span class='ocrx_word' id='word_1_246' title='bbox 103 2555 146 2607; x_wconf 87' lang='lat'><strong>15.</strong></span> <span class='ocrx_word' id='word_1_247' title='bbox 165 2554 240 2607; x_wconf 78' lang='lat' dir='ltr'><strong>Maii</strong></span> <span class='ocrx_word' id='word_1_248' title='bbox 255 2556 344 2621; x_wconf 85' lang='grc'><em>1819.)</em></span> 
     </span>
    </p>

    <p class='ocr_par' dir='ltr' id='par_1_11' title="bbox 102 2621 903 2903">
     <span class='ocr_line' id='line_1_35' title="bbox 141 2621 902 2691; baseline -0.003 -14"><span class='ocrx_word' id='word_1_249' title='bbox 141 2625 167 2677; x_wconf 85' lang='lat'><strong>5.</strong></span> <span class='ocrx_word' id='word_1_250' title='bbox 185 2624 247 2678; x_wconf 87' lang='lat' dir='ltr'><strong>Nou</strong></span> <span class='ocrx_word' id='word_1_251' title='bbox 265 2631 421 2680; x_wconf 81' lang='lat' dir='ltr'><strong>exsecratur</strong></span> <span class='ocrx_word' id='word_1_252' title='bbox 439 2623 524 2678; x_wconf 83' lang='lat' dir='ltr'><strong>altere</strong></span> <span class='ocrx_word' id='word_1_253' title='bbox 541 2621 632 2691; x_wconf 86' lang='lat' dir='ltr'><strong>fixum,</strong></span> <span class='ocrx_word' id='word_1_254' title='bbox 658 2621 681 2677; x_wconf 87' lang='lat' dir='ltr'><strong>si</strong></span> <span class='ocrx_word' id='word_1_255' title='bbox 700 2621 782 2689; x_wconf 87' lang='lat' dir='ltr'><strong>aliqui</strong></span> <span class='ocrx_word' id='word_1_256' title='bbox 799 2628 902 2676; x_wconf 88' lang='lat' dir='ltr'><strong>tantum</strong></span> 
     </span>
     <span class='ocr_line' id='line_1_36' title="bbox 104 2692 903 2763; baseline -0.004 -15"><span class='ocrx_word' id='word_1_257' title='bbox 104 2692 209 2762; x_wconf 84' lang='lat' dir='ltr'><strong>lapides</strong></span> <span class='ocrx_word' id='word_1_258' title='bbox 223 2702 372 2750; x_wconf 74' lang='lat' dir='ltr'><strong>sbuoturae</strong></span> <span class='ocrx_word' id='word_1_259' title='bbox 386 2695 578 2763; x_wconf 88' lang='lat' dir='ltr'><strong>dimoveantur,</strong></span> <span class='ocrx_word' id='word_1_260' title='bbox 598 2709 684 2762; x_wconf 86' lang='lat' dir='ltr'><strong>eoque</strong></span> <span class='ocrx_word' id='word_1_261' title='bbox 698 2693 793 2760; x_wconf 90' lang='lat' dir='ltr'><strong>minus,</strong></span> <span class='ocrx_word' id='word_1_262' title='bbox 808 2693 831 2747; x_wconf 91' lang='lat' dir='ltr'><strong>si</strong></span> <span class='ocrx_word' id='word_1_263' title='bbox 845 2697 903 2746; x_wconf 87' lang='lat' dir='ltr'><strong>tota</strong></span> 
     </span>
     <span class='ocr_line' id='line_1_37' title="bbox 105 2763 902 2835; baseline -0.005 -15"><span class='ocrx_word' id='word_1_264' title='bbox 105 2779 199 2820; x_wconf 86' lang='lat' dir='ltr'><strong>mensa</strong></span> <span class='ocrx_word' id='word_1_265' title='bbox 217 2781 276 2819; x_wconf 88' lang='lat' dir='ltr'><strong>oum</strong></span> <span class='ocrx_word' id='word_1_266' title='bbox 292 2766 434 2835; x_wconf 87' lang='lat' dir='ltr'><strong>lapidibus,</strong></span> <span class='ocrx_word' id='word_1_267' title='bbox 463 2765 559 2833; x_wconf 90' lang='lat' dir='ltr'><strong>quibus</strong></span> <span class='ocrx_word' id='word_1_268' title='bbox 577 2766 707 2833; x_wconf 85' lang='lat' dir='ltr'><strong>inhaeret,</strong></span> <span class='ocrx_word' id='word_1_269' title='bbox 734 2763 798 2818; x_wconf 85' lang='lat' dir='ltr'><strong>alibi</strong></span> <span class='ocrx_word' id='word_1_270' title='bbox 815 2769 902 2818; x_wconf 74' lang='lat' dir='ltr'><strong>bans·</strong></span> 
     </span>
     <span class='ocr_line' id='line_1_38' title="bbox 102 2831 901 2903; baseline -0.006 -11"><span class='ocrx_word' id='word_1_271' title='bbox 102 2836 215 2892; x_wconf 88' lang='lat' dir='ltr'><strong>feratur.</strong></span> <span class='ocrx_word' id='word_1_272' title='bbox 235 2835 453 2903; x_wconf 78' lang='lat' dir='ltr'><strong>(Gardelliai</strong></span> <span class='ocrx_word' id='word_1_273' title='bbox 469 2839 499 2892; x_wconf 78' lang='lat' dir='ltr'><strong>ia</strong></span> <span class='ocrx_word' id='word_1_274' title='bbox 511 2842 578 2891; x_wconf 82' lang='lat' dir='ltr'><strong>oeta</strong></span> <span class='ocrx_word' id='word_1_275' title='bbox 592 2836 629 2890; x_wconf 84' lang='lat' dir='ltr'><strong>ad</strong></span> <span class='ocrx_word' id='word_1_276' title='bbox 644 2835 778 2891; x_wconf 68' lang='lat' dir='ltr'><strong>decretam</strong></span> <span class='ocrx_word' id='word_1_277' title='bbox 787 2832 815 2890; x_wconf 80' lang='lat' dir='ltr'><strong>S.</strong></span> <span class='ocrx_word' id='word_1_278' title='bbox 825 2832 860 2888; x_wconf 84' lang='lat' dir='ltr'><strong>R.</strong></span> <span class='ocrx_word' id='word_1_279' title='bbox 873 2831 901 2888; x_wconf 84' lang='lat'><strong>0.</strong></span> 
     </span>
    </p>
   </div>
   <div class='ocr_carea' id='block_1_8' title="bbox 0 0 1061 3222">
    <p class='ocr_par' dir='ltr' id='par_1_12' title="bbox 0 0 1061 3222">
     <span class='ocr_line' id='line_1_39' title="bbox 0 0 1061 3222; baseline 0 0"><span class='ocrx_word' id='word_1_280' title='bbox 0 0 1061 3222; x_wconf 95' lang='lat' dir='ltr'><strong> </strong></span> 
     </span>
    </p>
   </div>
  </div>
 </body>
</html>
