2138 3226
151 159 194 206 aba
401 165 480 204 Preom
494 171 535 212 pro
548 162 705 202 sacerdotibus.

151 266 316 324 huicofficio
338 273 368 320 'et
395 267 476 321 statui
500 279 561 320 meo
586 265 621 319 ad
645 265 685 319 tui
709 265 823 319 nominis
841 263 951 318 laudem

150 353 290 407 meamque
309 343 336 392 et
353 337 446 406 populi
464 337 577 392 salutem
594 349 720 405 praeesse
747 341 774 390 et
792 333 951 390 satisfacere

151 409 269 478 valeam3
289 408 361 477 quod
377 409 427 463 tibi
443 409 571 476 placitum
589 415 638 476 est,
666 421 772 474 semper
789 407 904 474 cogitem
923 414 953 462 et

151 479 298 549 intendam3
324 480 383 534 aliis
401 480 457 533 vita
475 487 502 534 et
521 479 643 547 exemplo
661 479 846 546 praeluceam3
864 478 952 532 bono-

107 542 116 560 ‘
150 567 211 608 rem
222 559 301 606 'tuum
318 551 517 618 animarumque
537 549 694 619 proiectum,
714 549 889 617 quantumin
906 565 952 604 mo

152 630 201 694 est,
215 637 403 691 promoveam
418 621 533 676 orationi
542 621 682 689 vigilanter
695 635 803 690 vacem3
817 620 874 688 tibi,
888 619 951 676 Deo

151 709 212 748 meo
224 693 350 748 ardenter
367 699 396 746 et
412 692 528 746 libenter
546 692 703 761 deserviam,
721 691 882 758 spirituique
900 705 952 760 po·

150 765 204 820 tius
217 763 360 831 intendam,
380 777 459 830 quam
472 763 554 818 carni.
581 763 632 832 Da,
651 763 804 830 hanelosa,
823 769 854 816 ut
867 762 952 818 corde

151 843 180 890 et
193 849 305 903 corpore
318 833 432 888 mundus
446 834 497 889 sim
516 841 544 888 et
557 833 669 901 pudicus
686 834 718 887 in
734 834 951 904 omnitempore,

151 907 201 962 sim
219 905 299 961 corde
317 904 433 971 humilis,
453 905 655 960 conversatione
674 912 790 973 sanctus,
814 911 952 972 tempora-

151 978 216 1031 lium
234 982 400 1043 contemptor
416 974 573 1030 facultatum
591 983 619 1030 et
637 983 832 1030 aterrcnorum
851 976 950 1031 sollici-

150 1047 244 1102 tudine
255 1046 331 1116 liber,
349 1054 481 1114 quatenus
494 1047 551 1116 tibi,
569 1047 629 1101 Dec
648 1061 717 1116 mco,
736 1047 886 1115 expeditius
900 1062 950 1101 va·

150 1133 223 1186 cem,
249 1123 330 1184 atque
348 1118 546 1172 sacramentalis
569 1119 646 1185 panis
673 1119 823 1185 sumptione
841 1118 950 1186 dignior

151 1187 257 1257 efficiar,
274 1195 306 1242 ut
323 1188 437 1255 denique
454 1189 483 1242 in
500 1189 622 1244 omnibus
638 1189 787 1244 actionibus
805 1189 871 1244 meis
889 1189 948 1257 glo-

149 1258 275 1328 rificeris,
301 1275 317 1314 o
337 1259 456 1329 Christe,
484 1260 530 1328 qui
547 1260 615 1315 vivis
633 1266 662 1314 et
678 1275 775 1328 regnas
792 1260 821 1314 in
839 1261 950 1315 saecula

150 1329 326 1386 saeculorum.
361 1331 457 1386 Amen.
692 1347 694 1352 ’
844 1341 845 1344 ’

187 1400 361 1470 Omnipotens
386 1409 413 1456 et
437 1401 588 1457 misericors
613 1402 701 1470 Deus,
730 1401 765 1456 ad
789 1401 949 1458 humilitatis

151 1469 227 1526 meae
240 1487 335 1541 preces
348 1473 479 1541 benignus
491 1472 608 1541 intende,
627 1480 655 1527 ct
667 1487 710 1526 me
724 1471 851 1526 famulum
862 1480 950 1543 tuum,
984 1485 988 1494 ’
1062 1483 1063 1506 ¹

152 1558 231 1611 quem
243 1544 323 1598 nullis
337 1543 543 1612 suffragantibus
557 1544 666 1612 meritis,
685 1543 734 1598 sed
753 1545 882 1598 immensa
896 1546 950 1599 cle·

150 1615 267 1670 mentite
284 1622 347 1669 tuae
371 1615 495 1683 largitate
516 1615 676 1686 coelestibus
694 1615 827 1684 mysteriis
846 1615 950 1671 servire

150 1686 276 1754 tribuisti,
292 1685 410 1754 *dignum
429 1687 512 1741 sacris
530 1686 658 1741 altaribus
676 1685 719 1740 iac
736 1687 892 1754 ministrum,
911 1695 951 1757 ut,

151 1757 225 1824 quod
242 1771 303 1811 mea
320 1771 386 1812 voce
406 1756 583 1826 depromitur,
612 1764 660 1810 tua
677 1756 886 1812 sanctificatione
902 1757 956 1813 fir*

151 1834 247 1885 matur.
277 1828 331 1882 Per
350 1827 484 1882 Christum
501 1828 644 1882 Dominum
661 1835 791 1883 nostrum.
818 1828 913 1883 Amen.

330 1959 363 2002 ad
378 1958 519 2002 ncomudam
532 1959 620 2015 gratiam
633 1958 777 2002 ordinationis.

187 2038 361 2109 Omnipotens
373 2041 456 2110 Deus,
475 2041 521 2108 qui
537 2057 592 2096 non
609 2041 676 2096 meis
690 2041 791 2096 meritis
810 2040 857 2096 sed
871 2042 953 2097 unica

151 2111 239 2180 gratia
262 2119 310 2166 tua
326 2112 440 2179 posuisti
463 2112 492 2165 in
515 2127 557 2166 me
583 2113 695 2166 verbum
718 2112 951 2182 reconciliationis,

151 2189 180 2236 ct
196 2198 255 2250 pro.
273 2182 378 2236 Christo
403 2182 538 2250 legatione
564 2190 592 2237 et
616 2182 766 2239 sacerdotio
792 2183 849 2238 eius
874 2183 952 2254 iungi

150 2253 280 2321 tribuisti3
304 2252 435 2308 resuscita
451 2254 480 2307 in
502 2266 546 2309 me
569 2254 608 2324 (et
631 2255 660 2308 in
682 2255 803 2310 omnibus
820 2255 951 2312 ministris

151 2324 216 2392 tuis)
234 2323 347 2392 gratiam
364 2324 537 2394 presbyterii,
563 2340 642 2393 quam
668 2325 764 2380 dedisti
786 2326 863 2380 nobis
889 2340 951 2381 cum

150 2393 320 2462 impositione
344 2407 479 2451 mannum.
515 2395 571 2451 Fac
595 2411 637 2451 me
656 2397 764 2465 dignum
786 2397 840 2451 tuis
858 2396 950 2453 altari·

150 2465 201 2520 bus
219 2465 374 2534 ministrum,
392 2464 498 2521 fidelem
516 2473 544 2522 et
560 2467 719 2536 prudentem
736 2467 950 2536 dispensatorem

150 2535 337 2604 mysteriorum
354 2543 469 2606 tuorum,
496 2545 605 2607 mmque
623 2546 751 2608 sanctum,
778 2539 951 2607 irreprehen-

151 2605 255 2661 sibilem
268 2613 296 2660 et
308 2607 458 2675 placentem
476 2609 526 2663 tibi
545 2609 720 2665 mediatorem
732 2611 802 2664 inter
815 2617 843 2664 te
856 2617 887 2664 et
899 2625 949 2680 pc-

151 2676 251 2745 ptlum,
268 2684 301 2731 ut
319 2691 426 2747 semper
438 2680 542 2748 placem
555 2687 583 2736 te
597 2688 625 2736 et
638 2681 766 2736 exaudias
780 2694 831 2739 me.
870 2681 951 2737 com-

150 2746 273 2802 bmeme
284 2748 345 2803 ¹zelo
359 2749 460 2818 gloriae
469 2759 540 2821 tuae,
559 2759 670 2807 etmsae
681 2752 849 2819 omniumque
862 2753 950 2808 bomi-

150 2830 214 2873 num
226 2819 320 2876 salutis
338 2819 441 2890 (eorum
453 2823 590 2901 imprimis,
609 2837 677 2892 quos
691 2823 844 2880 commisisti
862 2825 948 2896 mibi).
