2128 3228
178 137 219 182 m
339 142 372 184 lto
385 141 516 192 quibusdam
529 141 579 182 allis
592 141 730 182 aromatum
743 140 827 184 afflatis.

182 242 225 326 1⁸8)
238 243 353 326 Peracta
366 242 556 298 Communione
574 242 713 326 celebrans
731 241 765 297 ad
777 243 862 298 altare
880 258 980 312 ooope-

177 313 387 468 sttsttu
411 314 980 454 ansata

178 455 378 526 genuflexione,
404 456 489 511 abbat
506 455 603 524 dtgltos
622 471 704 525 super
722 456 830 511 calicem
848 464 876 512 et
894 473 980 525 snper

178 528 262 582 altare
280 527 313 582 de
331 541 422 594 more3
450 534 477 582 et
499 526 660 582 reaccedens
679 526 714 581 ad
730 526 861 596 medium,
894 543 980 596 genu·

177 597 275 667 flectit,
302 605 331 653 et
354 598 436 652 sumit
460 597 622 652 ablutionem
649 597 799 667 digitorum.
835 599 880 667 20)
900 599 980 654 Galia

176 669 278 725 Missae
304 667 423 724 defertur
447 667 481 723 ad
499 669 678 738 credentiam
707 669 888 724 manduntur
905 671 980 725 cerei

177 741 206 796 in
231 740 330 797 sacello
357 740 507 808 sepulchri3
532 739 682 809 disponitur
702 739 890 795 baldachinum
919 742 978 796 sive

178 812 302 880 umbella,
321 819 349 866 et
365 811 560 866 distribuuntur
577 813 648 866 cerei
661 827 713 880 pro
726 811 870 880 sodalibus,
890 812 976 867 sind

179 884 241 953 sint,
258 883 303 937 val
320 882 475 937 cultioribus
494 881 527 936 da
545 883 654 951 populo.
687 882 731 952 21)
750 883 896 938 celebrans
914 899 979 951 pro-

179 955 301 1022 sequitur
317 953 436 1023 Missam,
460 953 488 1007 in
507 969 561 1020 qua
578 954 645 1008 baec
663 953 832 1008 observabit:
857 953 978 1010 Exterso

180 1025 262 1080 calice
279 1023 441 1093 genuflectit,
460 1024 563 1079 accedit
581 1023 616 1079 ad
634 1039 717 1079 cornu
729 1024 877 1094 Epistolae,
898 1032 928 1080 et
940 1027 978 1080 la·

179 1096 219 1165 git
244 1093 476 1163 Communium,-
504 1096 578 1148 venit
601 1097 630 1150 in
656 1095 787 1165 medium,
814 1095 979 1165 genuflectit,

181 1166 316 1221 osculatur
334 1167 428 1236 altare,
447 1174 475 1221 et
491 1167 632 1222 retrahens
650 1181 680 1222 se
697 1182 715 1221 a
732 1167 817 1221 latere
834 1167 979 1236 Evangelii

180 1236 254 1292 dicit:
273 1237 409 1292 Domim
425 1237 567 1292 catanam.
603 1237 685 1292 Redit
701 1238 729 1292 in
746 1237 870 1307 medium,
895 1254 978 1306 genu·

179 1307 271 1378 flectit,
290 1315 318 1363 et
336 1307 439 1364 accedit
451 1307 486 1362 ad
499 1325 582 1364 cornu
595 1309 743 1378 Epistolse,
762 1309 809 1364 ubi
821 1309 889 1378 legit
899 1311 978 1364 Post·

177 1381 397 1434 commuttionem.
432 1375 533 1434 lterum
553 1379 628 1435 vadit
654 1381 682 1434 in
699 1379 829 1448 medium,
857 1380 976 1450 munile

180 1451 235 1519 etit,
253 1451 389 1506 oscudatur
407 1451 500 1520 altare,
517 1452 600 1506 vertit
619 1467 657 1521 se,
675 1458 706 1506 ut
724 1451 807 1520 prius,
821 1450 900 1506 dicit:
918 1453 976 1508 Do

179 1523 269 1578 masas
291 1523 438 1590 catanam,
466 1529 494 1577 et
516 1523 564 1576 lta
584 1523 674 1576 Missa
698 1528 743 1576 cat.
779 1521 868 1577 Vertit
893 1538 923 1578 se
943 1522 976 1577 ad

180 1594 304 1663 madium,
332 1591 494 1662 genuflectit,
513 1593 591 1648 dicit:
621 1593 737 1648 Placeat
753 1600 812 1660 cta,
840 1594 978 1648 osculatam

181 1666 274 1735 altare,
292 1664 356 1720 dicit
372 1665 522 1720 Benedicat
537 1680 585 1719 vos
602 1671 661 1732 etc,
680 1671 709 1718 at
721 1663 884 1732 genuflectit.
910 1665 977 1720 Ver·

179 1737 213 1792 tit
231 1752 261 1792 ss
277 1737 307 1790 in
324 1751 407 1790 cornu
414 1735 565 1804 Evangelii,
584 1734 630 1789 dat
642 1735 862 1804 benedictionem,
882 1744 911 1790 et
923 1752 978 1791 nou

181 1808 322 1877 perficiens
340 1807 474 1875 circulum,
493 1806 624 1861 convertit
641 1821 671 1860 se
690 1806 724 1860 ad
743 1806 813 1861 latus
826 1806 978 1877 Evangelii,

180 1895 235 1934 non
255 1878 362 1934 rediens
379 1879 408 1932 in
425 1877 549 1933 medium.
579 1877 652 1932 Dicit
664 1877 840 1945 Evangelium
854 1877 881 1931 S.
896 1879 979 1933 Joan·

180 1949 230 2019 nis,
249 1949 284 2004 ad
298 1949 369 2017 quod
383 1949 471 2018 signat
488 1949 593 2016 librum,
610 1949 655 2002 vel
667 1947 802 2017 tabellam,
819 1955 978 2004 nouantem

180 2020 274 2076 altare.
310 2019 354 2074 Ad
386 2020 471 2075 verba
498 2019 612 2074 Vordatn
638 2035 703 2074 caro
731 2019 836 2086 sactum
865 2025 906 2074 ost
927 2027 978 2077 ata.

181 2091 336 2160 genuflectit
348 2106 442 2148 versus
457 2091 664 2146 Sacramentum.
696 2090 741 2160 22)
752 2090 898 2145 celebrans
907 2107 978 2146 com·

180 2163 255 2232 pleta
271 2163 365 2232 Missa,
383 2161 486 2217 accedit
505 2161 541 2216 ad
560 2161 684 2231 medium,
703 2160 865 2231 genuflectit,
883 2169 913 2216 et
929 2177 980 2231 per

182 2235 332 2290 breviorem
351 2232 488 2288 descendit
512 2233 547 2287 ad
564 2233 673 2302 planum
689 2233 837 2302 Epistolac.
873 2233 919 2303 23)
938 2232 979 2288 lbi

181 2320 233 2374 per
249 2321 343 2361 manus
361 2304 517 2360 clericorum
531 2304 641 2372 deponit
657 2304 792 2372 planetam
811 2311 839 2359 et
855 2305 979 2374 manipu-

180 2375 243 2445 lum,
263 2383 291 2431 at
308 2377 405 2445 accipit
421 2375 538 2444 pluviale
556 2375 610 2430 albi
628 2375 733 2431 coloris.

217 2451 287 2501 Art.
305 2449 334 2506 3.
364 2450 412 2500 De
435 2449 633 2512 processione
657 2448 707 2500 ΕΒ.
726 2449 922 2500 &ammenti
939 2447 981 2500 ad

184 2521 343 2572 sacellum.
383 2518 407 2588 1)
437 2517 582 2573 Celebrans
608 2516 710 2572 accedit
734 2524 796 2572 autc
825 2517 926 2584 altare,
953 2524 981 2572 et

181 2587 253 2642 iacta
277 2587 463 2656 genuflexione
487 2589 516 2642 in
533 2587 629 2658 plano,
657 2588 744 2644 orabit
768 2585 927 2656 genuflexus
952 2589 980 2642 in

181 2657 300 2714 interiori
325 2658 418 2728 gradu.
455 2659 482 2729 2)
505 2659 610 2715 Primus
638 2658 749 2715 clericus
774 2659 870 2728 accipit
895 2659 981 2714 thari·

183 2729 275 2784 bulum
293 2745 352 2783 cum
370 2730 440 2799 igne,
466 2738 494 2786 ct
511 2730 660 2785 naviculam
678 2747 737 2785 cum
754 2731 841 2800 thura,
860 2735 888 2785 et
905 2745 981 2784 acce·

185 2798 224 2854 dit
243 2798 278 2854 ad
296 2798 482 2856 celebrantem.
520 2801 546 2871 3)
572 2801 717 2860 celebrans
739 2817 852 2871 surgens
868 2801 983 2870 imponit
