2138 3226
360 148 439 190 Preces
451 159 492 198 pro
505 149 663 192 sacerdotibus.
870 147 910 190 285

102 264 165 304 non
189 246 270 302 modo
297 247 396 319 dicam,
413 249 463 306 sed
487 257 515 306 et
531 249 621 306 facere
644 251 724 304 velim
746 251 910 308 voluntatem

102 328 185 376 tuam
201 320 231 373 in
249 320 378 389 omnibus,
410 329 438 376 et
461 337 516 376 non
537 328 641 376 tantum
659 321 733 376 dicar
750 321 909 378 christianus

104 398 135 446 et
155 391 293 458 sacerdos,
312 391 360 444 sed
383 399 411 446 et
436 408 544 461 semper
560 393 689 452 inveniar,
724 393 779 447 Per
796 393 909 450 eundem

105 463 247 518 (lhristum
265 462 407 518 Dominum
424 471 553 520 nostrum.
589 464 684 519 Amen.

338 567 412 611 Oratio
425 569 515 612 audituri
529 568 683 613 confusiones.

143 640 190 695 Da
208 640 281 709 mihi,
298 640 421 710 Domine,
440 642 543 697 sedium
560 649 667 697 tuarum
685 640 848 697 assistricem
866 656 908 696 sa-

105 713 245 780 pientiam,
263 718 294 766 ut
311 713 392 768 sciam
410 712 528 769 iudicare
546 713 676 782 populum
693 720 768 768 tuum
786 713 815 767 iu
831 711 907 768 iusti-

106 784 148 838 tia
168 791 195 838 et
212 797 346 851 pauperes
371 790 432 838 tuos
451 785 478 837 in
496 783 601 840 iudicio.
638 785 697 839 Fac
721 800 764 839 me
791 785 830 838 ita
854 790 908 838 tra-

14 909 15 922 ,
106 862 183 908 ctare
203 855 291 910 claves
315 855 391 923 regni
414 855 559 925 coelorum,
581 862 611 911 ut
633 856 699 910 nulli
718 855 846 924 aperiam,
866 853 908 910 cui

106 925 287 979 claudendum
305 927 352 994 sit;
370 925 437 979 nulli
456 927 584 996 claudam,
609 927 651 981 cui
670 926 844 995 aperiendum
863 926 906 980 sit.

107 996 151 1051 Sit
168 996 280 1052 intentio
298 1012 359 1051 mea
375 1013 452 1065 pura,
478 998 552 1053 zelus
569 1013 644 1053 meus
664 1000 791 1068 sincerus,
810 997 908 1055 caritas

107 1083 171 1122 mea
187 1069 302 1137 patiens,
320 1068 397 1122 labor
414 1083 489 1123 meus
507 1068 668 1125 fructuosus.
706 1069 746 1124 Sit
763 1070 792 1124 in
809 1083 851 1123 me
869 1068 909 1123 lo-

107 1139 180 1194 nitcs
197 1155 252 1193 non
269 1139 388 1207 remissa,
408 1141 539 1207 asperitas
557 1157 612 1195 non
629 1156 740 1210 severa;
758 1155 908 1209 pauperem

40 1247 45 1255 -
106 1226 143 1265 nc
159 1210 312 1280 despiciam,
332 1209 407 1264 diviti
426 1226 460 1264 ne
479 1211 581 1267 adulor.
598 1211 655 1266 Fac
673 1227 715 1268 me
735 1211 769 1266 ad
788 1211 909 1266 allicien-¹

108 1281 160 1336 dos
173 1287 330 1350 peccatores
344 1297 462 1350 suavem,
478 1282 512 1336 ad
520 1283 724 1351 interrogandos
737 1283 907 1354 prudentem,

109 1352 146 1408 ad
162 1352 333 1408 instruendos
350 1353 474 1421 peritum.
511 1353 620 1422 Tribue,
639 1369 749 1422 quaeso,
770 1353 804 1408 ad
821 1359 906 1408 retra·

107 1423 212 1480 hendos
231 1424 335 1478 amalo
354 1424 508 1494 sollertiam,
527 1425 562 1480 ad
580 1424 774 1480 confirmandos
791 1425 908 1480 inbono

107 1494 286 1564 sedulitatem,
305 1494 340 1548 ad
351 1495 548 1563 promovendos
568 1496 603 1550 ad
616 1497 727 1551 meliora
740 1495 907 1565 industriam,

106 1567 136 1620 in
153 1567 291 1635 responsis
309 1567 498 1636 maturitatem,
522 1568 551 1621 in
577 1569 693 1623 consiliis
711 1567 908 1635 rectitudinem,

107 1637 135 1691 in
155 1638 276 1693 obscuris
289 1638 386 1705 lumen,
400 1638 429 1692 in
442 1638 566 1706 implexis
581 1639 762 1707 sagacitatem,
775 1638 803 1690 in
817 1636 908 1692 arduis

107 1709 263 1778 victoriam;
286 1709 424 1764 inutilibus
449 1709 587 1777 colloquiis
615 1725 649 1763 ne
669 1709 798 1777 detinear,
816 1707 908 1775 pravis

108 1781 340 1906 &contaminem
360 1779 426 1836 alios
436 1781 545 1851 salvem,
563 1781 703 1850 meipsum
716 1796 771 1834 non
788 1778 908 1848 perdam.

160 1867 202 1906 en.
239 1859 347 1912 (Indulg.)

308 1945 383 1990 Oratio
396 1949 444 1998 post
457 1947 605 1992 confessiones
618 1947 708 1992 auditas.

142 2028 258 2082 Domine
284 2027 368 2098 Deus,
394 2029 439 2096 qui
462 2043 517 2083 non
534 2029 575 2084 vis
593 2037 706 2084 mortem
723 2034 903 2098 peccatorum,

107 2099 156 2154 sed
173 2099 260 2166 magis
278 2106 309 2153 nt
326 2107 516 2154 convertantur
544 2107 571 2154 et
588 2101 693 2168 vivant3
712 2115 746 2155 ne
772 2099 904 2167 despicias

108 2169 267 2226 sacrificium
292 2170 400 2238 spiritus
426 2171 603 2240 contribulati,
637 2171 725 2226 cordis
750 2171 857 2226 contriti
884 2176 911 2225 et

108 2241 247 2309 humiliati,
266 2241 339 2308 quod
357 2241 473 2296 offerunt
490 2242 538 2296 tibi
556 2243 724 2310 poenitentes
742 2243 795 2310 isti,
821 2243 910 2296 iuran-

108 2319 149 2368 tes
168 2319 196 2367 et
223 2319 371 2368 statuentes
395 2311 529 2368 custodire
557 2314 646 2368 omnia
668 2312 767 2367 iudicia
792 2313 910 2367 iustitiae

108 2391 185 2451 tnae3
204 2382 254 2438 sed
272 2382 399 2438 confirma
415 2384 475 2449 hoc,
494 2384 567 2451 quod
585 2391 712 2452 operatus
727 2400 756 2439 es
774 2385 802 2437 in
822 2383 907 2451 nobis,

109 2456 216 2510 solvens
233 2461 266 2508 tn
281 2453 341 2524 ipse
358 2455 387 2508 in
405 2455 497 2523 coelis,
516 2455 588 2522 quod
604 2456 633 2509 in
650 2455 757 2510 nomine
776 2461 823 2509 tuo
838 2455 907 2509 solvi

109 2525 242 2593 interris,
263 2531 290 2579 et
307 2525 448 2593 perficiens
466 2527 551 2593 magis
568 2542 600 2580 ao
618 2527 702 2594 magis
720 2527 749 2580 in
766 2526 862 2588 timore
881 2531 909 2579 et

14 2591 15 2608 ¹
109 2611 199 2650 amore
218 2603 265 2650 tuo
284 2596 518 2651 sanctificationem
537 2613 636 2666 eorum,
662 2613 730 2664 qnos
749 2595 849 2650 dudum
868 2611 909 2650 er·

14 2735 15 2738 Ἴ
109 2674 199 2722 rantes
217 2674 312 2733 pastor
330 2667 443 2722 sollicite
462 2668 599 2734 quaesiisti
625 2669 697 2722 etin
715 2667 833 2721 humeris
852 2667 906 2721 tuis

109 2737 248 2806 reduxisti,
266 2753 301 2792 ne
319 2737 385 2793 fiant
402 2739 548 2793 novissima
561 2753 660 2808 eorum,
678 2746 832 2792 revertente
851 2737 908 2790 dia·

110 2807 171 2864 bolo
190 2809 261 2877 illue,
279 2808 350 2864 unde
369 2810 459 2878 exivit,
478 2810 572 2878 peiora
589 2810 732 2877 prioribus.
761 2807 838 2875 Vide,
856 2807 908 2860 Pa·
