2128 3228
574 32 578 36 ,
642 4 657 34 Γ

146 154 187 198 ld!
298 158 331 199 De
344 158 476 207 quibusdam
488 158 539 198 aliia
552 157 692 199 uuerdotnm
705 159 789 202 octub.

143 259 255 318 Missam
273 259 406 328 privatam
423 260 611 330 celebrantem,
631 260 775 331 sciendum,
795 260 854 316 dari
873 261 947 318 eius·

145 331 206 387 dem
224 331 252 390 S.
271 331 368 399 Gongr.
387 330 523 386 decretum
546 332 572 386 d.
591 332 617 387 d.
637 335 681 398 24,
698 333 763 387 Julii
783 335 869 402 1638,
889 348 946 402 quo

143 402 343 471 praescribitur,
362 410 399 470 ut,
419 404 551 458 mandens
569 411 631 459 ante
652 404 745 473 altare,
771 403 799 458 in
824 420 878 472 quo
898 420 948 460 ex·

143 474 261 543 positum
285 481 375 528 manet
393 473 440 529 SS.
461 474 669 544 Sacramentum,
693 474 877 530 adorationem
905 475 948 531 fa·

144 545 197 600 ciat
214 543 293 600 flexis
311 544 423 612 genibus
442 552 470 600 et
487 546 574 614 capite
598 546 713 616 detecto,
739 546 801 600 dein
829 561 946 616 surgens

146 622 227 684 caput
244 617 357 684 operiat.
820 673 823 682 ,

181 686 253 742 VIII.
271 687 392 742 Durante
406 687 573 756 expositione
590 687 618 741 in
632 687 761 743 ecclesiae
779 694 867 757 portu,
886 689 947 744 sive

145 756 181 812 ad
198 758 276 826 iutra,
293 758 349 814 sive
368 758 403 813 ad
421 767 506 827 extra,
532 758 796 826 prout‘commodius
815 759 875 828 erit,
895 773 944 828 ap·

143 828 277 897 pendatur
294 837 414 897 tapetum
431 831 460 884 in
478 830 529 884 veli
546 829 641 898 forma,
666 846 726 885 cum
744 831 833 900 aliquo
851 838 945 886 umen

145 901 233 968 spatio
251 916 268 954 a
285 900 422 970 lateribus,
440 917 491 970 pro
503 901 597 969 populi
606 901 802 970 commoditate,
821 900 944 970 illudque

144 972 183 1026 ita
200 970 365 1040 disponatur,
391 979 422 1027 ut
439 988 457 1027 a
472 973 519 1027 via
535 987 671 1041 nunquam
688 973 775 1042 possit
792 973 877 1042 aspici
895 973 945 1028 SS.

146 1042 354 1100 Sacramentum.
364 1042 383 1111 ¹)
394 1059 397 1062 ·

181 1112 227 1166 IX.
246 1113 299 1167 Per
317 1113 390 1169 vices
407 1129 476 1168 unus
495 1120 542 1168 aut
560 1114 628 1170 alter
646 1113 812 1183 sacerdos‚2)
829 1115 873 1170 vel
892 1115 946 1170 sal·

145 1190 200 1238 tem
218 1183 300 1252 aliqui
316 1185 345 1237 in
364 1185 416 1238 alio
435 1201 512 1240 sacro
530 1185 623 1240 ordino
642 1185 786 1255 constituti,
805 1187 946 1255 superpel-

145 1254 213 1310 liceo
231 1254 330 1324 vestiti,
349 1256 373 1310 si
389 1254 449 1310 fieri
461 1264 552 1324 potest
565 1256 626 1326 (etsi
641 1257 779 1325 regulares
795 1257 867 1327 sint),
882 1273 945 1312 oon·

145 1325 220 1380 tinuo
239 1324 328 1381 adsint
345 1325 488 1396 genuflexi
512 1343 567 1382 non
585 1343 668 1396 supra
685 1327 877 1398 genuflexerit,
897 1327 947 1384 aed

145 1395 181 1452 ad
199 1396 308 1465 aliquod
326 1413 470 1467 scamnum,
487 1406 581 1467 tapeto
594 1414 719 1468 pannose
736 1400 827 1468 rubro,
847 1405 894 1454 aut
907 1399 945 1455 al·

146 1468 231 1523 terius
247 1468 344 1524 coloris
358 1478 387 1524 et
400 1468 519 1525 decentia
532 1470 669 1538 qualitatis
683 1478 847 1540 coopertum,
860 1485 948 1540 prope

146 1537 265 1594 ἰιιιῖιιιιιιιι
283 1539 376 1596 altaria
393 1540 514 1609 padum,
533 1547 642 1598 orantes
661 1541 705 1596 die
723 1557 755 1597 ac
772 1549 859 1598 nocte.
895 1541 949 1597 Ubi

147 1611 238 1667 existit
250 1611 340 1679 aliqua
353 1611 567 1681 confraternitas,
579 1609 696 1681 Insuper
709 1614 837 1668 assistant
850 1614 948 1668 saltem

147 1681 200 1738 duo
219 1681 368 1738 confratres
386 1682 421 1737 ad
440 1699 575 1738 scamnum
591 1699 681 1752 panno
696 1683 788 1739 vlridIs
803 1685 950 1742 alteriusve

148 1752 266 1810 decentis
284 1754 381 1809 coloris
400 1763 563 1822 coopertum,
590 1755 639 1810 sed
657 1763 734 1811 extra
751 1755 949 1825 presbyterium

148 1831 228 1893 atque
247 1840 264 1881 a
281 1823 358 1881 dIctis
377 1825 561 1881 sacerdotibus
580 1825 721 1895 distantes,
753 1832 859 1882 etcum
877 1826 950 1882 omni

147 1894 290 1952 devotione
307 1897 336 1950 iu
353 1896 515 1952 adstantium
531 1895 745 1956 ,aeducauonom
758 1897 879 1967 adorent,
899 1897 949 1954 sad
1054 1951 1055 1964 ,

146 1965 279 2022 submissa
297 1965 400 2036 voce,³)
418 1983 453 2022 ne
471 1970 567 2023 ceteris
586 1966 773 2024 distractiones
791 1967 916 2024 afferant.

182 2037 216 2091 X.
239 2038 271 2091 In
289 2039 411 2093 sacristia
428 2039 464 2094 sit
480 2039 657 2110 horologium,
675 2039 711 2094 ad
729 2040 846 2109 singulas
864 2039 948 2096 horas

161 2211 183 2263 ¹)
198 2213 240 2254 Ubi
253 2222 305 2252 voro
319 2211 415 2262 duplloes
429 2211 539 2258 habentur
552 2213 637 2261 portae,
657 2223 712 2262 opus
726 2223 771 2254 nou
785 2215 820 2253 est
834 2213 875 2253 tall
889 2214 948 2258 valo.

161 2285 182 2342 ¹)
197 2289 317 2340 „Paroolrl,
340 2300 389 2329 cum
408 2289 599 2332 ss.1tuoharlstta
618 2291 641 2330 lu
656 2290 702 2331 tuit
716 2291 804 2341 umplla
819 2292 950 2344 “ponenda

201 2356 243 2394 srlt
258 2354 383 2396 sacerdotes
397 2354 496 2404 aliosque
510 2356 579 2396 sacris
593 2356 706 2396 ordinlbua
719 2357 833 2406 Initlatot.
857 2358 896 2408 qul
910 2367 949 2408 pa·

201 2420 289 2460 roobiae
304 2420 382 2460 adscltl
397 2423 461 2470 sunt,
482 2421 509 2460 de
526 2421 569 2460 hac
582 2432 606 2461 re
620 2422 780 2472 admonebunt,
801 2431 896 2472 quorum
910 2433 948 2464 no·

199 2487 260 2526 mIna
277 2487 300 2526 In
318 2487 401 2527 tabella
415 2488 443 2527 ad
457 2488 580 2528 sacrarium
593 2488 717 2540 alliganda,
740 2493 869 2539 tempusque
882 2489 949 2531 hora·

200 2564 249 2594 ruuu
263 2553 423 2602 designabitur,
436 2556 462 2594 ut
476 2566 502 2594 eo
514 2555 578 2595 urodo
592 2555 620 2596 ad
633 2556 782 2606 precationem
790 2558 880 2606 praesto
894 2556 948 2596 sint.

200 2617 261 2666 Quod
275 2618 294 2658 tl
308 2621 372 2658 tanta
385 2619 474 2659 illorum
488 2621 565 2670 copta,
584 2630 641 2670 qnae
656 2621 764 2670 sufficiat,
783 2621 807 2660 lu
820 2620 869 2670 ipsa
883 2631 948 2670 paro-

199 2683 249 2722 chia
263 2693 307 2722 nou
321 2686 433 2733 vertetur,
453 2687 501 2724 tuns
515 2687 625 2734 parochus
646 2686 674 2726 ad
693 2687 749 2727 ellos
764 2686 889 2735 consumet,
909 2688 948 2737 qul

198 2746 250 2787 bulo
264 2748 348 2787 munarl
361 2749 523 2790 orslefcloster·
538 2751 683 2794 (humbertinl
697 2751 789 2792 Iartust.
804 2749 851 2800 80.)

160 2819 182 2874 ⁸)
196 2823 260 2872 Apud
274 2834 315 2864 uos
327 2823 373 2865 iare
387 2827 468 2876 ubique
481 2829 582 2868 adoratio
595 2829 620 2868 ut
634 2829 681 2869 alta
697 2837 757 2872 vocs.
