2124 3230
173 181 215 224 dbd
251 187 255 198 '
309 239 311 244 Α
345 185 378 225 De
391 185 585 228 celebretionefld.
601 186 803 228 fflmcmcrtflcti.

57 303 62 310 ·
173 301 224 355 pus
243 284 328 356 sedet,
362 287 428 356 legit
446 303 480 342 ex
497 287 566 342 libro
584 287 689 344 Misssli
705 289 856 358 Epistulam
872 295 900 344 et
918 290 978 346 alia

72 383 74 388 ·
173 373 259 426 usque
278 357 312 412 sd
330 357 410 413 finem
427 360 576 427 Evangelii,
604 360 676 426 quod
693 368 836 427 anteqmm
852 361 975 431 incipiat,

171 429 269 555 {auctis
282 430 403 486 manibus
416 430 480 485 dicit
493 431 603 484 Mando
616 447 662 486 cor
674 447 769 499 meum,
784 439 842 500 eto,
861 439 889 486 et
901 433 977 488 Jabe

202 501 298 568 omine,
320 508 369 556 ede·
467 529 475 552 x

210 571 275 626 Cum
294 578 416 626 cantatur
433 571 541 626 ultimus
559 585 653 628 versus
672 572 822 641 (induciis,
841 580 891 628 eto.
911 573 969 630 dia·

173 657 256 698 conus
274 643 348 698 vadit
367 642 401 698 sd
418 643 590 711 Episcopum,
610 643 684 698 cuius
698 653 976 700 manumreverenter

175 715 323 783 osculetur3
347 721 404 768 sim
431 729 556 769 reversus
574 714 609 768 ad
627 716 711 770 altare
729 716 757 768 in
775 715 833 769 eius
850 715 973 771 inferiori

173 785 259 853 gradu
277 784 442 854 genuflexus,
461 785 525 840 dicit
537 785 647 840 Mando
664 801 710 840 cor
722 802 816 852 meum,
835 793 887 842 etc.-
903 788 975 842 inte·

172 857 224 910 rim
241 856 392 924 Episcopus
409 857 521 925 imponit
539 864 566 912 et
583 856 716 912 benedicit
732 858 877 912 incensum.
903 858 974 914 Tum

170 927 299 982 diaconus
317 943 377 982 cum
395 927 454 984 aliis
472 928 600 984 ministris
623 929 697 983 venit
715 936 776 982 ante
794 929 969 999 Episcopum,

169 997 215 1052 ubi
228 997 369 1052 inclinatus
387 1000 455 1066 petit
473 999 693 1066 benedictionem,
712 999 803 1054 dicens
821 1000 891 1054 Jubc
908 1001 967 1056 Do-

169 1084 230 1122 moe
247 1068 412 1136 bmcedicerc,
439 1071 482 1124 cui
499 1071 651 1139 Episcopus
668 1070 814 1138 respondet
831 1071 972 1126 Domum

170 1140 206 1194 sit
223 1140 253 1192 ia
271 1140 350 1194 corde
368 1146 430 1208 tuo,
461 1149 511 1195 etc.
536 1149 564 1196 et
589 1141 654 1196 iacit
679 1156 761 1210 super
785 1157 846 1196 eum
864 1143 970 1210 signum

169 1210 264 1266 mucis.
310 1211 380 1266 Tum
404 1211 532 1268 diaconus
559 1211 623 1267 iacit
647 1213 783 1281 Episcopo
809 1213 971 1280 profundam

169 1282 362 1350 reverentiam,⁸
387 1283 501 1338 ministri
518 1299 592 1351 vero,
618 1285 664 1351 qui
682 1300 741 1338 cum
758 1298 791 1337 eo
810 1291 879 1352 sunt,
909 1300 970 1353 per·

171 1359 280 1406 manent
297 1352 439 1422 genuflexi,
467 1354 552 1410 donec
570 1355 720 1422 Episcopus
738 1354 913 1424 benedixerit,
941 1363 970 1412 et

170 1424 258 1478 statim
276 1425 398 1493 procedit
420 1441 480 1478 cum
497 1427 624 1481 ministris
649 1425 683 1479 ad
701 1425 860 1480 cantandum
878 1427 969 1481 Even-

170 1494 277 1562 geliunt.
325 1495 391 1550 Cum
416 1496 542 1550 diaconus
573 1496 636 1551 dicit
662 1498 799 1552 Domitios
824 1497 969 1564 sodomum,

128 1567 133 1581 '
170 1565 322 1636 Episcopus
336 1567 465 1635 depositis
479 1569 600 1636 gremiali
613 1575 642 1622 et
653 1568 740 1636 mitra,
759 1568 850 1636 surgit,
870 1570 968 1638 accipit

170 1636 293 1692 baculum
310 1638 481 1707 pastoralem,
500 1646 528 1693 et
546 1639 608 1694 dum
627 1638 753 1694 diaconus
771 1639 836 1693 dicit
853 1640 969 1694 Initium

169 1709 214 1764 vel
232 1709 384 1778 Sequentia,
412 1725 441 1765 se
465 1710 554 1778 signat
571 1711 599 1764 in
616 1710 712 1777 fronte,
731 1725 778 1766 ore
797 1717 824 1765 et
841 1719 969 1779 pectore;

169 1785 226 1834 tum
251 1781 309 1848 ipse
333 1781 485 1849 Episcopus
511 1781 609 1836 retinet
633 1782 756 1836 baculum
779 1782 849 1836 inter
875 1783 968 1838 ambus

169 1866 264 1906 manus
277 1852 389 1920 iunctus,
403 1858 477 1906 stans
490 1867 584 1908 versus
598 1852 747 1908 diaconum.
774 1853 863 1908 Finito
877 1853 969 1908 Evan-

170 1921 241 1989 gelio
255 1922 433 1978 subdiaconus
446 1930 538 1991 portat
548 1923 645 1978 librum
659 1931 781 1992 apertum
795 1923 967 1978 esculentum
1056 1971 1057 1980 ,

169 1991 314 2060 Episcopo,
334 1994 408 2048 nulls
421 1994 446 2048 ei
459 1994 531 2056 fectu
543 1996 702 2062 carmentis,
716 1995 767 2050 nisi
780 2003 884 2062 postes,
898 1995 968 2050 libro

171 2062 278 2130 ciauso;
301 2063 429 2120 diaconm
448 2074 475 2119 et
493 2066 539 2120 aiii
556 2081 616 2120 cum
634 2065 731 2122 debitis
748 2067 907 2121 reverentiis
924 2079 967 2120 re·

171 2139 321 2260 &mursuflium
340 2142 368 2189 et
380 2137 522 2205 presbyter
535 2137 663 2192 assistens
676 2138 841 2206 Episcopum
853 2144 969 2194 stantem

236 2204 241 2216 '
263 2213 315 2260 cot.

205 2275 352 2344 Postquam
368 2277 521 2345 Episcopus
538 2276 620 2332 inserit
636 2277 797 2346 incensatus,
823 2294 970 2334 conversus

171 2344 205 2400 sd
223 2346 307 2402 altare
325 2347 425 2416 incipit,
445 2348 576 2404 censendo
595 2364 630 2403 ex
642 2348 711 2403 libro
731 2348 816 2404 Oresio
834 2351 865 2403 bs
882 2365 968 2404 ouum

169 2416 268 2484 Deum,
288 2417 360 2484 quod
378 2435 438 2474 cum
456 2420 511 2476 suis
529 2421 655 2476 ministris
672 2420 805 2476 submissa
821 2436 888 2476 voce
906 2436 968 2490 pro·

170 2487 305 2557 seqnitur3
332 2491 434 2557 puriter
452 2489 580 2548 dissonus
598 2499 626 2546 et
643 2490 821 2548 subdiaconus
838 2491 912 2560 apud
930 2491 967 2545 sl·

168 2565 227 2614 ture
247 2567 275 2614 et
293 2560 419 2614 Canonici
437 2560 502 2616 iilud
520 2562 591 2616 inter
614 2577 643 2617 se
662 2562 760 2631 dicunt,
787 2569 815 2618 ct
832 2561 867 2618 sd
884 2563 969 2618 uerba

171 2629 213 2684 Et
230 2631 390 2686 incoactos
408 2637 453 2698 est,
472 2633 624 2701 Episcopus
642 2633 804 2702 genuflectit,
823 2645 850 2690 et
867 2635 970 2702 pariter

170 2715 263 2756 omnes
290 2701 323 2756 de
349 2703 431 2756 choro
454 2703 643 2770 genuflectunt.
684 2705 743 2772 Quo
769 2703 864 2772 finito,
893 2704 970 2760 sedet

169 2770 322 2840 Episcopus
340 2789 402 2826 cum
418 2773 497 2828 mitre
515 2775 642 2844 simplici,
672 2783 700 2830 et
717 2791 809 2831 omnes
827 2777 908 2832 etiam
926 2790 967 2832 se·

170 2840 234 2898 dent
241 2861 249 2912 ;
269 2850 296 2897 st
310 2859 369 2897 cum
382 2843 536 2912 praedictus
549 2846 696 2908 versiculus
710 2854 833 2904 cantetur
847 2861 865 2930 a
877 2847 968 2916 choro,
