2130 3242
348 182 381 223 De
394 181 536 223 anennoeto
550 183 664 234 aarum.
864 179 907 223 ΜΩ

97 281 287 338 Sacrameatie
300 281 433 352 intersint,
454 289 482 336 et
495 295 536 353 ea,
556 297 610 350 uua
622 296 674 351 par·
687 288 736 352 eat,
754 282 907 338 reverentia

98 353 287 423 suscipienti)

457 427 557 442 ἋΜΜΜΙ·

198 491 251 548 DE
271 491 518 548 SAGRAMENTO
536 493 709 550 BAPTlSMI
726 494 814 550 RITE

352 576 665 636 ADlillNiSTRANDO.

374 667 639 718 (exercueroaomano.)

139 729 165 794 i.
191 735 303 791 Sacrum
335 733 486 806 Baptisma‚
521 737 681 794 christianae
711 737 848 808 religionis
879 744 907 792 et

101 815 233 862 aeternae
252 808 324 861 vitae
344 807 439 878 ianua,
471 807 542 879 quod
566 809 636 864 inter
664 799 717 866 alia
734 825 820 866 novae
838 809 906 878 legis
995 865 996 868 ,

101 879 280 934 Sacramenta
295 893 311 932 a
326 877 433 933 Christo
447 879 569 934 instituta
582 883 696 949 primum
716 888 790 936 tenet
807 881 904 950 locum,

103 950 209 1005 cunctis
234 949 269 1003 ad
295 949 408 1004 salutem
427 937 607 1006 necessarium
625 967 700 1021 esse,
728 954 788 1022 ipsa
805 951 906 1024 veritae

99 1027 220 1077 testatur
232 1021 285 1075 illie
299 1020 405 1076 verbis:
425 1021 491 1076 Nisi
503 1024 563 1092 qais
571 1030 682 1078 renatae
693 1025 778 1092 fuerit
791 1041 824 1080 ec
833 1039 906 1094 apuu

101 1097 128 1148 ei
145 1089 256 1162 Spiritu
274 1097 383 1160 roomo,
415 1109 471 1146 noa
493 1099 583 1162 potest
605 1096 719 1149 introire
742 1097 772 1150 iu
794 1109 906 1166 reputem

100 1163 165 1218 Dei.
192 1163 282 1232 (Joau.
302 1163 337 1232 3.)
374 1163 469 1231 ltaque
488 1181 591 1220 summa
616 1165 649 1220 ad
671 1165 737 1220 illud
756 1173 905 1236 opportune

99 1235 208 1303 riteque
235 1233 473 1289 administrandum
499 1251 530 1302 ac
549 1237 746 1306 suscipiendum
769 1237 906 1307 diligentia

100 1304 257 1360 adhibenda
276 1311 326 1361 est.

138 1381 164 1431 2.
185 1377 252 1431 Cum
273 1383 362 1430 autem
381 1375 416 1430 ud
434 1377 486 1431 hoc
499 1376 700 1433 Sacramentum
717 1377 905 1434 conferendum

102 1447 157 1502 alia
172 1448 226 1502 sint
245 1446 278 1501 de
297 1447 355 1502 iure
376 1447 465 1502 divino
485 1447 606 1503 absolute
625 1449 785 1519 necessaria,
803 1457 833 1504 ut
851 1465 905 1504 ma-

114 1595 136 1650 1)
149 1599 227 1644 ρων.
252 1597 325 1645 Quid
344 1597 522 1647 faciendum,
544 1599 569 1637 si
588 1597 730 1648 indignus
746 1597 787 1641 88,
801 1595 904 1638 Sacra·

154 1665 253 1702 mente
272 1661 388 1712 publice
407 1661 502 1711 petati

184 1728 247 1778 Resp.
262 1727 283 1768 Ii
297 1727 321 1767 st
334 1727 405 1776 ipsius
414 1727 535 1776 indignitas
549 1728 674 1778 publiea
688 1727 785 1777 ustiure,
799 1729 906 1768 iactoaut

155 1795 216 1836 rame
226 1805 243 1840 a.
254 1805 279 1843 g„
290 1793 309 1834 si
323 1795 353 1834 sit
370 1793 487 1834 manifeste
497 1795 707 1843 excommunicatus,
721 1795 859 1844 interdictus,
873 1795 906 1834 lu·

155 1859 230 1908 rama.
245 1854 422 1908 concubinariae,
443 1861 554 1909 meretrix,
576 1860 669 1900 civiliter
682 1860 769 1899 tentum
783 1859 905 1910 copulatus

155 1923 281 1973 neuterius,
289 1924 431 1974 blaephemas
440 1928 491 1974 etc,
503 1926 729 1966 omuescommuuiter
736 1935 785 1964 eum
793 1925 815 1964 Β.
823 1925 906 1966 mom·

156 1989 249 2038 docent,
274 1987 416 2030 Sacramenta
429 1991 462 2032 illi
483 2001 532 2031 ssse
545 1991 688 2040 deneganda5
710 1989 819 2039 excipitur
832 1993 906 2030 tamen

156 2053 180 2096 1⁰
193 2053 360 2096 Sacramentum
373 2056 539 2106 Poenltentias,
563 2057 621 2106 qnod
636 2056 718 2098 nemim
732 2057 817 2098 sincere
831 2055 906 2106 posui·

157 2123 216 2162 tenti
231 2122 441 2171 modorosenam,
457 2124 500 2164 uisi
515 2123 544 2162 alt
558 2123 685 2172 specialiter
700 2124 835 2172 prohibitum
850 2135 869 2164 e·
884 2133 906 2176 g,

157 2188 186 2228 ob
200 2196 307 2228 tensurus
317 2191 449 2238 reservatas,
464 2188 499 2228 vei
509 2189 560 2238 quis
569 2189 631 2238 prius
641 2188 707 2230 debet
717 2189 853 2238 satisfecere,
867 2190 906 2230 sut

156 2254 282 2294 cautionem
306 2255 412 2303 praebere
432 2255 588 2297 satisfaciendi.
617 2251 639 2294 Ψ
653 2254 825 2304 Matrimonium,
846 2255 906 2296 iusta

156 2321 316 2361 interveniente
334 2332 407 2363 eausa.
434 2320 488 2371 (Gir.
507 2321 527 2361 S.
543 2321 590 2372 Βία,
606 2321 641 2360 lib.
657 2319 676 2360 6.
697 2333 752 2363 uam.
768 2321 797 2362 42
817 2324 839 2361 et
859 2319 906 2369 64.)

156 2385 180 2426 3¹
194 2389 263 2429 (lasus
277 2389 363 2437 mortis,
383 2389 402 2428 si
417 2399 473 2436 quae
488 2389 551 2438 argui
565 2387 651 2436 possint
665 2387 816 2429 Paenitentiae
835 2389 905 2438 signa,

156 2463 186 2492 ne
200 2451 285 2492 scilicet
298 2454 382 2502 pereat,
406 2453 443 2501 qul
457 2463 496 2502 per
511 2451 676 2492 Sacramentum
691 2451 773 2492 saivari
787 2454 864 2502 potest.
881 2473 904 2482 -

157 2515 191 2568 ΙΙ)
205 2515 228 2556 Si
245 2517 314 2566 ipsius
328 2515 448 2566 indignitas
464 2519 497 2556 est
513 2517 643 2564 occulta,
661 2511 705 2556 riou
720 2519 813 2565 possunt
828 2517 904 2556 Saura·

157 2583 232 2622 menta
241 2582 351 2632 denegari.
366 2583 403 2622 Its
412 2583 496 2631 pariter
510 2591 588 2621 omues
596 2591 644 2620 cum
654 2582 674 2623 s.
684 2579 775 2622 Thomu.
791 2581 906 2630 Excipitur

158 2647 325 2686 sacramentum
332 2647 482 2697 Matrimonia·
492 2647 579 2696 quando
591 2645 701 2696 paraohut
709 2649 772 2686 extre
782 2645 905 2686 Confessio·

158 2723 208 2752 uem
223 2713 272 2762 scit,
287 2713 364 2754 adesse
372 2713 549 2763 impedimentum
563 2712 673 2760 dirimens,
687 2711 723 2750 vel
737 2723 830 2762 sponsos
843 2713 906 2762 lano·

157 2789 209 2820 rare
227 2779 354 2820 rudimenta
371 2779 428 2824 fidei.
459 2778 512 2831 [dir.
527 2778 622 2820 domiin
635 2779 662 2816 de
682 2777 778 2822 Matrlm.
800 2778 861 2829 (edit.
875 2776 908 2830 t.)

158 2855 208 2894 res·
222 2840 278 2896 2⁷⁶]
648 2851 653 2868 “

703 2931 707 2940 ’
747 2914 800 2971 11*
