2138 3226
345 186 402 228 Ordo
415 188 475 228 ritae
488 189 640 232 merlonus.
853 189 895 233 alt

89 290 192 346 emotis
212 289 320 344 mimae
337 288 480 344 virtutibus
497 287 597 344 florere
610 289 699 358 possis
718 295 746 344 et
763 305 826 344 caro
844 297 892 347 tua

90 363 214 418 subiecta
245 360 280 414 sit
303 361 407 414 animae
438 361 520 416 tuua“
548 359 657 428 aliquod
680 358 892 419 mortificationis

13 447 15 506 l
89 448 184 502 genus,
203 431 250 485 vel
267 431 409 500 internum,
427 432 471 486 vel
486 438 633 500 externum,
652 431 730 486 robis
740 434 892 502 proponite,

88 520 115 562 v.
134 521 162 572 g.
187 502 232 558 die
256 501 370 557 Veneris
401 503 541 572 ieiunium,
576 503 670 558 saltem
706 501 894 558 abstinentiam

88 577 230 643 maiorem,
254 574 283 626 in
307 573 461 628 memoriam
485 574 622 630 Passionis
641 573 758 641 Christi;
788 573 832 628 rel
850 573 893 629 dia

91 645 206 700 Sabbati
223 644 400 699 inhonorem
418 645 600 700 sanctissimae
618 645 755 714 genitricis
768 644 821 699 Dei
834 644 893 700 Ma·

88 718 149 772 riae
178 723 231 770 etc.

126 757 163 842 11’.
182 785 231 842 Ac
248 784 454 842 Sacramentum
470 786 656 842 Poeuitentc'ce
673 785 798 844 accedite.
827 786 894 842 Oum

90 859 271 914 Sacramenta
288 858 349 925 sint,
368 865 423 910 tam
447 873 496 924 pro
516 858 711 927 ecclesiasticis,
737 873 817 926 quam
842 874 892 927 pro

91 931 170 986 laicis
189 927 280 983 fontes
293 929 438 996 gratiarum
454 943 561 997 semper
574 929 748 984 scaturientes
767 938 795 984 et
811 929 892 1000 pleni,

90 1001 128 1056 ad
147 1001 351 1056 Sacramentum
368 999 553 1054 Paenitentiae
567 1001 650 1055 semel
659 1001 730 1055 intra
744 1007 813 1068 octo,
828 1015 893 1069 qua·

89 1071 278 1128 tnordecimvo
297 1070 363 1138 dies,
381 1069 541 1138 regulariter
559 1071 687 1140 accedite,
705 1079 735 1126 ut
752 1081 843 1127 restro
863 1079 891 1128 et

88 1144 207 1198 aliorum
225 1141 363 1196 commodo
389 1140 422 1196 de
450 1141 571 1197 fontibus
595 1143 741 1197 Salvatoris
760 1159 844 1211 aquas
862 1144 891 1199 in

89 1215 175 1268 vitam
189 1220 327 1268 aeternam
337 1212 462 1268 salientes
476 1229 536 1267 oum
550 1213 647 1281 gaudio
661 1215 800 1271 hatuiatis.
819 1215 889 1270 Gon·

87 1285 235 1341 fessarium
253 1285 335 1352 pium,
355 1282 469 1352 doctum,
488 1283 595 1338 dotibus
610 1285 796 1342 ecclesiasticis
810 1301 889 1340 orna·

87 1363 156 1424 tum,
176 1355 219 1410 sui
237 1353 316 1408 officii
334 1361 361 1408 et
379 1355 518 1410 ministerii
544 1355 693 1411 studiosum
723 1357 835 1425 seligite,
862 1363 890 1413 ct

88 1428 223 1484 selectum
240 1433 271 1480 nt
290 1425 422 1480 Christum
441 1426 539 1481 audite.
570 1427 602 1480 In
619 1442 681 1481 eum
698 1425 778 1481 finem
795 1443 891 1495 preces

88 1505 120 1554 et
143 1499 218 1552 bona
246 1511 329 1564 opera
355 1496 484 1552 ordinate.
521 1498 564 1551 Ex
592 1513 625 1552 ea
651 1499 729 1566 praxi
752 1498 894 1565 plurimum

88 1568 195 1639 pendet
212 1569 241 1622 in
257 1568 364 1622 virtutis
389 1569 484 1623 semita
508 1584 676 1636 progressus.
714 1567 743 1622 Si
760 1569 847 1636 pietas
866 1575 894 1624 ct

88 1640 218 1696 doctrina
234 1654 289 1693 non
314 1639 414 1694 sintin
431 1638 526 1694 eodem
544 1639 637 1708 gradu,
662 1639 748 1706 magis
772 1645 894 1705 praestat

88 1710 287 1767 confessarium
314 1710 416 1778 pollere
441 1709 569 1779 doctrina,
602 1726 682 1778 quam
710 1710 824 1778 pietate3
853 1709 895 1764 vir

89 1784 154 1908 dpius
172 1782 275 1836 bonum
300 1782 422 1850 consulit,
446 1782 489 1836 vir
515 1781 610 1837 doctus
636 1781 672 1836 ad
694 1780 794 1835 bonum
810 1781 894 1837 tutius

110 1855 175 1910 ucit

372 1921 414 1964 Pro
427 1920 524 1972 quolibet
538 1934 618 1966 mense.

126 1995 149 2048 1.
187 1993 270 2048 Βίωνι
286 1993 479 2048 recollectione
495 1994 605 2063 scliyite.
624 1993 703 2048 Diem
721 1995 837 2064 aliquam
851 2011 895 2050 re·

90 2066 268 2128 collectionis,
287 2072 334 2118 aut
352 2063 387 2118 ad
403 2071 517 2118 mortem
534 2066 748 2133 praeparationis
775 2069 895 2135 quolibet

92 2151 185 2192 manse
205 2135 318 2204 seligim,
336 2135 376 2190 ita
392 2143 490 2203 tamem
507 2136 621 2191 utillud
639 2137 789 2195 devotionis
807 2153 892 2208 genus

91 2209 180 2278 magis
198 2207 267 2276 Deo,
287 2222 367 2274 quam
384 2207 534 2261 hominibus
552 2207 710 2262 innotescat.

129 2280 164 2332 Π.
204 2278 328 2348 Qactnor
351 2279 420 2331 cuni
446 2278 609 2345 umanum
637 2280 776 2346 speciatim
803 2284 895 2346 wate,-

94 2365 191 2419 preces
209 2357 237 2403 et
254 2349 300 2416 pia
319 2363 402 2417 opera
414 2364 464 2416 pro
478 2349 633 2404 remissione
647 2357 817 2419 peccatorum
830 2365 893 2417 pro·

94 2422 166 2476 xime
180 2421 390 2488 commissorum,
404 2435 454 2488 pro
468 2419 600 2474 fructuum
614 2421 825 2489 conservatione,
844 2435 895 2489 pro

98 2492 198 2548 christi
211 2491 393 2546 ministrorum
410 2491 551 2546 vocatione
571 2498 599 2546 et
609 2493 735 2548 mnsiom
749 2491 896 2560 ferventius

95 2563 256 2620 instaurate.

131 2634 181 2688 ΠΙ.
220 2632 398 2699 Conferentit's
411 2632 595 2686 ecclesiasticis
608 2633 701 2687 scdulo
715 2632 813 2687 adeste.
829 2631 896 2686 Goe-

96 2705 168 2760 tibus
187 2703 384 2772 ecclesiasticis,
392 2689 458 2756 'tam
468 2703 604 2772 sapienter
622 2712 649 2759 et
662 2705 763 2758 utiliter
775 2705 802 2756 in
813 2703 896 2758 variis

96 2774 269 2832 dioecesibus
282 2774 419 2843 institutis,
437 2774 575 2842 inquibus
589 2774 623 2829 de
637 2775 747 2844 pietate,
766 2773 896 2841 doctrina,

96 2847 225 2915 moribus,
244 2845 422 2902 conscientiae
441 2844 546 2902 casibus
571 2845 728 2900 collationes
753 2844 895 2912 habentur,
