2124 3230
153 171 195 215 388
325 176 357 216 De
372 176 520 217 celebratione
533 177 567 220 88.
582 177 664 218 bilem
677 177 786 219 recuset.

153 279 233 334 simul
252 295 312 334 cum
338 293 370 334 eo
395 285 489 334 tenent
513 295 606 336 manus
632 281 736 336 iunctae
763 287 825 336 ante
850 289 957 352 peetus,

151 351 268 420 acolythi
286 355 352 406 ¹nero
372 357 434 405 ante
447 365 494 406 eos
509 351 633 406 deferunt
647 352 807 407 candelabra
820 369 879 407 oum
892 369 957 408 can·

151 421 218 476 delis
238 423 364 492 accensis,
395 437 464 489 quae
489 421 585 477 deinde
609 423 772 478 collocantur
797 440 879 493 super
897 441 957 479 ore·

151 491 286 561 dentia31)
316 500 344 547 et
362 509 421 547 cum
439 495 593 562 pervenerit
618 501 680 549 ante
705 494 824 549 infimum
842 495 958 564 gradum

152 563 274 634 altaris2)
293 565 330 618 ibi
346 563 450 620 medius
463 565 534 620 inter
547 565 687 620 diaconum
704 583 721 620 a
734 565 835 622 dextris
849 576 878 622 et
891 568 956 623 sub-

157 687 317 702 —

203 743 297 794 plicibus
317 747 392 786 sutem
410 745 560 785 sacerdotibus
580 756 624 784 non
638 745 773 794 permittitur
795 744 826 794 (S.
840 745 867 784 R.
883 745 904 788 (l.
920 745 961 787 15.-

204 808 281 848 Martii
295 808 360 858 1721„
375 809 393 850 7.
404 809 523 854 Deo.1844.
539 809 601 850 etii.
616 811 671 852 reru
685 809 761 860 18592),
777 812 869 858 excepte.
883 811 957 852 Missa

204 873 295 912 solemni
317 875 486 918 neosecerdotls,
524 876 629 916 Sacerdoe
654 875 760 914 assistens
784 875 957 918 Neosecerdotis

203 949 247 978 non
261 942 335 988 potest
349 939 426 979 subtus
440 941 537 990 pluviale
552 942 633 982 stolam
647 945 735 992 gestare
749 951 774 980 ae
788 941 889 982 fidelibus
905 955 956 984 eum

203 1006 284 1052 patena
311 1004 437 1044 ministrare
465 1007 552 1055 quoties
575 1007 705 1047 Communia
732 1007 884 1055 distr-ibultur3
913 1019 956 1049 nec

202 1073 277 1120 potest
291 1071 404 1111 incensare
419 1073 575 1122 celebrantem,
591 1073 643 1122 qula
652 1074 696 1112 hoc
704 1075 789 1122 spectat
799 1073 827 1112 ad
837 1073 958 1115 diacoma

202 1136 233 1183 (s.
252 1137 276 1180 lt.
291 1137 313 1176 0.
328 1137 358 1177 11.
373 1138 450 1178 Martii
463 1137 542 1187 1837).
570 1139 702 1180 Prohibetur
720 1149 773 1179 nene
787 1140 895 1190 rooboth,
916 1151 955 1180 ex-

202 1203 272 1251 ceptis
284 1205 357 1242 tamen
372 1205 450 1252 quibus
468 1205 496 1244 de
509 1207 556 1246 iure
571 1207 687 1254 competit,
710 1208 733 1244 et
746 1206 892 1254 praeterhac
906 1210 955 1248 sta·

172 1291 174 1296 ·
204 1266 277 1306 tultnr
291 1270 314 1308 et
327 1269 460 1319 declaretur,
474 1272 556 1310 nemini
571 1271 637 1310 licere
645 1271 751 1310 inservire
765 1275 804 1310 ant
814 1272 918 1312 mistero
930 1273 956 1312 in

202 1333 351 1374 celebratione
370 1335 489 1376 literarum
504 1339 543 1376 aut
567 1337 690 1376 divinornm
708 1336 832 1376 oraclorum
850 1347 900 1376 curn
918 1347 956 1376 ro·

202 1399 284 1448 chetto‚
300 1411 370 1450 neque
385 1413 435 1442 oum
449 1405 510 1442 cotta
519 1403 616 1450 habente
630 1404 728 1442 manicae
738 1405 844 1450 manetes
854 1404 957 1444 adinstar

202 1464 310 1516 rechettl;
325 1470 347 1505 et
361 1467 418 1506 idem
432 1468 564 1508 servendum
578 1468 648 1507 estin
665 1467 813 1508 concionibus.
834 1468 956 1514 (Decretum

173 1577 175 1580 ¹
203 1529 223 1570 S.
238 1531 262 1573 R.
278 1529 299 1574 0.
314 1533 339 1572 ab
359 1533 439 1573 Urbano
458 1527 684 1584 VIIIsopprobatem.)
700 1554 725 1562 -
740 1534 850 1574 Diaconus
866 1537 888 1574 et
902 1535 955 1574 sub·

202 1595 307 1636 dleconus
322 1607 365 1636 non
385 1597 464 1637 debent
485 1599 589 1637 adiurare
608 1599 780 1646 celebraturum,
805 1599 856 1637 dum
878 1609 955 1638 sacras

200 1664 274 1702 vestes
286 1663 357 1702 induit
372 1663 401 1711 (S.
415 1663 440 1708 R.
455 1663 476 1706 0.
493 1663 525 1704 13.
542 1665 605 1704 June·
618 1663 697 1714 1676).
725 1663 820 1704 Possunt
836 1666 857 1702 et
872 1663 955 1702 debent

200 1727 262 1768 indul
276 1730 410 1778 paramentis
429 1731 498 1770 sacris
518 1731 542 1769 ln
557 1731 632 1770 eadem
645 1741 733 1778 mensa,
759 1730 781 1768 ln
803 1739 846 1777 qua
861 1729 954 1777 planeta

203 1795 238 1834 rel
252 1795 343 1844 pluviali
358 1805 381 1834 se
395 1795 467 1850 induit
480 1796 601 1845 celebrans,
622 1797 688 1835 etlam
703 1796 721 1834 si
735 1795 771 1835 hle
786 1795 814 1835 slt
829 1795 954 1836 (lenonieus

201 1863 222 1899 et
236 1861 347 1909 Dignitas,
375 1861 405 1911 (bl
421 1861 447 1902 R.
463 1862 485 1902 0.
501 1861 703 1910 retromeat.)

161 1923 184 1977 ¹)
202 1925 261 1974 Quae
275 1927 298 1966 ln
312 1929 378 1977 pleno
399 1929 531 1978 presbyterii
554 1940 569 1968 a
583 1929 653 1968 latere
667 1927 780 1977 llplstolee
793 1927 892 1976 paranda
907 1931 954 1976 ραις

200 1990 220 2030 sl
234 1991 276 2030 leel
291 1992 407 2041 dispositio
421 1993 537 2044 pelletur.
554 2021 560 2032 .
576 2020 581 2031 .
597 1994 674 2037 ,lineo
688 1993 775 2032 mantili
790 1993 871 2032 munde
886 2001 955 2040 snper

201 2059 285 2105 strato,
309 2068 377 2106 usque
392 2059 420 2098 ed
433 2063 517 2098 terram
538 2059 679 2099 circumelrea
700 2058 808 2106 pendente
822 2061 954 2108 contegetur

288 2123 316 2162 In
330 2125 399 2174 ipsius
413 2125 486 2164 medio
501 2122 616 2176 (ponetur)
631 2125 690 2164 calix
711 2135 761 2164 eum
774 2126 863 2174 patena,
884 2125 954 2174 palla,

199 2190 350 2239 purificatorio
375 2193 397 2230 et
422 2191 490 2231 bursa
513 2192 637 2241 corporalia
658 2193 780 2231 continens.
817 2191 875 2230 Item
896 2191 954 2230 liber

199 2253 371 2303 'evangeliorum
385 2259 407 2296 et
417 2257 572 2306 lipietolarum,
587 2259 659 2298 tectus
669 2257 738 2297 serico
749 2256 845 2296 eiusdem
864 2256 953 2306 coleris,

199 2330 243 2368 quo
258 2322 331 2360 cetera
343 2325 486 2372 paramenta,
508 2325 529 2361 et
551 2324 660 2372 quaedem
679 2322 724 2362 alia
745 2333 786 2372 pro
801 2321 953 2362 celebrationis

199 2387 332 2426 necessitate
355 2389 377 2426 et
397 2398 444 2431 usn.
477 2389 552 2438 anue
575 2389 648 2428 omnia
662 2389 817 2438 cooperiantur
836 2388 885 2428 velo
903 2388 952 2438 pul-

199 2452 288 2501 chrlorl,
303 2463 346 2502 quo
360 2454 394 2493 utl
407 2453 494 2494 debebit
509 2456 662 2504 subdiaconus,
679 2465 729 2494 curn
744 2457 848 2504 patenam
862 2456 953 2498 tenebit.

198 2519 274 2567 Neque
283 2530 344 2569 crux,
359 2531 430 2569 neque
440 2519 572 2561 Sanctorum
582 2521 689 2571 imagines
699 2522 721 2562 ln
731 2533 757 2561 ea
767 2523 880 2571 ponendae
889 2525 949 2562 sunt.

201 2584 299 2629 (Bebrio.
313 2595 358 2633 pose.
370 2585 432 2625 Mire.
445 2587 476 2629 tit.
488 2587 536 2630 XX.
545 2589 568 2626 et
580 2587 699 2627 Coeranon.
718 2587 786 2638 epae.
801 2588 836 2628 lib.
848 2588 867 2626 Ι.
882 2587 915 2632 12.
930 2601 950 2628 e.

199 2648 231 2689 19.
248 2650 280 2692 15.
295 2649 330 2693 22.
345 2650 391 2700 20.)

159 2711 181 2766 ¹)
197 2717 306 2757 Oantores
320 2727 364 2757 non
378 2721 472 2767 possunt
490 2719 513 2758 ln
533 2719 600 2760 choro
615 2721 713 2771 incipere
726 2720 846 2761 introitum
860 2722 950 2771 illusae,

199 2784 329 2833 priusquam
344 2785 446 2826 sacerdos
460 2786 488 2825 ed
502 2786 572 2826 altere
595 2790 699 2836 pervenit.
728 2787 755 2837 (8.
771 2788 796 2827 n.
812 2788 834 2828 G.
850 2789 882 2829 14.
896 2790 950 2840 Ape.

197 2847 268 2897 1758)
