2124 3230
148 131 191 176 m
319 135 352 176 ne
365 135 513 176 celebratione
526 135 563 178 88.
576 137 659 178 diluat
671 137 781 204 tactldoll.

169 236 204 307 (a)
222 235 314 292 Prima
322 236 415 292 Oratio
423 237 525 294 M'nae
543 238 661 307 voa'rae,
678 238 797 294 secunda
813 253 879 296 vero
893 229 951 294 offi-

223 308 257 362 cii
276 308 415 378 currentis,
434 308 525 378 (etiam
551 309 586 364 de
611 308 697 384 officio
721 311 813 365 votivo
836 311 953 367 recitato

223 394 257 434 ex
275 379 427 450 privilegio)
441 381 522 435 tertia
540 387 708 450 autemquae
718 381 824 436 aliunde
839 381 955 442 dicende

221 447 293 506 foret
315 449 432 506 secundo
456 450 516 506 loco
533 452 563 506 in
578 452 664 508 Missa
690 452 724 506 de
742 451 836 522 officio,
854 467 955 524 nempe

223 523 267 576 vel
292 529 403 578 octavae
428 523 472 578 vel
496 521 580 578 feriae
604 517 724 579 maioris'
739 523 772 593 (si
795 523 897 580 incidat
923 526 953 582 in

222 592 311 648 feriali
319 594 450 663 tempora)
470 594 514 648 vel
531 594 646 664 vigiliae,
656 596 699 649 vel
714 595 840 664 simplicis
858 612 953 651 occur-

223 665 315 734 rentis,
333 665 378 719 vel
395 665 424 720 A
441 666 551 734 candia
569 666 614 720 vel
632 667 685 721 alia
696 665 729 722 de
739 666 771 722 B.
790 666 828 721 Μ.
847 667 880 722 V.
899 683 953 738 pro

222 742 343 804 tempore
361 736 519 805 respective.

197 807 206 878 )
224 806 294 862 Vide
313 823 395 876 supra
412 821 474 876 pag.
493 810 554 862 277.

108 945 111 950 ⁴
181 879 204 949 c)
222 879 255 932 In
272 876 364 932 Missis
381 878 479 933 votivis
497 877 689 947 Apostolorum
707 895 799 935 omnes
810 879 954 938 Orationes

225 948 349 1003 dicunttu
374 955 405 1003 ut
431 965 514 1019 supra
538 949 602 1017 ada3
628 950 722 1005 sedin
740 951 884 1006 votivade
903 951 954 1012 SS.
1048 959 1049 980 ¹

223 1019 361 1090 Apostolis
379 1021 461 1076 Petro
480 1028 508 1076 et
524 1021 609 1076 Paulo
635 1037 688 1088 quo
715 1030 837 1090 tempore
855 1022 954 1080 dicitur

122 1114 123 1118 ,
225 1090 317 1145 Oratio
341 1091 369 1146 A
387 1093 496 1160 οιιιιοιιε,
520 1092 580 1147 loco
606 1092 664 1148 eius
690 1091 787 1148 dicitur
804 1093 898 1150 Oratio
918 1094 954 1150 de

225 1162 257 1218 B.
276 1162 314 1216 M.
331 1162 365 1218 V.
386 1161 505 1218 Oottcede
521 1179 579 1218 nos.

171 1231 198 1302 (d
226 1232 295 1288 Vide
313 1249 396 1301 supra
412 1249 474 1302 pag.
493 1235 555 1294 293.
579 1240 606 1290 ιι
623 1237 684 1292 294.

173 1303 198 1373 (e
226 1304 295 1360 Vide
314 1321 397 1373 supra
413 1321 476 1374 pag.
494 1308 555 1360 278.
671 1301 677 1317 ‘

179 1375 188 1446 (
230 1375 257 1430 S.
275 1376 309 1431 R.
329 1375 358 1434 O.
384 1375 427 1432 die
452 1379 496 1432 27.
514 1377 578 1432 Juni
598 1377 675 1435 1868.
699 1376 819 1446 generali
842 1375 953 1433 decreto

227 1447 327 1511 statuit,
345 1447 461 1518 „Missas
484 1447 670 1502 deitmctorum
694 1448 867 1504 celebrandas
891 1463 953 1504 esso

227 1520 334 1574 omnino
351 1519 380 1572 in
397 1520 560 1588 paramentis
577 1519 668 1589 nigris,
688 1519 756 1574 adeo
769 1526 810 1574 Ιιιι
831 1519 956 1576 violacea

226 1590 349 1645 adhiberi
372 1597 522 1660 nequeant,
547 1590 599 1645 nisi
625 1592 655 1645 in
678 1607 750 1660 casu,
778 1606 831 1658 quo
856 1589 900 1646 die
925 1593 953 1646 2.

225 1661 386 1716 Novembris
410 1661 457 1718 SS.
474 1661 661 1717 Eucharistiae
686 1661 886 1718 Sacramentum
903 1677 952 1730 pu-

226 1733 312 1788 blicae
330 1731 448 1787 fidelium
467 1733 616 1787 adorationi
634 1734 669 1788 sit
688 1733 840 1802 expositum
849 1747 899 1801 pro
909 1747 952 1788 so-

226 1803 308 1858 lemni
325 1804 492 1872 expositione
510 1803 686 1873 quadraginta
702 1803 856 1859 horarum“.

174 1873 211 1946 (g)
225 1875 277 1930 Ubi
290 1874 364 1930 feriis
374 1875 458 1930 sextis
465 1891 516 1944 per
529 1891 627 1930 annum
642 1875 772 1930 celebrari
790 1875 859 1930 solet
866 1873 953 1930 Missa

227 1945 260 2000 de
277 1945 408 2002 Passieno
425 1945 542 2016 Domini,
559 1946 689 2002 utendum
707 1953 749 2002 est
764 1945 854 2002 colore
867 1945 952 2000 riola-

174 2085 211 2156 (t)
224 2031 284 2142 geg
323 2016 363 2084 (a.
382 2017 416 2072 a.
438 2016 466 2074 c.
485 2017 650 2142 {effluant
666 2019 757 2086 nors.)

179 2157 208 2227 (i)
225 2101 294 2214 Plosl
312 2103 554 2229 sSllllltaupalliatam,
585 2167 649 2228 post
679 2158 822 2229 Graduale,
848 2157 952 2214 omissis

226 2228 343 2284 Alleluia
369 2237 397 2285 et
451 2247 514 2288 ersu
537 2231 675 2301 sequenti,
701 2230 798 2286 dicitur
823 2229 952 2286 Tractus:

228 2299 290 2370 Epo
309 2306 398 2356 ceam
414 2317 475 2356 eum
491 2304 589 2357 camut
607 2309 656 2356 etc.
675 2302 751 2356 utin
764 2301 873 2358 Missa
889 2316 953 2370 pro

227 2371 396 2428 Dioecesi
414 2373 646 2428 venetiarum
671 2373 857 2444 (Epredimt'ca’
872 2377 898 2426 et
914 2373 954 2426 ci·

228 2442 315 2511 dcte);
345 2451 467 2511 tempore
496 2445 633 2512 paschali:
666 2443 796 2514 Alleluia,
823 2443 953 2502 Alleluia.
1048 2463 1049 2468 ¹

229 2513 331 2567 Psalm.
344 2518 388 2568 29.
407 2515 531 2584 Domine,
549 2515 847 2570 nannetensem
860 2511 954 2569 e'atlcm

228 2583 341 2639 Missa
358 2600 421 2655 pro
444 2585 620 2642 Dioecesi
637 2586 875 2642 Venetiarum.
914 2583 954 2652 (S.

228 2655 263 2710 B.
286 2655 314 2710 O.
333 2659 376 2711 29.
394 2655 475 2712 Febr.
494 2660 585 2726 1868.)
1047 2691 1049 2720 ι

177 2723 214 2795 (k)
227 2725 260 2780 In
275 2725 362 2782 Missa
379 2728 471 2784 votiva
495 2728 527 2783 de
546 2729 578 2784 B.
596 2729 634 2784 M.
662 2744 765 2796 seraper
789 2724 956 2784 adhibendus

230 2803 273 2857 est
290 2798 364 2853 color
382 2797 459 2854 aldus
479 2799 519 2866 (S.
537 2799 573 2858 R.
595 2800 872 2869 G.18.Dec.1779.);
890 2815 955 2854 nun·
1047 2837 1049 2890 ι
