2106 3228
236 174 330 214 dstorlno
347 171 522 212 nonnullarum
536 170 708 210 meditationum.
849 163 876 208 25

100 267 177 348 ritum,
201 272 289 342 idest,
312 288 416 328 mores
438 278 467 325 et
486 271 598 326 virtutes
616 271 683 326 iesu
702 269 815 339 Christi,
846 275 876 324 ut

100 346 159 421 luxti
173 341 314 410 Apostolum
333 346 372 413 (2.
395 344 462 398 Cor.
482 344 519 408 4.)
545 343 573 394 in
597 342 654 397 eius
673 357 752 396 earne
770 341 876 396 mortuli

97 417 141 464 utu
162 411 250 468 Christi
271 415 481 482 manifestetur,
511 428 628 480 vereque
657 413 744 468 dicere
775 413 874 480 possit:

97 480 153 616 (ἷὲἒο
167 491 248 623 {sptem
264 489 319 540 iarn
336 501 398 540 non
414 501 473 555 epo,
491 485 557 538 vivit
573 486 679 538 veroin
694 501 735 538 ine
746 483 875 538 aarum

123 623 249 682 lilinum
266 643 341 697 vero,
362 645 411 682 eur
431 625 585 681 sacerdotes
603 626 704 694 passim
721 640 776 679 non
790 622 876 692 expri-

95 703 155 748 nmt
169 699 245 752 vitam
264 699 375 767 Christi,
403 699 473 751 haec
491 705 540 765 est,
566 697 637 766 quod
655 697 740 752 secuti
758 695 876 762 regulum

94 763 196 838 alenam,
215 772 310 838 earnis,
330 768 432 837 mundi,
451 769 563 837 peccati,
577 785 678 838 sensus,
695 781 832 824 sermones
851 773 878 820 et

94 843 155 893 attus
171 857 222 894 non
240 841 359 910 dirigant
376 839 524 895 secundum
542 856 692 894 mensuram
709 839 780 892 illius
800 851 877 904 regu·

91 905 133 976 lae,
150 926 198 978 qun
214 929 324 967 mensus
344 920 387 966 est
404 912 457 964 illis
475 911 549 965 Deus
568 912 602 980 (2.
620 910 757 979 Cor.10.),
781 907 877 962 defleo·

91 984 172 1051 tentes,
190 991 218 1037 ut
234 984 302 1038 muli
320 984 432 1051 tirones,
465 983 636 1051 aproposito
656 982 706 1036 sibi
723 987 876 1050 prototypo.

120 1051 162 1106 lll.
178 1054 284 1122 Regula
297 1054 405 1122 Christi,
424 1053 511 1122 prima
527 1053 615 1108 fronte
635 1069 732 1122 amara,
751 1069 802 1106 usu
820 1051 876 1104 dul-

90 1123 172 1193 cescit,
196 1135 236 1182 est
262 1127 336 1180 enim
363 1127 457 1193 iugum
482 1140 563 1180 suave
589 1133 616 1180 et
641 1141 708 1180 onus
733 1125 801 1178 leve.
837 1121 877 1175 aa

91 1194 226 1272 quicunqne
243 1199 318 1251 hane
335 1197 466 1266 reputans·
484 1198 568 1250 secati
581 1197 699 1266 suerint,
718 1211 780 1264 pan
797 1208 878 1262 saper

89 1263 142 1317 tiles
157 1273 180 1320 a
196 1268 393 1323 misericordia.
423 1266 492 1336 (Gal.
510 1268 545 1336 6.)

117 1361 213 1412 Exemplo
227 1363 248 1404 8.
264 1365 341 1405 Osroli
355 1363 486 1416 Borromuei
504 1363 601 1412 quotidie
614 1363 664 1412 lego
685 1364 752 1410 capus
771 1361 793 1401 S.
806 1361 877 1400 umn-

88 1424 138 1475 ssth'l.
152 1430 207 1475 quod
220 1431 256 1470 ille
271 1431 372 1470 faciebat
386 1429 443 1468 dexo
458 1439 515 1477 genu
529 1433 551 1468 et
565 1430 651 1468 detecto
665 1428 745 1476 capite.

129 1557 375 1612 sommantio:
403 1556 448 1610 De
462 1557 582 1624 perfecta
600 1554 834 1609 administratione

354 1641 599 1695 Saeramentoram.

123 1747 153 1788 sa
166 1762 201 1789 aas
213 1753 315 1790 eatstimet
328 1751 388 1789 homo
402 1751 425 1787 ut
437 1749 541 1787 ministros
555 1748 639 1797 Christi,
653 1751 672 1786 et
686 1747 838 1796 dispensatores

134 1819 273 1864 mpsiers’orsns
287 1817 334 1855 Dei.
364 1815 409 1853 Hie
427 1815 468 1852 tan
483 1816 588 1862 quaeritur
602 1816 656 1852 inter
671 1814 822 1862 dispensatores

239 1886 262 1921 st
273 1882 349 1933 fidelis
365 1881 413 1930 puts
426 1881 549 1923 inueniatur.
573 1877 601 1931 (l.
616 1879 663 1922 cor.
678 1875 709 1927 4.)

119 1971 138 2026 l.
155 1973 335 2043 Dispensator
352 1971 441 2025 fidelis
458 1971 487 2023 in
498 1986 597 2039 genere
616 1977 664 2039 est,
685 1969 729 2037 qui
747 1985 801 2024 non
818 1969 877 2024 mit·

91 2040 119 2093 tit
130 2047 291 2114 marparitas
303 2048 367 2096 ante
377 2059 484 2110 porcos,
503 2059 552 2096 nec
568 2042 614 2096 dut
631 2046 753 2096 sannam
766 2041 878 2095 candus

91 2111 184 2177 (llattln
203 2116 256 2186 7.);
283 2116 330 2182 qui
347 2114 423 2167 videt
440 2114 621 2182 ministerium,
649 2112 721 2180 quod
740 2112 878 2180 accepite

91 2180 205 2254 Domino,
234 2185 351 2242 utillud
369 2181 481 2252 impleat
506 2185 604 2254 (Coloe.
623 2185 675 2251 4.);
701 2184 746 2252 qui
763 2189 878 2237 nonest

91 2253 169 2312 similis
188 2273 274 2326 aquae
293 2256 462 2325 baptismali,
488 2264 599 2323 peecata
619 2255 814 2323 baptizatorum
839 2253 877 2306 di-

88 2323 168 2396 luenti,
187 2345 288 2397 eosque
308 2327 426 2382 mittenti
445 2326 479 2380 ad
491 2328 602 2394 eoelum,
622 2326 758 2393 cumipse
775 2332 838 2394 post
849 2326 878 2378 iu

89 2395 193 2452 eloacam
212 2399 368 2455 descendat.
397 2397 437 2466 (S.
458 2397 536 2466 Grep.
555 2399 662 2468 Mapn.)

116 2467 147 2524 ll.
164 2470 345 2540 Dispensator
358 2468 446 2524 fidelis
455 2469 641 2525 Eucharistiae
660 2471 683 2523 is
702 2475 751 2536 est,
771 2468 817 2534 qui
827 2467 876 2520 lin·

87 2543 132 2608 tea,
154 2558 226 2610 rasa,
252 2540 436 2610 tabernacula,
463 2540 595 2594 Dominici
613 2540 739 2608 Corporis
756 2545 877 2606 receptu·

88 2610 139 2664 erile
154 2613 280 2681 religiose
299 2611 433 2679 eustodit3
460 2612 504 2679 qui
524 2611 558 2666 sd
577 2612 754 2679 sumptionem
771 2609 877 2663 Eucha-

86 2680 168 2737 ristiae
177 2685 307 2753 purvulos
322 2698 436 2750 capuces
447 2682 534 2736 erudit
552 2690 579 2736 et
594 2687 752 2750 praeperat;
771 2679 877 2734 adultos

88 2751 159 2808 rudes
176 2755 294 2824 instruit,
313 2753 459 2810 obliviosos
475 2753 684 2820 commonefacit,
703 2750 795 2805 tardos
808 2766 878 2802 eom·

87 2823 161 2896 pellit,
180 2826 307 2896 indignos
324 2824 440 2894 repellit,
458 2826 591 2878 neminem
608 2823 727 2892 negligit.

723 2907 776 2961 μ*
