2146 3234
149 163 190 208 662
304 168 338 208 De
349 167 483 217 quibusdam,
494 165 545 206 allts
558 165 700 206 emendatam
711 164 796 208 cistella

150 285 210 324 rum
228 267 363 336 exsequiis
388 267 427 324 uti
452 268 529 338 solet,
555 274 693 335 tamquam
718 281 785 322 vera
810 265 952 334 religionis

150 340 278 410 mysteria
295 339 509 406 christianaeque
533 339 642 407 pictatis
667 337 759 406 signa,
787 343 816 392 et
831 335 952 394 fidelium
1050 383 1055 394 ,

151 416 317 466 mortuorum
345 411 520 466 saluberrima
552 409 680 477 suffragia
705 409 818 478 parochi
846 425 952 466 summo

152 482 241 538 studio
260 497 369 537 servare
387 481 493 550 debent,
513 487 594 548 atque
612 497 663 536 usu
680 481 805 536 rainere.

185 557 210 609 2.
238 553 288 608 His
306 553 397 621 itaque
415 552 599 622 praestandis,
618 567 672 620 qua
689 567 739 620 par
757 557 799 607 est
817 550 953 607 modestia

150 639 183 680 ac
201 623 359 693 devcuone,
386 625 425 679 ita
442 638 472 679 se
489 623 635 692 habebunt,
662 629 694 677 ut
712 621 746 676 ad
765 620 953 678 defunctorum

150 695 272 764 salutem,
292 695 423 764 simulque
437 694 472 750 ad
484 695 607 749 vivorum
622 694 760 763 pietatem,
779 693 953 761 quemadmo-

152 766 214 821 dum
233 781 297 822 vere
315 773 385 836 sunt,
412 781 467 820 nou
492 765 527 820 ad
551 769 701 835 quaestum,
728 763 859 820 ummocli
882 765 954 821 ritus

149 838 235 894 sancti
250 837 366 893 insimul
383 851 443 893 assa
459 836 611 894 adeantur.

186 911 212 963 3.
245 909 354 963 Nullum
373 925 469 978 corpus
487 908 643 976 sepeliatur,
660 906 819 976 praesertim
837 907 860 961 si
878 919 953 963 mors

151 980 293 1048 repentina
309 979 404 1049 iuuerit,
431 979 483 1035 nisi
500 985 564 1048 post
587 978 706 1034 debitum
722 978 852 1046 temporis
869 977 953 1033 inter-

61 1105 65 1117 ,
150 1051 258 1120 vallum,
277 1057 307 1104 ut
324 1050 413 1106 nullus
432 1051 539 1106 omnino
562 1049 596 1105 de
613 1058 700 1106 morte
717 1049 885 1117 relinquatur
903 1048 952 1104 du·

149 1121 515 1260 bltfdeiiffisantiquissimi
529 1199 571 1248 est
587 1145 711 1259 maaianai,
727 1189 802 1260 illud,
821 1196 953 1258 quantum

151 1261 336 1332 reciperarit,
354 1265 510 1331 retineatur,
528 1270 560 1318 ut
572 1263 658 1318 Missa
674 1269 818 1330 praesente
836 1276 952 1331 corpora

148 1332 277 1460 afflicti.
297 1350 347 1404 pro
375 1350 407 1390 eo
436 1334 598 1404 celebretur,
627 1339 770 1401 antequam
794 1333 952 1402 sepulturae

164 1503 166 1508 ,
185 1477 210 1531 ὅ.
230 1475 336 1546 Siquis
355 1474 398 1531 die
411 1474 481 1533 sesto
496 1476 532 1532 sit
544 1473 722 1545 sepeliendus,
740 1472 826 1530 Missa
838 1475 952 1544 propria
1031 1493 1035 1502 ·

149 1563 199 1616 pro
218 1547 358 1618 defunctis,
377 1553 519 1615 praesente
538 1560 660 1616 corpore,
685 1545 816 1601 celebrari
833 1547 951 1616 poterit3

149 1618 212 1674 dum
238 1626 328 1674 umen
355 1618 538 1674 conventualis
563 1617 650 1674 Missa
677 1623 705 1672 et
735 1615 828 1672 Officia
858 1616 952 1672 divina

148 1706 203 1817 agn
229 1685 425 1762 impediantur,
457 1703 607 1758 magnaque
641 1688 695 1743 diei
725 1687 868 1744 celebritas
894 1705 951 1744 ncn

149 1769 246 1819 ottob.

186 1835 212 1890 6.
231 1833 351 1889 caveant
369 1832 476 1887 omuino
494 1830 607 1900 parochi
620 1829 719 1897 aliique
734 1828 897 1899 racematus,
915 1845 951 1886 ne

150 1905 305 1974 sepulturae
332 1904 376 1959 vel
401 1904 588 1972 exsequimur
612 1916 661 1956 seu
685 1901 861 1956 anniversarii
878 1917 950 1956 mor·

149 1981 257 2030 tuorum
274 1974 356 2030 officii
373 1989 455 2030 causa
472 1973 617 2042 quidquam
633 1972 811 2042 paciscantur,
829 1978 877 2027 aut
889 1979 949 2027 tau·

149 2061 229 2114 quam
245 2047 362 2114 pretium
379 2046 504 2114 exigam
522 2044 570 2100 sed
587 2044 621 2099 iis
639 2043 815 2112 eleemosynis
828 2045 950 2098 ocnoeuti

148 2117 210 2184 sint,
228 2132 298 2184 qnae
317 2123 364 2172 aut
382 2117 498 2186 probata
510 2114 700 2172 consuetudine
715 2113 774 2168 dari
787 2114 883 2182 solent,
901 2122 950 2170 aut

149 2186 306 2244 ordinarius
324 2189 499 2244 constituerit.
531 2187 627 2256 Neque
641 2185 805 2310 permittunt³
822 2193 853 2240 ut
865 2185 951 2253 pallia

149 2264 197 2313 aut
214 2259 267 2313 alia
292 2260 384 2316 altams
410 2265 567 2314 ornamenta
591 2257 626 2312 ed
651 2263 773 2312 ornatum
802 2257 883 2312 eretri
901 2257 949 2312 vel

148 2330 255 2384 tumbae
274 2330 459 2386 adhibeantur.

184 2403 210 2459 7.
240 2401 306 2455 Cum
324 2409 414 2456 autem
433 2399 609 2468 antiquissimi
625 2399 693 2454 ritus
712 2397 887 2454 eudesiastici
904 2398 948 2468 sit,

149 2485 243 2527 cereos
262 2486 388 2528 accensos
415 2473 443 2526 in
461 2472 596 2539 exsequiis
624 2477 652 2526 et
675 2469 814 2524 &neribus
833 2467 948 2539 deferre,

148 2550 262 2604 careant
279 2544 357 2612 item,
385 2558 419 2598 ne
444 2541 575 2599 eiusmodi
597 2543 665 2598 ritus
683 2541 835 2610 omittatur,
863 2555 895 2596 ac
912 2556 948 2596 ue

149 2613 214 2680 quid
231 2629 313 2670 avare
331 2619 378 2670 aut
394 2614 503 2682 indigns
520 2615 549 2668 in
566 2627 599 2668 eo
618 2613 804 2668 committatur.

183 2685 210 2738 8.
225 2721 229 2728 -
242 2684 380 2752 Paupcres
398 2700 473 2754 vero,
498 2684 595 2753 quibus
613 2686 725 2740 mortuis
742 2682 817 2751 nihil,
844 2681 949 2738 autito

148 2769 243 2821 parum
261 2762 398 2824 superest,
425 2761 456 2810 ut
480 2756 598 2825 propriis
619 2754 747 2824 impensis
770 2753 876 2808 humari
892 2767 949 2808 nou

150 2825 262 2896 possint,
281 2825 365 2894 gratis
379 2827 485 2882 omnino
499 2826 676 2896 sepeliantur3
694 2841 726 2882 ac
744 2824 835 2880 debita
847 2823 948 2880 lumina
