2130 3242
915 103 919 117 '
941 113 951 152 r

163 191 205 237 Μ
338 195 371 234 De
384 193 578 238 armamentorum
589 195 788 239 administratione.

164 296 306 358 ministrati
319 297 491 358 reiteratione
503 303 670 355 nontantum
678 296 870 366 sacerdos,·sad
882 298 930 358 etii

165 367 277 435 quilibet
294 367 362 422 alius
388 367 481 424 sedulo
507 369 559 422 sibi
581 375 685 436 caveat,
713 383 773 422 cum
797 385 851 427 uon
876 369 935 427 solu

164 453 272 494 enorme
286 439 454 508 saerilegium
467 441 682 508 committerem,
700 454 794 494 verum
809 441 889 496 etiam
906 449 943 496 tut

165 510 199 566 ab
224 525 265 580 eo,
289 511 336 578 qui
358 511 481 566 absolute
506 518 534 566 et
557 511 663 578 publica
688 510 845 579 rebaptizat,
870 519 928 567 tum

165 581 281 638 scienter
299 587 327 636 et
336 582 489 638 solemniter
497 582 664 650 rebaptizato
677 582 861 649 irregularitas
874 583 952 641 iustu

163 659 278 719 reretur,
296 651 376 708 modo
393 669 449 708 non
466 660 626 708 excusentur
644 668 679 710 ex
696 653 854 720 ignorantia.
886 653 963 710 Atta·

164 739 234 792 men,
254 725 277 778 si
294 725 447 792 Baptismus
471 724 505 778 ab
523 724 719 792 obstetricibus,
744 725 789 778 vel
813 725 873 782 aliis
898 725 966 784 viris

164 802 212 855 aut
229 794 333 850 feminis
351 796 380 849 in
396 796 556 852 necessitate
573 795 655 850 fuerit
672 795 792 863 collatus,
810 797 965 864 rigorosmn

165 881 277 923 examen
289 867 412 922 instituat
424 867 568 934 parochus,
586 874 749 928 straveram
762 867 895 923 rationem
908 869 966 924 exi-

164 945 211 1006 gat
228 937 261 991 de
280 938 374 1004 quavis
397 944 475 1005 parte
501 945 528 992 et
552 937 833 1006 quoibersbaptismo
860 939 895 993 ab
921 940 966 996 his

164 1009 287 1077 personis
305 1009 500 1078 minisnam1);
524 1009 589 1064 lieet
605 1009 675 1064 enim
700 1008 830 1066 eiusmodi
846 1009 965 1066 feminae

164 1079 231 1134 alias
250 1080 315 1134 satis
332 1078 425 1134 fideles
445 1087 472 1134 et
489 1080 574 1150 probe
590 1080 735 1139 inshuctae
754 1081 815 1150 sint,
832 1079 914 1136 facile
923 1089 965 1138 ta·

164 1164 226 1206 men
243 1151 377 1217 repentini
394 1165 473 1206 casus
490 1151 606 1206 tumultu
622 1158 817 1219 consternatae,
843 1160 891 1208 aut
915 1168 963 1222 pe-

163 1221 426 1276 riculisollicitudine
444 1223 592 1292 perplexae
606 1221 761 1290 redduntur,
780 1229 834 1290 aut,
853 1238 888 1280 ne
913 1240 964 1294 pro

135 1337 137 1341 .
163 1292 294 1360 imperitis
311 1293 464 1348 habeantur
480 1301 507 1348 et
526 1293 651 1362 deinceps
669 1293 703 1348 ab
718 1293 803 1349 officio
818 1295 962 1352 excludan-

163 1369 217 1432 tur,
235 1379 341 1420 errores
359 1365 514 1420 commissos
531 1371 639 1433 tegunt3
657 1365 719 1418 hinc
738 1366 761 1420 si
777 1366 807 1420 in
819 1364 898 1422 (lictis
915 1382 963 1422 va·

165 1433 263 1504 oillent,
289 1443 336 1490 aut
360 1434 411 1491 sibi
433 1452 487 1490 non
510 1436 565 1490 sint
586 1441 750 1504 constantes,
775 1451 826 1490 nec
853 1437 964 1492 accedat

1040 93 1046 126 i

163 1507 344 1562 testimonium
361 1508 522 1576 personae2)
540 1506 593 1562 tide
612 1507 716 1575 menae,
735 1507 962 1576 quaeBaptismo

164 1578 262 1634 collato
280 1578 372 1646 astitit,
399 1585 445 1632 aut
470 1578 544 1632 aliud
559 1578 678 1646 prudens
696 1578 805 1634 dubium
822 1586 850 1634 et
865 1579 963 1647 proba·

163 1649 225 1706 bilis
242 1650 311 1706 ratio
330 1649 478 1718 meaverit,
497 1650 546 1704 sub
565 1649 715 1706 conditione
728 1649 892 1717 repetendus
911 1651 962 1706 erit

164 1719 326 1790 Baptismus
346 1720 394 1790 „Si
412 1719 445 1774 de
465 1721 598 1788 aliquibus
612 1719 720 1775 dubium
735 1729 783 1789 est,
802 1727 893 1777 utrum
911 1723 963 1781 sint

163 1792 301 1862 baptizati,
321 1793 422 1860 absque
441 1792 495 1846 ullo
519 1792 643 1860 scrupulo
667 1791 843 1861 baptizentur,
862 1793 905 1848 his
923 1802 963 1848 ta·

164 1877 226 1920 men
250 1864 340 1921 verbis
364 1863 532 1932 praemissis:
561 1879 616 1919 non
643 1869 671 1919 te
695 1863 843 1932 rebaptizo,
869 1862 964 1920 sedai

219 2017 278 2065 (Μ.
287 2013 419 2067 tlt-tut.)
428 2016 461 2060 eri
470 2015 531 2056 Bona
542 2013 602 2058 liti.
610 2035 632 2046 -·
638 2016 671 2056 De
680 2013 733 2066 syn.
739 2015 807 2058 dioec.
816 2015 854 2058 lib.
862 2012 883 2056 8.
892 2011 964 2066 cap&

219 2081 241 2119 et
255 2077 275 2118 6.
287 2100 309 2108 -
321 2081 341 2136 ,⁸-
356 2081 404 2128 Ing.
419 2081 485 2124 theol
500 2091 554 2124 mor.
568 2081 606 2128 lib,
616 2078 736 2125 hta-acti.
748 2091 771 2124 u.
782 2076 830 2120 186.
845 2082 868 2122 et
882 2077 929 2126 las.
938 2100 961 2112 -

217 2146 339 2188 Imtrnctto
353 2148 472 2196 pastoralis
482 2147 635 2198 mutuantis
644 2148 679 2188 tit.
689 2147 720 2188 ΙΙ.
731 2157 779 2198 cap.
786 2146 816 2188 11.
827 2145 845 2198 ἦ.
856 2143 875 2190 i.
884 2147 963 2190 llum

218 2212 386 2255 Pastorotbtatt.
400 2225 421 2258 a.
441 2209 501 2256 1864.
521 2225 580 2256 nuru.
595 2209 615 2254 7.
637 2214 717 2256 Archiv
731 2214 767 2254 fiir
780 2213 843 2257 katb.
857 2215 963 2256 Kirohen·

218 2277 280 2318 recht
294 2281 346 2321 tom.
361 2275 393 2324 14,
401 2291 450 2330 pag.
461 2277 494 2324 tt,
505 2283 527 2320 et
541 2281 625 2322 Kblner
635 2279 795 2322 Pastoralblatt
809 2275 869 2322 186⁷.
879 2289 937 2320 num.
944 2275 963 2323 l.

183 2339 205 2392 1)
221 2343 285 2382 Prius
299 2343 439 2384 obstetricem
447 2346 523 2396 ipsam,
539 2345 615 2386 deinde
625 2346 692 2385 testes
701 2347 823 2396 separatim
833 2346 963 2394 interroget:

218 2406 247 2458 1⁰,
262 2419 291 2448 an
305 2419 363 2458 aqua
376 2410 443 2450 tuerit
462 2413 580 2464 naturalis3
603 2407 632 2461 2⁰,
652 2422 681 2451 an
701 2411 723 2452 in
742 2413 867 2462 quantitate
886 2412 964 2452 suffici-

219 2476 278 2526 entl;
292 2473 321 2526 8⁰,
345 2486 373 2516 an
388 2479 454 2527 caput
474 2479 561 2519 aliudve
580 2479 700 2540 membrum
719 2478 819 2519 ablutum
839 2479 917 2529 fuerin
936 2475 963 2530 4⁰,

219 2551 247 2581 an
262 2551 320 2590 aqna
332 2542 432 2590 tetigerit
445 2545 517 2583 cutem
530 2543 564 2582 vel
573 2543 708 2583 solummodo
722 2544 794 2584 crines
803 2556 808 2593 ;
817 2539 853 2593 bb,
868 2555 897 2584 an
910 2543 963 2584 nibli

218 2609 241 2647 ln
262 2608 334 2647 forma
352 2609 419 2652 tuerit
438 2609 556 2658 omissam
579 2606 609 2658 6⁰,
631 2621 660 2650 aa
682 2609 750 2652 rerba
772 2610 861 2658 prolata
884 2611 964 2650 inerint

217 2675 317 2727 tempore
331 2673 451 2714 ablutionis
466 2676 488 2713 et
500 2675 530 2714 ab
543 2674 619 2715 eodem
632 2675 688 2724 ipso,
703 2675 741 2724 qni
753 2684 834 2727 equam
847 2675 934 2720 lambit.

184 2735 206 2790 ²)
221 2740 255 2780 Ad
272 2741 410 2790 probandum
430 2740 527 2780 validum
546 2737 683 2790 Baptismum
702 2742 783 2782 sufficit
803 2753 860 2786 unus
878 2743 921 2786 nde
933 2741 963 2788 di·

218 2815 282 2856 snus,
297 2803 480 2855 s.o.e.17m,;
501 2806 581 2850 amaa
594 2807 656 2850 xlv.
673 2807 781 2850 locauit
802 2807 823 2854 8.
839 2819 895 2852 um.
909 2807 929 2856 a
942 2811 963 2850 ab

173 2885 177 2892 ·
218 2871 282 2914 aaa
295 2871 400 2914 Poenos
413 2883 482 2918 measa
496 2872 518 2912 d.
533 2872 554 2912 ci.
567 2871 603 2918 28.
617 2873 679 2914 secr.
692 2872 752 2918 1747.
