2106 3228
148 214 152 225 ‘
253 215 360 258 Materiae
372 213 534 256 nonnullarum
546 215 717 260 meditationum.
859 212 886 258 47

106 313 211 384 adami,
230 323 257 371 11
267 317 436 386 Sanguinem
453 316 611 385 testamenti,
629 318 657 370 in
671 333 724 384 quo
739 317 886 376 sanetifica-

105 392 139 440 tos
155 395 200 457 est,
217 389 349 456 pollutum
368 388 455 442 duxit.
474 387 563 456 (Hebr.
584 388 635 458 10.)
668 388 740 444 Vere
760 391 831 458 apud
848 399 886 464 te,

105 455 201 512 Domine
212 460 230 513 J
230 475 285 528 esu,
299 457 494 528 misericordia,
510 460 554 528 qui
567 475 621 513 non
633 459 778 514 secundum
791 462 886 530 iniqui-

104 532 161 584 tates
173 537 274 586 nostras
283 529 514 586 retribuisnobisl
532 531 619 585 Doleo
634 538 662 584 et
676 530 781 601 dolebo,
796 547 886 600 qnam·

104 597 142 652 diu
156 600 235 671 icero,
254 602 327 670 quod
340 618 392 671 per
406 601 519 670 gratiam
535 609 609 657 taam
631 609 772 670 apeccato
790 603 886 659 libera-

103 673 146 738 tos,
161 689 210 726 non
228 675 350 728 steterim
367 675 397 727 in
411 689 444 728 ea
455 672 587 744 libertate,
607 689 661 741 qua
680 689 723 727 me
737 674 886 730 misericor-

103 739 161 796 diter
176 743 332 815 donaveras,
352 743 401 799 sed
418 760 461 798 me
479 745 575 799 iterum
591 745 655 812 iugo
668 746 805 801 servitutis
824 762 886 801 con-

102 811 168 867 tineri
184 817 319 871 multoties
336 832 435 884 passus
454 816 511 873 sim.
534 817 619 870 Parce
632 817 706 886 mihi,
724 817 795 871 bone
810 817 886 890 Jesu,

103 889 126 936 et
139 884 321 956 Redemptoris
347 888 401 940 mei
425 895 516 955 partes
538 903 593 941 non
618 887 725 942 desinas
743 889 884 945 sustinere.

100 953 161 1011 Ecce
176 959 203 1012 in
219 959 344 1014 manibus
362 959 416 1012 tuis
435 958 599 1026 descripsisti
616 974 674 1028 me;
692 960 752 1028 lege
771 961 884 1030 scriptu·

100 1040 155 1095 ram,
172 1037 198 1082 11
214 1030 288 1086 salve
306 1045 360 1084 me.
393 1027 429 1098 (S.
447 1030 529 1099 Aug.)

128 1098 171 1154 Ill.
195 1101 242 1156 Ad
266 1101 337 1170 qaid
358 1099 452 1154 omit?
491 1101 526 1156 Ut
548 1101 582 1155 de
603 1117 688 1154 moror
713 1103 883 1158 inimicorum

99 1171 194 1224 dromon
211 1173 351 1239 toleratus,
370 1173 471 1226 seratas
483 1173 527 1226 illc·
542 1174 573 1226 iro
584 1173 727 1226 sorditate
742 1179 767 1228 et
776 1176 883 1230 1111111111

99 1243 208 1296 mordas
224 1244 322 1298 diebus
340 1245 402 1296 teis.
422 1243 495 1312 (lluc.
512 1243 546 1312 1.)
582 1244 748 1298 Aestimate
765 1245 882 1316 beatum,

98 1311 160 1376 quod
176 1313 270 1383 dignus
287 1314 399 1368 habitus
413 1315 458 1382 sis,
477 1315 523 1382 qui
541 1320 617 1370 tanto
635 1321 662 1368 et
673 1322 729 1369 tam
742 1316 812 1371 bono
827 1333 883 1371 ser·

97 1382 158 1438 vires
173 1385 307 1455 Domin03
329 1386 430 1441 servire
449 1387 518 1439 anim
535 1385 574 1439 illi
586 1401 700 1454 regnare
714 1393 763 1445 est
796 1388 883 1442 Sacri-

97 1449 140 1507 fica
156 1457 180 1509 ei
193 1458 312 1512 hostiam
330 1457 418 1510 laudis
442 1457 477 1510 ob
494 1464 602 1511 tuorum
626 1457 805 1526 diruptionem
824 1461 883 1515 vin.

97 1525 210 1597 enorum,
225 1529 280 1597 (Ps.
292 1530 367 1595 115.)
379 1535 531 1596 stravere
542 1527 684 1595 aliquando
694 1536 805 1596 peccato
819 1547 881 1584 con·

97 1599 191 1668 rondes,
202 1600 282 1666 (Tob.
292 1599 330 1669 4.)
345 1599 408 1667 quia
418 1601 510 1668 omnis,
524 1601 569 1666 qui
583 1599 647 1654 facit
659 1607 807 1669 peecatum,
826 1615 881 1655 ser-

96 1679 137 1746 yus
153 1678 193 1724 est
209 1671 329 1740 peccati3
360 1686 454 1725 servus
472 1677 561 1724 antem
578 1686 632 1724 non
649 1678 741 1726 manet
756 1671 785 1724 in
802 1671 882 1726 domo

95 1751 118 1790 m
133 1749 273 1796 aeternum,
300 1743 389 1812 (Joan.
408 1741 451 1811 8.)
479 1743 511 1795 In
535 1742 616 1796 corde
643 1749 670 1796 11
694 1743 722 1794 in
746 1757 793 1796 ore
810 1743 882 1796 istud

96 1822 188 1879 semper
203 1814 291 1868 habe:
318 1813 389 1866 malo
406 1813 482 1882 mori,
510 1828 590 1880 quam
606 1812 719 1867 focdari.
757 1813 835 1880 Quod
851 1821 882 1869 ut

94 1893 216 1950 nmquam
233 1885 285 1940 tibi
303 1885 447 1953 contingat,
466 1880 514 1938 dic'
525 1884 681 1952 frequenter
693 1883 880 1954 Redemptori:

97 1950 160 2008 licus
176 1972 235 2010 sam
254 1968 312 2026 epa,
340 1955 445 2009 saleuco
462 1971 503 2009 me
517 1957 573 2024 foe,
592 1956 647 2024 (ΡΒ.
663 1957 734 2024 118.)
759 1958 804 2011 vel
822 1973 882 2010 cum

95 2019 117 2074 S.
130 2025 267 2083 Anselmo:
287 2027 311 2081 Ο
330 2027 406 2096 lesu,
425 2033 483 2082 esto
500 2028 565 2081 mihi
583 2028 673 2096 Jesus,
692 2034 719 2081 et
737 2028 813 2084 salva
829 2043 881 2083 me.

149 2206 196 2264 48.
213 2207 400 2260 meditatio:
418 2205 499 2261 Jesus
515 2204 640 2260 sacerdos
658 2209 683 2259 11
700 2205 818 2260 victima.

122 2311 141 2366 Ι.
166 2315 232 2384 Quos
250 2313 347 2369 osolt?
382 2313 503 2368 Christus
531 2315 627 2382 Jesus,
655 2313 726 2366 idem
751 2311 829 2368 simul
854 2319 882 2366 et

95 2385 208 2441 sacerdos
227 2394 256 2441 et
272 2387 372 2454 hostia,
399 2384 524 2438 sacerdos
542 2390 631 2438 aretem
648 2399 770 2453 mopsus,
798 2387 882 2437 aster·

94 2466 145 2522 ass,
153 2459 301 2524 perfectus,
320 2463 345 2510 et
363 2457 490 2510 excelsior
506 2457 585 2510 coelis
596 2456 697 2522 factos,
713 2455 803 2509 hostia
814 2469 881 2508 vero

95 2535 182 2596 sancta,
200 2530 305 2598 vivens,
330 2527 477 2596 impolluta,
504 2533 531 2581 et
548 2527 607 2580 Deo
625 2527 806 2593 maximopere
824 2526 881 2593 pla-

95 2609 156 2651 teas.
183 2600 296 2654 Honora
314 2605 341 2654 et
360 2599 440 2668 dilige
457 2605 560 2652 tantum
577 2597 651 2652 illum
670 2595 836 2652 sacerdotem
853 2596 882 2670 in

94 2669 143 2720 tota
159 2670 258 2725 virtute
277 2678 305 2725 et
323 2671 411 2723 anima
427 2677 490 2738 tua;
517 2669 599 2736 (Eccl.
614 2669 649 2738 7.)
678 2675 705 2721 11
723 2665 805 2720 divini
824 2667 881 2720 eius

95 2740 227 2796 sacerdotii
244 2741 332 2796 factus
345 2741 481 2810 particeps
495 2741 614 2807 obsecre,
632 2747 663 2793 ut
679 2737 727 2792 fiat
742 2739 770 2791 in
788 2744 815 2791 11
834 2735 882 2790 du-

95 2807 150 2873 plex
166 2813 275 2880 spiritus
293 2813 372 2867 illius.
393 2812 428 2882 (4.
440 2813 508 2880 Reg.
519 2812 554 2881 2.)
591 2809 671 2878 Quod
687 2815 718 2862 ut
736 2821 883 2872 consequa-

95 2878 134 2950 ris,
149 2881 289 2953 interpono
303 2885 428 2938 meritum
442 2887 629 2938 sacrosanctae
646 2879 770 2933 victimae
788 2891 838 2943 per
855 2882 885 2928 te
