2108 3226
282 201 313 240 De
327 200 499 250 praeparatione
513 199 541 240 ad
555 199 652 244 Missam.
843 197 870 241 69

188 301 520 358 PRAEPARATIONES
538 303 588 356 AD
606 301 753 358 MISSAM.

318 374 350 416 De
363 372 526 424 praeparatione
540 372 620 416 debite.

110 443 177 496 Acte
194 447 345 498 orationem
358 459 501 514 praepara
520 446 640 497 calmem
658 449 746 510 mam,
773 449 798 496 et
813 445 871 499 noli

82 527 129 565 estc
146 518 224 581 quaa
240 517 327 584 horno,
348 518 395 584 pati
412 521 497 569 tentat
514 516 611 569 Deam.
645 513 723 580 Quod
742 515 764 568 si
782 515 869 570 Deum

80 590 173 640 anime
192 595 275 654 atque
295 587 329 640 ad
347 587 510 640 iracundiam
528 601 676 654 provocare
696 585 800 654 dicitur,
825 587 870 654 qui

79 655 157 720 ipsum
174 658 257 712 audet
275 659 303 711 in
323 659 443 712 oratione
456 659 637 726 interpellare,
655 673 709 710 non
723 658 871 724 praemissa

81 725 188 794 diligenti
206 737 234 783 et
259 736 386 783 accurata
409 731 629 797 praeparatione,
658 735 759 795 quanto
786 729 870 796 magis
922 731 924 738 ’

80 798 181 852 eundem
200 815 251 855 sua
268 801 422 854 temeritate
441 807 469 854 et
482 800 593 854 audacia
608 800 731 868 irritabit,
751 801 797 867 qui
818 801 870 868 ipsi

79 869 233 936 unigenitum
251 871 352 925 Filium
372 871 477 940 offerre,
501 873 641 939 ipsumque
659 871 823 939 Angelorum
843 877 870 925 et

78 937 203 996 hominum
217 959 314 1010 regem
329 958 360 996 ac
380 942 514 996 dominum
529 944 664 1010 suscipere
677 943 778 1009 absque
791 957 869 1010 prae-

78 1013 207 1076 paratione
226 1015 394 1082 praesumit?
431 1015 605 1082 Praepararc
629 1015 714 1082 ipitius
731 1017 761 1066 c'a
779 1029 869 1068 occar-

79 1096 132 1134 sum
143 1085 197 1138 Dei
208 1088 259 1138 tui.
298 1086 374 1138 Haec
389 1092 477 1138 antem
489 1085 661 1152 praeparatio
681 1085 710 1138 in
722 1085 807 1139 tribus
820 1101 868 1154 po·

78 1153 199 1209 tissimum
218 1157 357 1212 consistit:
382 1157 410 1208 in
427 1158 499 1210 vitae
517 1157 642 1223 puritate,
669 1157 698 1209 in
715 1155 869 1211 intentionis

78 1227 235 1297 rectitudine,
256 1229 331 1281 etin
350 1229 447 1281 actuali
466 1227 616 1281 devotione.
647 1284 649 1286 ,

110 1296 228 1354 Christus
242 1299 384 1366 Dominus,
404 1299 525 1365 quamvis
538 1298 683 1366 Apostolis,
702 1313 769 1364 quos
783 1311 870 1352 sacer-

79 1364 148 1422 dotes
166 1377 383 1438 consecraturus,
402 1377 429 1422 et
447 1369 707 1423 sacra·Eucharistia
722 1369 870 1424 refecturus

80 1447 138 1506 erat,
157 1439 287 1498 dixisset:
310 1441 364 1494 Vos
379 1441 477 1493 masada
487 1442 557 1506 astte,
575 1440 641 1494 illud
660 1447 751 1494 tamen
767 1439 870 1509 adiecit,

80 1511 122 1575 gai
137 1511 207 1565 lotus
225 1518 274 1579 est,
300 1527 357 1564 aaa
374 1511 484 1580 iadipct,
508 1513 565 1564 alsi
580 1517 612 1565 at
625 1511 709 1578 pedes
727 1512 813 1577 lauet,
829 1511 870 1565 his

79 1581 159 1636 verbis
175 1583 300 1638 indicans
318 1583 418 1637 homini
436 1583 516 1636 etiam
535 1598 552 1636 a
569 1582 736 1650 gravioribus
754 1583 871 1650 peccatis

79 1648 163 1721 libero,
183 1654 299 1708 affectus
316 1653 490 1722 inordinatos,
510 1654 635 1720 quisunt
655 1652 759 1706 animae
779 1651 870 1721 pedes,

81 1720 219 1780 abluendos
234 1739 306 1780 esse.
338 1725 445 1778 Etenim
460 1726 482 1779 si
495 1726 523 1777 in
536 1727 622 1778 veteri
636 1731 805 1792 testamento,
826 1724 871 1777 ubi

80 1791 150 1850 huius
168 1796 329 1851 divinissimi
348 1795 469 1850 sacrificii
486 1796 581 1848 umbra
598 1802 701 1851 tantum
721 1802 792 1870 erat,
820 1796 869 1850 sub

80 1868 162 1920 mortis
176 1868 384 1921 comminatione
398 1867 581 1921 sacerdotibus
595 1867 778 1935 mandabatur,
792 1874 823 1921 ut
836 1865 870 1921 ab

80 1938 142 1989 omni
152 1939 261 1992 macula
281 1945 309 1992 et
326 1937 491 1992 immunditia
510 1946 600 1992 essent
617 1945 756 2005 expertes:
778 1937 871 1992 Omnia

79 2003 154 2074 huno,
174 2012 223 2077 qai
240 2011 383 2063 accesserit
408 2009 441 2062 de
464 2011 548 2078 stirpe
564 2015 654 2062 oestro
672 2010 710 2062 od
728 2026 774 2075 ea,
802 2025 871 2077 qaae

80 2086 225 2134 onsecrata
238 2086 313 2148 suat,
326 2081 356 2133 cit
367 2096 420 2148 quo
430 2085 468 2134 est
479 2080 661 2146 immunditia,
669 2081 771 2148 peribit
780 2095 871 2133 coram

80 2145 203 2219 Dumium
221 2168 278 2220 quo
296 2166 350 2205 non
369 2158 490 2220 oportet,
517 2151 610 2220 (verba
628 2157 690 2206 sunt
709 2149 734 2204 S.
756 2151 870 2220 Chryso-

80 2222 165 2290 stomi),
194 2238 256 2277 esse
275 2223 412 2290 puriorem
431 2222 598 2276 sacerdotem
615 2222 794 2290 novaelegis,
823 2222 871 2276 tali

80 2285 201 2346 fiuentem
221 2293 370 2361 sacrificio;
399 2309 452 2360 quo
476 2293 558 2347 solari
583 2293 658 2347 radio
681 2309 735 2346 non
754 2292 870 2360 splendi-

80 2356 170 2416 diorem
187 2381 306 2432 manum,
325 2365 394 2418 hanc
413 2366 480 2434 apati
495 2363 664 2418 immaculati
680 2379 786 2418 carnem
805 2363 871 2416 divi-

81 2427 190 2503 dentem
217 2451 257 2504 os,
278 2435 351 2503 quod
368 2437 430 2503 igne
449 2436 581 2503 spirituali
594 2437 726 2504 repletur;
744 2436 871 2503 linguam,

80 2513 139 2566 quae
157 2506 298 2561 tremendo
322 2507 401 2560 nimis
432 2506 566 2574 Sanguine
590 2507 722 2560 rubescit!
767 2506 870 2574 Cogita,
920 2535 922 2538 ·

80 2575 141 2636 quali
168 2579 206 2632 sis
234 2579 377 2646 insignitus
404 2578 515 2646 honore,
544 2578 615 2644 quali
638 2593 732 2632 mensa
756 2576 870 2630 fruaris!

81 2643 185 2706 (Rana
197 2652 241 2702 60.
252 2650 362 2717 adpup.
373 2649 509 2716 Antioch.)
525 2648 638 2716 Oquam
647 2648 762 2711 mundae
773 2647 871 2701 debent

80 2726 132 2770 esse
148 2735 252 2789 manus,
272 2735 352 2788 quam
365 2735 462 2787 purum
476 2735 515 2788 os,
534 2735 614 2787 quam
630 2726 751 2774 sanctum
765 2733 871 2785 corpus,

80 2797 150 2850 quam
174 2791 374 2845 immaculatum
396 2805 443 2844 cor
466 2792 517 2844 erit
544 2790 706 2857 sacerdotis,
736 2787 770 2840 ad
794 2803 872 2852 quem
896 2793 906 2816 ·

81 2858 152 2914 tores
168 2862 321 2930 ingreditur
339 2867 433 2916 auctor
450 2863 582 2930 puritatis,
610 2861 695 2926 (Imit.
715 2858 836 2922 maaet.)
