2108 3226
244 185 337 226 namu
344 187 420 226 modus
433 187 538 228 visitandi
549 187 592 229 ¹88.
600 188 772 230 Sacramentum.
869 185 910 230 lot

311 285 414 330 uanae
427 287 554 332 ramliuimi
567 287 640 332 nordio
653 289 712 332 losa

144 357 235 426 Salve,
256 373 302 412 cor
317 359 384 414 Jesu
402 359 589 430 dulcissimum,
608 362 779 417 suavisonum
797 363 908 420 sanctis·

109 429 192 484 simae
207 429 346 484 Trinitatis
358 431 575 487 instrumentuml
595 431 675 487 Salve
684 449 732 487 cor
741 433 758 487 J
759 447 807 488 esu
818 449 907 488 aman·

108 501 249 568 tissimum,
268 502 384 555 omnium
398 501 549 557 divitiarum
562 504 615 558 Dei
626 504 819 559 nobilissimum
833 519 908 560 aera·

108 572 192 626 rium!
230 571 329 627 Millies
353 579 381 626 et
405 574 500 629 millies
523 575 652 629 benedico
679 581 707 629 et
731 575 817 630 saluto
835 582 910 630 tuam

111 642 229 698 divinam
246 643 400 712 bonitatem,
429 645 491 711 quia
516 661 545 700 es
568 645 628 701 fons
647 652 675 700 et
693 647 776 715 origo,
804 661 838 700 ex
857 663 910 714 qua

110 715 196 768 omnis
214 714 321 769 bonitas
340 722 367 768 et
384 715 566 771 misericordia
584 718 703 776 scaturit
734 717 756 772 0
774 717 864 771 nobile
883 724 910 773 et

108 787 258 853 pretiosum
268 801 315 840 cor
322 786 341 840 J
342 800 390 840 esu
400 786 511 841 Christi!
525 803 576 856 per
588 795 706 843 mutuam
719 788 908 860 gratitudinem

110 855 240 910 colendae
262 855 400 911 Trinitatis
419 858 506 913 saluto
526 869 554 913 et
572 858 655 914 adoro
673 867 699 914 te
719 862 753 914 ob
773 859 908 914 abundan-

107 927 173 982 tiam
187 927 305 982 omnium
319 929 472 998 gratianum,
487 945 556 996 quaa
571 930 729 985 effluxerunt
744 938 771 986 et
784 932 841 987 sine
854 930 908 986 fine

108 997 218 1052 effluent
235 999 264 1051 in
282 1014 373 1054 omnes
393 1006 499 1055 sanctas
524 1009 552 1055 et
569 1001 680 1056 devotas
700 1003 814 1072 animas,
839 1019 907 1071 quas

107 1070 189 1124 toties
207 1069 327 1137 irrigasti
351 1077 379 1125 et
396 1071 534 1128 inebriasti
551 1079 671 1128 torrente
690 1073 794 1128 divinae
813 1075 907 1143 volup-

106 1141 171 1195 tatis
189 1143 269 1194 tuae!
289 1170 323 1180 —
342 1140 364 1194 0
384 1157 430 1196 cor
448 1143 521 1212 Jesu,
541 1160 588 1198 cor
606 1143 695 1198 dulce!
730 1145 753 1199 0
772 1162 818 1200 cor
831 1147 907 1216 Jesu,

108 1227 156 1266 cor
173 1213 273 1266 suavel
306 1210 328 1265 0
347 1227 394 1266 cor
411 1213 486 1282 Jesu,
505 1229 552 1268 cor
570 1215 696 1269 amabile!
729 1215 751 1270 0
771 1232 817 1271 cor
831 1217 906 1286 Jesu,

106 1297 220 1336 manans
239 1281 386 1351 dulcedine,
403 1283 557 1340 redundans
575 1287 684 1356 pietate,
712 1287 822 1343 affluens
840 1289 907 1342 cari·

106 1356 177 1408 tatel
215 1353 247 1406 ln
271 1360 319 1408 tua
343 1353 437 1409 intima
459 1357 609 1424 penetralia
633 1358 760 1428 immerge
785 1359 908 1427 spiritum

106 1439 211 1495 meum,
241 1430 268 1478 et
292 1425 320 1478 in
337 1425 470 1494 profundo
496 1434 558 1482 tuae
583 1428 781 1484 misericordiae
805 1430 907 1498 sepelio

105 1502 195 1550 totum
213 1494 319 1562 pondus
336 1497 483 1564 iniquitatis
502 1506 529 1553 et
543 1501 720 1568 negligentiae
734 1515 818 1554 meae.
845 1501 907 1555 Tibi

106 1565 193 1622 offero
214 1581 306 1622 omnes
325 1583 399 1623 meos
416 1569 524 1624 labores
548 1578 575 1624 et
593 1570 720 1638 sudores3
744 1571 794 1625 tibi
812 1570 906 1626 dedico

107 1653 201 1692 omnes
220 1653 293 1693 meas
313 1640 449 1708 angustias
474 1647 501 1694 et
523 1642 661 1711 miseriam
685 1643 734 1697 tibi
752 1641 906 1697 commendo

107 1709 192 1764 vitam
211 1715 239 1762 et
256 1707 336 1763 finem
354 1712 425 1764 vitae
451 1727 535 1766 meae.
572 1713 594 1766 Ο
614 1729 660 1768 cor
678 1729 770 1768 aroma
788 1712 906 1768 dulcissi-

106 1779 340 1850 mum31ncensum
348 1783 539 1853 suavissimum,
548 1783 705 1838 sacrificium
712 1783 907 1854 dignissimum

106 1851 176 1906 offer
193 1852 365 1920 temetipsum
383 1869 464 1921 super
482 1855 703 1910 reconciliationis
717 1857 849 1910 humanae
868 1856 905 1910 al·

105 1929 165 1978 tare
185 1937 296 1977 aureum
320 1923 349 1976 in
367 1925 579 1994 supplementum
603 1928 734 1996 omnium,
761 1943 828 1995 quos
850 1927 907 1982 vixi

106 1993 224 2061 dierum,
249 1993 278 2047 in
296 1995 392 2061 quibus
410 1995 469 2050 Deo
487 2013 542 2051 non
560 1997 643 2051 detuli
660 1997 782 2052 ductum.
802 2028 835 2037 —
853 1999 905 2052 Be·

105 2065 203 2120 nedico
218 2064 275 2134 tibi,
290 2081 337 2120 cor
349 2067 416 2121 Jesu
429 2067 629 2138 nobilissimum,
644 2070 677 2123 ob
691 2068 765 2124 illum
779 2085 906 2140 amorem,

106 2151 161 2204 quo
181 2151 198 2190 a
217 2134 318 2204 Spiritu
336 2145 428 2192 sancto
448 2154 481 2192 ex
500 2140 647 2194 castissimo
665 2139 769 2195 Mariae
787 2141 905 2209 Virginis

107 2207 237 2275 sanguine
250 2222 279 2262 es
293 2211 423 2263 creatuml
453 2209 578 2285 Glorifico
590 2219 626 2279 te,
646 2227 692 2265 cor
705 2211 771 2266 Jesu
785 2211 905 2268 dulcissi-

107 2295 188 2346 mum,
208 2277 242 2332 ob
260 2277 334 2332 illum
352 2295 478 2350 amorem,
497 2297 550 2348 quo
565 2297 581 2334 a
595 2282 761 2337 sanctissima
774 2283 905 2337 Trinitate

107 2348 231 2404 omnibus
249 2349 409 2405 coelestibus
428 2351 504 2406 donis
523 2368 552 2407 es
571 2351 732 2407 decoratum.
761 2353 904 2424 Magnifico

106 2428 142 2489 te,
156 2436 204 2474 cor
213 2420 231 2473 J
232 2435 280 2474 esu
289 2421 463 2491 mitissimum,
474 2423 508 2477 ob
518 2424 591 2477 illum
601 2439 725 2494 amorem,
736 2441 789 2492 quo
799 2440 906 2493 semper

108 2505 173 2560 erga
191 2507 276 2560 genus
293 2493 438 2546 humanum
457 2495 553 2548 arsisti.
588 2495 709 2550 Veneror
726 2503 761 2564 te,
781 2512 827 2550 cor
840 2496 906 2550 Jesu

107 2562 333 2631 benignissimum,
344 2564 378 2617 ob
386 2564 460 2618 illum
471 2581 595 2636 amorem,
606 2581 658 2633 quo
668 2567 696 2620 in
703 2583 780 2620 cruce
790 2566 905 2621 moriens

107 2631 259 2701 disruptum
276 2633 358 2688 inisti.
397 2634 526 2690 Collaudo
544 2643 579 2705 te,
598 2652 645 2691 cor
658 2639 724 2691 Jesu
741 2637 905 2705 fidissimum,

107 2705 143 2758 ob
156 2705 231 2758 illum
244 2719 370 2772 amorem,
385 2721 437 2774 quo
452 2707 545 2761 lancea
553 2707 682 2777 transfigi,
696 2710 906 2776 sanguinemque

107 2782 136 2829 et
154 2789 251 2844 squam
270 2775 406 2831 destillare
424 2778 540 2833 voluisti.
556 2809 589 2818 —
604 2779 643 2832 Te
657 2779 745 2846 igitur,
765 2779 906 2833 osanctis·

107 2847 175 2900 aima
192 2847 318 2915 omnique
341 2847 421 2904 laude
447 2848 601 2917 dignissima
625 2849 743 2903 Trinitas
767 2863 817 2917 per
840 2847 907 2900 illud

553 3031 571 3079 Ι
