2130 3242
168 167 208 210 did
346 172 379 212 De
393 171 584 212 §mementorum
596 171 793 216 administratione.

167 274 335 342 praescripta
352 275 517 329 exsecutioni
534 273 715 342 mandaverit,
733 279 780 328 aut
797 274 821 328 si
839 272 972 330 adhibue-

164 345 200 399 rit
217 346 324 413 ieiunia,
342 359 445 414 preses,
464 346 656 414 eleemosynas,
685 353 735 399 eto.
756 344 791 398 ad
808 345 902 398 vitium
921 361 972 400 ex·

137 455 143 467 .
169 417 342 486 stirpandum.
377 420 402 470 4.
418 417 447 470 Si
464 418 523 485 ipse
540 417 610 484 petit
627 431 644 470 a
662 416 825 470 confessario
839 417 973 487 remedie,

168 494 215 542 aut
231 503 303 542 novo
321 487 411 542 media
428 487 634 556 emendationis3
651 489 716 542 item
735 489 758 542 ei
770 488 903 555 promittit
920 489 972 542 ad-

164 557 260 613 hibere
277 559 382 627 media,
409 573 478 626 quae
505 567 569 612 tune
588 560 613 613 ei
632 559 752 626 suggerit
769 558 971 628 confessarius3

163 631 290 700 maxime,
319 631 494 696 ununqnam
516 630 632 685 monitus
658 629 741 683 irretit
766 629 800 682 ad
826 629 873 682 illa
891 629 971 684 adhi-

164 701 268 770 benda3
287 701 335 756 sed
352 702 395 755 bis
412 701 633 770 promissionibus
659 701 707 770 (ait
732 701 760 757 S.
774 700 885 769 Auctor)
904 717 972 756 esn-

163 787 219 841 seo,
237 786 292 826 non
305 773 411 826 omnino
424 771 568 841 fidendum,
587 773 610 827 si
626 773 680 826 alia
693 773 770 840 signa
783 771 883 839 desint3
905 788 970 826 enm

162 845 350 912 poenitentes,
373 850 405 898 ut
423 844 618 898 absolutionem
636 843 775 911 accipiant,
805 841 884 896 iaeile
902 859 970 912 pro-

163 915 288 981 mittant,
314 914 362 968 sed
379 922 476 983 postea
493 913 632 969 difficulter
650 913 797 968 attendant
834 915 860 967 b.
880 914 969 982 Spon-

163 992 245 1040 tanea
263 985 404 1054 confessio,
423 999 520 1054 nempe
539 986 563 1040 si
575 987 716 1054 poenitens
728 984 831 1039 aceedit
843 999 898 1039 non
912 986 968 1040 ism

164 1055 200 1110 ad
217 1054 380 1124 implendum
398 1063 572 1124 praeceptum
589 1057 725 1125 paschale,
744 1071 831 1123 neque
851 1071 885 1110 ex
899 1072 968 1124 qno-

164 1126 225 1180 dam
243 1143 295 1181 usu
313 1126 456 1182 confitendi
483 1128 615 1196 aliquibus
632 1127 812 1196 temporibus,
836 1137 921 1196 prout
938 1129 968 1182 in

163 1197 206 1252 die
218 1197 374 1253 Natiuitatis
388 1200 503 1268 Domini,
529 1201 557 1252 in
569 1198 760 1254 festivitatibus
772 1199 918 1268 Deiparas,
938 1207 969 1254 et

163 1268 304 1338 similibus;
335 1284 423 1337 neque
450 1270 700 1338 aeeeditimpulsus
718 1270 923 1339 aparentibus,
949 1287 968 1324 a

163 1338 277 1409 domino,
297 1348 344 1395 out
360 1343 497 1410 magistro,
521 1340 570 1396 sed
587 1342 662 1395 venit
679 1341 785 1396 omnino
804 1348 910 1410 sponte,
938 1350 968 1398 et

162 1425 227 1465 rere
241 1412 386 1480 inspiratus
400 1429 417 1466 a
431 1413 521 1467 divino
529 1412 636 1479 lumine,
652 1412 687 1466 ad
700 1427 761 1466 eum
775 1412 861 1467 solum
874 1411 965 1482 tinem,

109 1515 110 1518 =
160 1488 192 1536 nt
205 1481 321 1538 ffivinam
339 1486 452 1552 gratiam
469 1484 590 1552 resipiat.
618 1484 779 1538 Praesertim
794 1484 817 1537 si
831 1482 866 1536 ad
880 1483 962 1538 eonfi-

163 1554 273 1608 tendnm
291 1556 398 1623 longum
416 1556 468 1610 iter
486 1569 629 1624 eggressus
646 1554 743 1622 fuerit,
768 1555 929 1608 abstinuerit
947 1571 965 1610 s

162 1625 237 1680 luero
256 1627 381 1693 notabili,
410 1640 492 1696 grave
510 1625 666 1681 sustinuerit
682 1625 886 1694 incommodum,
916 1633 966 1680 aut

161 1711 286 1766 magnum
305 1697 456 1752 conflictum
472 1699 606 1752 internum
631 1698 675 1751 vel
694 1704 833 1751 externum
851 1711 963 1764 supera-

161 1769 239 1826 verit.
276 1772 301 1824 6.
321 1769 350 1822 Si
367 1770 472 1823 venerit
488 1776 577 1823 motus
602 1768 636 1822 ab
661 1767 750 1836 aliquo
776 1768 961 1822 extraordina-

160 1841 202 1894 rio
220 1841 344 1909 impulsu,
367 1848 433 1908 pute
451 1841 486 1894 ob
504 1840 658 1894 concionem
676 1839 802 1908 auditam,
826 1847 875 1893 ant
891 1855 961 1894 mor·

160 1917 215 1965 tem
241 1912 333 1980 amici,
364 1912 398 1966 ob
416 1919 515 1967 metant
533 1911 644 1966 alieuius
668 1910 828 1964 imminentis
852 1909 961 1979 flagelli,

160 1989 243 2049 prout
259 1989 446 2050 terraemotus,
464 1983 549 2050 pestis
568 1989 617 2036 eto.
646 1985 671 2036 7.
690 1981 719 2035 Si
736 1982 878 2049 poenitens
897 1997 959 2036 eon-

159 2051 268 2106 iiteatur
280 2059 393 2120 peecata
406 2054 524 2108 anterim
538 2068 572 2106 ex
585 2052 748 2107 verecundia
767 2053 856 2106 tacita.
889 2055 915 2106 8.
930 2052 960 2106 Si

159 2124 309 2193 poenitens,
325 2132 467 2192 antequam
481 2123 599 2193 accedat,
617 2125 766 2179 restituerit
778 2138 843 2192 rem,
861 2125 906 2177 rel
919 2122 958 2178 ia·

160 2209 231 2247 mam
250 2194 374 2250 ablatam.
406 2199 431 2249 9.
452 2195 480 2249 Si
493 2203 605 2264 propter
617 2196 790 2250 monitionem
803 2193 961 2250 confessarii

159 2264 276 2320 ostendit
294 2265 504 2336 apprehendisse
528 2280 625 2322 novam
651 2267 828 2334 cognitionem
852 2273 880 2324 et
897 2267 961 2320 bor·

159 2351 248 2390 rorem
267 2338 309 2390 sui
326 2339 437 2406 pemati,
456 2338 621 2406 periculique
638 2351 704 2393 stiae
724 2337 910 2392 damnationis.

196 2407 250 2462 Alii
264 2409 318 2462 alia
334 2407 411 2476 signa
424 2409 533 2476 addunt,
551 2415 633 2476 prout
646 2410 670 2463 si
681 2410 822 2477 poenitens
835 2423 961 2476 magnam

159 2478 274 2532 libenter
288 2485 410 2548 acceptat
422 2481 628 2548 poenitentiam,
647 2481 670 2534 si
685 2481 781 2534 asserit
794 2479 961 2547 poenituisse

160 2551 264 2619 peceati
282 2551 371 2605 stadm
390 2565 422 2604 ae
438 2551 505 2604 illud
517 2552 647 2619 patravit3
666 2553 689 2606 si
706 2556 872 2619 protestatur
890 2550 962 2604 velle

161 2622 229 2675 mori
247 2622 337 2690 potius
356 2636 434 2689 quem
453 2636 574 2690 peecare.
616 2623 670 2676 Sed
687 2623 755 2676 haee
773 2622 849 2689 signa
867 2621 963 2691 (verbe

161 2699 223 2746 sunt
241 2693 267 2746 S.
287 2693 356 2762 Lig.)
375 2693 465 2747 neseio
485 2707 519 2746 an
537 2694 679 2748 tolosatis
697 2707 757 2748 esse
774 2693 893 2762 possint3
912 2707 960 2761 po·

159 2763 212 2816 tius
232 2763 356 2832 dicerem,
378 2764 449 2830 quod
467 2773 578 2831 possent
602 2765 738 2820 deservire
761 2764 796 2818 ad
814 2764 868 2818 alia
885 2764 960 2818 adiu·

159 2833 248 2887 vande
265 2835 349 2902 signa,
368 2849 438 2901 quae
455 2835 515 2889 sola
531 2850 586 2890 non
604 2835 763 2901 sufficerent.
