2128 3228
209 204 241 244 De
254 203 393 253 processione
407 204 430 244 ln
443 203 500 244 sesto
514 203 674 245 Purifioationis
687 205 712 248 B.
726 207 757 249 Μ.
770 207 796 247 V.
863 203 904 248 esi

144 307 170 360 6.
188 304 295 360 Edendi
314 321 344 359 ac
362 304 470 360 bibendi
488 305 608 374 abusum,
627 319 751 362 sccumve
767 309 906 366 esculenta

111 384 140 431 ct
151 376 294 445 poculenta
303 375 441 432 deferendi
450 377 479 430 in
492 377 575 432 sacris
584 377 807 447 processionibus,
822 380 905 448 egris·

109 463 161 516 que
188 446 332 502 lustrandis
361 454 388 502 et
420 447 578 503 suburbanis
610 449 729 504 ecclesiis
757 449 905 520 visitandis,

108 519 204 592 tollere
223 519 334 586 parochi
351 516 489 588 studeant,
509 534 540 573 ac
557 517 666 587 fideles,
684 521 843 588 praesertim
861 522 905 576 die

108 589 256 658 Dominica,
271 605 340 657 quae
352 590 473 658 proxime
487 589 651 659 Rogationes
666 591 806 660 antecedit,
823 595 905 660 quam

111 661 178 716 haec
198 659 326 716 dedeceat
342 661 503 730 corruptela,
523 661 630 730 saepius
648 661 815 718 admoneant.

147 734 172 784 7.
199 731 388 788 Processiones
405 733 480 801 prius
497 729 556 786 fieri
574 732 679 801 debent,
707 731 802 788 deinde
820 734 906 789 Missa

109 802 262 858 solemniter
280 804 424 872 celebrari;
452 803 503 858 nisi
521 804 599 859 aliter
617 804 651 859 ob
670 819 785 876 gravem,
798 821 905 860 causam

109 873 242 929 interdum
261 873 402 930 Ordinario
421 874 465 929 vel
483 875 556 930 clero
573 875 705 930 videatur.

142 947 167 1000 8.
194 946 384 1001 Processiones
403 953 491 1000 autem
510 946 641 1015 quaedam
666 953 727 1005 sunt
745 945 904 1016 ordinariae,

107 1030 176 1083 quae
194 1014 262 1071 fiunt
279 1018 359 1072 certis
374 1016 467 1071 diebus
484 1033 534 1086 per
551 1033 657 1088 annum,
675 1019 751 1072 utin
768 1017 839 1074 festo
851 1018 904 1072 Pu·

106 1085 262 1143 riticationis
289 1088 385 1143 beatae
410 1088 514 1142 Mariae
541 1104 647 1158 semper
671 1089 803 1159 Virginis,
832 1095 859 1144 et
876 1089 905 1144 in

104 1158 245 1214 Dominica
272 1159 439 1228 Palmarum‚
468 1166 495 1213 et
521 1160 550 1213 in
567 1160 681 1214 Litaniis
706 1160 851 1216 maioribus
876 1161 904 1215 in

104 1227 175 1284 festo
195 1231 280 1284 sancti
297 1229 391 1299 Marci,
411 1235 439 1283 et
456 1229 484 1282 in
502 1231 647 1286 minoribus
661 1231 840 1300 Rogationum
857 1232 904 1286 tri·

105 1299 158 1355 duo
178 1309 239 1354 ante
257 1300 449 1356 decensionem
466 1301 581 1369 Domini,
601 1309 628 1356 et
645 1303 674 1355 in
692 1300 735 1358 die
752 1303 824 1358 festo
839 1303 903 1358 Gor·

104 1365 181 1496 ploris
198 1371 305 1440 Christi,
330 1372 374 1425 vel
393 1371 451 1426 aliis
470 1369 563 1426 diebus
581 1389 631 1441 pro
652 1374 843 1429 consuetudine
862 1389 903 1429 ec·

105 1457 255 1498 comarum.
849 1484 851 1490 ι

142 1515 166 1566 9.
196 1511 333 1580 Quaedam
350 1527 415 1568 vcro
435 1518 496 1566 sunt
520 1511 757 1583 extraordinariae,
785 1521 816 1569 ut
834 1530 903 1582 quae

104 1582 186 1636 variis
205 1599 236 1637 ac
254 1582 367 1651 publicis
393 1583 521 1638 ecclesiae
548 1583 582 1638 de
608 1585 695 1639 causis
713 1585 741 1638 in
760 1583 817 1640 dies
836 1585 903 1639 indi·

105 1655 237 1719 cunturst)

200 1767 217 1818 ι)
236 1765 268 1810 ue
280 1766 416 1818 „remeans
430 1767 450 1810 a
464 1767 523 1810 rece
537 1744 728 1812 resecaturus.
742 1769 771 1812 u.
784 1769 810 1811 v.

384 1834 428 1886 (lix
441 1835 484 1878 th.
498 1834 617 1886 Romano)

140 1901 165 1954 1.
187 1896 350 1968 dompierre)
365 1897 581 1970 bceedictiooe,³)
600 1905 625 1955 ct
638 1899 826 1956 dietmbutioce
839 1917 902 1956 cco·

157 2040 254 2085 ciorum,
279 2037 366 2085 quises
381 2037 491 2085 deferunt,
514 2025 600 2078 detecto
615 2039 687 2088 capite
701 2040 779 2080 debent
793 2040 899 2081 incedere.

157 2090 185 2142 (S.
206 2091 230 2133 B.
246 2091 268 2129 0.
286 2091 303 2133 1,
318 2090 365 2132 Dee.
386 2091 454 2138 1657.)
486 2093 604 2132 Beatorum
625 2093 730 2142 reliquiae
750 2093 838 2133 minime
859 2096 901 2134 cir·

157 2144 313 2184 oumierentur.
342 2143 371 2192 (S.
386 2145 411 2185 12.
428 2146 449 2185 0.
464 2145 498 2188 27.
513 2146 566 2196 Sept.
581 2145 652 2194 1659.)

118 2208 140 2259 ¹)
153 2210 187 2250 Ad
200 2209 333 2258 Episcopum
347 2211 456 2260 privative
470 2212 571 2260 pertinet,
591 2212 692 2252 ordinare
707 2215 727 2252 et
742 2213 836 2262 dirigere
849 2224 899 2264 pro·

156 2263 274 2308 cessiones,
289 2274 331 2312 quo
346 2266 367 2302 et
382 2275 426 2314 qua
439 2265 556 2314 maluerit;
579 2276 619 2304 nec
634 2266 681 2306 elne
695 2267 742 2306 eius
755 2267 847 2308 licentia
860 2268 900 2307 all·

155 2320 190 2356 ter
203 2317 250 2356 deri
264 2317 325 2356 licet.
354 2317 382 2366 (S.
398 2318 423 2357 lt.
439 2317 459 2361 C.
474 2317 495 2360 2.
510 2319 563 2368 deep,
578 2317 647 2368 1631.)

116 2375 138 2427 ²)
151 2381 192 2421 Ubi
206 2391 257 2420 vcro
272 2383 395 2431 expositum
416 2385 449 2422 est
469 2381 506 2422 SS.
521 2383 682 2423 Sacramentum
696 2385 720 2424 ob
731 2385 838 2434 publicam
852 2398 901 2425 eou-

155 2445 206 2482 som,
219 2435 252 2474 uti
266 2435 289 2473 in
303 2436 405 2484 precibus
419 2433 452 2476 lo.
467 2438 489 2474 et
503 2433 537 2476 13.
551 2438 663 2485 horarum,
681 2438 715 2477 vel
733 2438 757 2476 in
771 2433 900 2479 ado'ratlono

155 2491 268 2536 perpetue,
283 2489 405 2529 benedictio
420 2489 559 2529 candelarum
573 2489 672 2530 iacienda
686 2501 731 2530 non
745 2495 779 2530 est
794 2492 817 2530 ln
832 2492 899 2532 altari

154 2540 192 2578 ubl
206 2542 329 2590 expositum
348 2547 381 2582 cst
395 2542 431 2586 SS.
445 2543 621 2592 Sacramentum,
645 2554 685 2583 neo
698 2545 833 2584 instituenda
846 2556 898 2594 pro·

157 2595 234 2634 cessio.
260 2593 289 2644 (S.
304 2596 328 2634 R.
343 2596 364 2640 0.
384 2595 415 2636 17.
429 2597 482 2646 Sept.
497 2597 569 2648 1822.)
595 2619 617 2626 -
642 2596 669 2636 In
689 2598 738 2637 allis
757 2599 899 2647 expositioni·

154 2645 202 2691 bus,
216 2656 272 2695 quae
286 2649 341 2687 nunt
355 2649 379 2690 ob
394 2661 477 2688 causeam
487 2652 600 2700 privatum,
615 2653 753 2699 congrueret,
767 2653 792 2690 ut
806 2650 843 2690 SS.
858 2651 899 2691 Sa·

66 2737 73 2750 ,
154 2701 288 2738 aramentum
302 2705 446 2751 reponeretur
463 2703 522 2742 inira
536 2704 704 2752 processionem.
732 2705 770 2744 Ite
784 2704 899 2744 adnotatio

153 2751 182 2791 ed
195 2753 269 2800 praed.
284 2753 340 2798 decr.
361 2775 386 2784 -
404 2755 465 2795 Idem
484 2757 643 2796 observandum
662 2760 696 2796 est
713 2757 770 2797 faria
783 2758 820 2799 1v.
835 2758 898 2797 Oine·

153 2816 209 2854 rum,
223 2805 337 2848 Dominica
349 2809 482 2857 Palmum,
495 2809 552 2850 festo
566 2811 728 2860 assumptionis
741 2811 766 2850 B.
777 2812 807 2853 Μ.
816 2809 842 2853 V.
855 2812 897 2850 etc·

115 2867 135 2924 8)
149 2871 316 2912 Benedictlones
330 2877 353 2914 et
368 2875 534 2918 distributiones
545 2877 692 2926 candelarum,
709 2877 806 2916 cinerum
820 2877 842 2915 et
851 2874 897 2924 psl·
918 2938 921 2946 μ
