2108 3226
198 188 288 228 Primus
301 189 379 228 modus
393 189 498 228 usitandi
512 189 548 232 SS.
563 189 733 234 Sacramentum,
829 187 870 230 ist

71 290 117 344 bus
134 291 212 344 ritae
230 305 316 344 meae.
353 291 423 359 Quid
435 291 500 346 mihi
517 292 546 346 iu
564 291 670 345 nomine
683 291 746 346 Filii
764 293 804 346 tui
821 307 870 362 pe·

70 362 134 416 tenti
151 361 322 430 denegabis?

101 447 141 488 XL
170 447 229 486 Ecce
243 446 285 485 tibi
299 447 395 496 ingentis
409 448 483 487 meriti
492 447 624 495 satisfactio,
640 446 675 485 cui
688 447 744 486 teria
758 445 784 490 V.
798 447 869 488 culus-

68 512 120 552 libet
132 513 286 552 hebdomadae
296 513 420 554 incumbere
430 524 509 562 operae
519 513 615 562 pretium
625 513 674 552 erit.
699 513 726 552 ln
736 523 808 561 genua
818 523 870 562 ergo

68 582 118 618 ante
128 580 209 619 altaris
220 579 388 619 Sacramentum
394 581 532 629 provolutus,
549 582 571 618 et
584 578 785 618 reconciliationem
795 589 835 627 pro
848 581 870 618 te

69 646 91 682 et
108 655 149 692 pro
164 645 247 692 populo
262 644 374 693 facturus,
394 645 426 684 sic
445 645 519 684 animo
539 645 634 684 contrIto
648 644 808 694 ingemiscens,
831 655 871 684 ore

69 721 167 750 willam:

105 785 127 841 0
141 788 234 856 lesus,
254 786 360 855 quando
375 803 409 842 ex
420 803 474 842 una
485 793 562 855 parte
576 787 656 842 corde
667 787 787 855 recogito
802 787 871 842 banc

69 865 176 914 tuorum
194 859 362 927 mirabilium,
389 875 467 926 quam
485 859 580 927 fecisti,
604 859 766 927 memoriam,
791 866 871 914 etex

72 931 156 984 altera
181 930 407 984 abominationem
430 930 603 985 desolationis
627 936 741 984 stantem
765 931 793 984 in
810 930 870 987 loco

69 1009 163 1056 sancto
181 1009 230 1055 tuo
251 1007 279 1055 et
296 1001 365 1054 banc
383 1000 450 1056 adeo
470 999 627 1069 stupendam
646 1008 673 1054 et
691 1001 870 1056 abundantem

69 1073 238 1140 iniquitatem
257 1079 298 1126 tot
315 1073 479 1140 ingratorum
496 1073 641 1140 hominum,
669 1078 696 1126 et
712 1075 871 1140 praesertim

70 1150 109 1198 tot
123 1143 282 1198 clericorum
301 1150 328 1197 et
345 1143 520 1212 sacerdotum,
539 1142 575 1197 fio
589 1144 760 1211 mihimetipsi
771 1146 869 1216 gravis,

71 1213 229 1282 confundor,
249 1215 419 1282 obstupesco,
436 1213 521 1268 fremo
538 1213 566 1267 in
584 1215 749 1283 memetipso.
767 1245 799 1254 -
817 1217 869 1270 Ve-

70 1302 142 1354 rum,
163 1302 179 1341 o
199 1287 267 1340 Jesu
285 1285 334 1354 mi,
359 1287 405 1352 qni
422 1286 489 1339 haec
507 1286 669 1354 improperia
685 1287 714 1338 in
731 1287 809 1341 horto
827 1302 869 1342 re·

69 1358 192 1425 cogitans
211 1355 299 1410 lactus
318 1371 347 1411 es
365 1372 430 1424 prae
449 1356 541 1411 dolore
559 1357 587 1410 in
605 1357 710 1425 agonia,
728 1358 803 1425 reple
823 1375 872 1412 cor

69 1444 157 1482 meum
170 1427 348 1482 amaritudine
359 1428 531 1496 amarissima,
544 1434 575 1480 ut
587 1442 651 1482 vero
662 1435 690 1481 et
702 1443 792 1484 amaro
808 1445 871 1483 con·

69 1500 148 1554 tritus
167 1498 263 1554 dolore
282 1500 383 1566 possim
399 1500 449 1553 tibi
461 1498 631 1552 ineffabiliter
648 1497 749 1552 offenso
764 1499 870 1554 satisfa-

68 1585 138 1624 cere.
166 1599 202 1610 -
230 1568 353 1638 Olesu,
379 1571 518 1624 tabescere
545 1583 588 1623 me
610 1569 674 1624 fecit
697 1569 771 1624 zelus
794 1585 872 1626 meus

69 1642 127 1708 (Ps.
147 1641 229 1710 na),
249 1641 312 1708 quia
328 1649 370 1696 tot
387 1640 509 1696 infideles
534 1648 562 1695 et
583 1641 713 1694 haeretici
734 1641 786 1695 boc
805 1640 870 1694 divi-

70 1729 134 1766 num
153 1713 356 1766 Sacramentum
372 1713 545 1780 pertinaciter
561 1712 656 1766 uolunt
669 1710 788 1779 credere,
805 1711 872 1764 illud

69 1785 174 1838 semite
193 1782 295 1838 iaciunt
312 1783 494 1850 iniquitatibus
515 1791 542 1837 et
562 1782 801 1836 abominationibus
815 1783 871 1838 suis

71 1855 206 1923 pessimis.
242 1855 317 1908 Proh
335 1853 424 1909 dolori
448 1855 556 1910 tabesco
575 1854 645 1922 quia,
665 1869 680 1907 ο
698 1868 747 1907 rex
766 1854 870 1908 excelse

70 1942 137 1994 prae
157 1926 282 1981 omnibus
299 1925 407 1993 regibus
425 1932 522 1994 terrae,
541 1941 571 1979 es
588 1925 617 1978 in
634 1925 685 1978 hoc
699 1925 870 1980 Sacramenta

71 1998 106 2052 ab
124 1999 194 2065 ipsis
206 1995 331 2050 fidelibus
342 1997 396 2050 tuis
410 1996 560 2065 derelictus,
580 1995 707 2050 oblivioni
721 1995 799 2051 datus
812 2004 871 2050 tm·

71 2084 152 2137 quam
169 2075 293 2122 mortuus
313 2067 438 2136 acorde;
457 2067 544 2136 doleo,
563 2067 625 2134 quia
642 2067 671 2119 in
687 2068 793 2135 templis
805 2084 871 2137 pau-

71 2140 183 2208 peribus
201 2140 317 2207 habitas‚
339 2138 402 2192 dum
418 2139 540 2207 privatae
559 2138 653 2192 domus
671 2138 809 2206 splendide
829 2149 872 2196 on

71 2217 185 2279 nantur;
204 2225 295 2264 amare
312 2210 419 2278 plango,
438 2211 501 2276 quia
511 2215 553 2263 tot
565 2207 658 2263 fideles
670 2209 720 2262 tibi
735 2210 872 2278 praesenti

73 2297 178 2337 necnon
202 2288 230 2336 et
248 2289 418 2335 sacrosancto
436 2281 537 2334 Missae
560 2278 688 2334 sacrificio
713 2281 819 2335 nonnisi
835 2281 871 2334 ir·

73 2359 230 2408 reverenter
248 2352 383 2420 assistunt,
410 2351 532 2406 faciendo
550 2350 656 2405 domum
674 2358 747 2405 tuam
765 2351 872 2407 domum

73 2424 264 2494 negotiationis
276 2430 304 2476 et
315 2423 469 2491 speluncam
477 2424 624 2490 latronum;
641 2422 725 2478 tristis
735 2430 777 2477 est
784 2423 873 2476 anima

73 2511 141 2564 mea,
160 2495 227 2562 quia
242 2493 323 2548 iidem
339 2495 437 2562 ingrati
454 2492 510 2563 filii,
529 2509 633 2550 sacrum
653 2493 705 2547 hoc
723 2493 873 2549 convivium

73 2572 202 2634 tanquam
219 2565 383 2619 levissimum
407 2566 494 2619 cibum
511 2563 685 2633 fastidientes,
704 2564 739 2618 ad
756 2565 873 2633 Aegypti

74 2642 267 2692 convertuntur
285 2651 380 2705 cepas,
408 2645 436 2690 et
460 2635 562 2703 siliquis
579 2651 721 2704 porcorum
739 2635 872 2689 delectan-

74 2715 132 2777 tur3
152 2708 241 2762 exitus
260 2722 389 2774 aquarum
407 2706 540 2760 deducant
557 2707 627 2760 oculi
644 2707 703 2774 mei,
714 2731 716 2738 ·
726 2705 798 2773 quod
815 2706 871 2774 ple·

73 2780 160 2848 rique,
178 2779 253 2832 velut
265 2777 388 2847 proditor
399 2777 493 2847 ludas,
510 2777 670 2832 manducent
688 2783 715 2830 et
728 2777 821 2831 bibant
832 2777 872 2829 in-

76 2849 170 2920 digne,
195 2847 320 2904 iiantrei
339 2849 536 2918 (imperatui,
562 2855 590 2903 et
614 2849 653 2903 sic
676 2845 803 2901 iudicium
821 2846 873 2900 sibi

129 2939 233 2980 nauale
247 2939 391 2980 sacerdotum.
419 2939 502 2990 (iuditio
516 2937 566 2989 VI.)
750 2933 767 2987 5
