2146 3234
182 183 225 228 tit
360 186 394 226 Da
406 185 596 226 &mammem
609 185 805 226 sdminiatrations.

183 287 314 345 sadonem
326 288 467 360 publicam,
486 303 554 356 quae
573 303 608 344 ex
625 303 655 344 se
672 303 727 344 non
744 288 847 343 valeret
859 289 894 342 ob
909 289 981 344 clau·
1051 300 1052 320 i

184 361 270 486 guium
287 359 375 414 adiicii
392 361 511 416 solitam:
530 360 609 414 niodo
627 360 705 414 cited
721 375 777 414 non
795 359 878 414 cone
895 361 980 429 impc-

203 433 340 490 emacem.

220 502 249 556 Si
267 500 484 570 impedimentum
501 504 642 572 occultum,
668 517 749 572 super
767 518 820 570 quo
837 501 982 556 Poenitcn·

182 573 262 629 tiaris
280 573 451 642 dispensavit,
469 571 501 627 fit
517 575 659 643 publicum,
686 581 713 629 et
731 573 871 628 deducitur
888 571 926 627 ad
942 572 982 627 io·

183 661 243 702 rum
262 645 455 699 contentiosum
482 643 516 698 de
534 661 605 701 noro
624 644 740 714 petenda
758 653 800 700 est
817 643 983 712 dispensatio

184 715 343 784 aDataria‚
369 715 432 783 qnia
470 715 614 784 'sponsatio
632 716 858 772 Poenitentiariaa
876 715 982 770 nonnisi

183 803 234 859 pro
252 785 313 841 foro
331 786 510 842 conscientiae
530 788 646 844 valebat

219 860 254 914 4⁸
274 857 374 912 Petcns
392 857 616 925 dispensationem
633 873 716 927 super
732 857 923 926 impedimento
941 869 982 912 se·

186 927 248 984 duio
267 935 369 996 caveat,
388 943 421 982 nc
439 929 468 982 in
485 929 575 986 libello
594 930 708 999 supplici
726 930 858 998 exprimat
875 927 981 997 tabum,

186 1007 234 1056 ant
243 999 468 1069 occdtetverum,
482 1001 677 1069 praesertimin
690 1001 732 1068 iis,
746 1015 814 1068 quae
829 999 880 1053 sub
893 1013 983 1068 poena

185 1071 314 1126 utilitatis
332 1070 505 1138 exprimenda
529 1079 604 1142 sunt,
632 1073 699 1127 alias
723 1071 888 1139 dispensatio
913 1069 983 1125 foret

186 1141 345 1209 subreptitia
362 1142 406 1196 rel
423 1142 575 1214 obreptitia,
592 1142 706 1212 ideoque
724 1143 806 1196 nulia

221 1211 448 1282 impedimentum,
468 1213 501 1269 de
519 1229 573 1282 quc
591 1215 693 1284 petitur
710 1212 884 1282 dispensatio,
912 1211 983 1266 clare

186 1289 215 1338 et
232 1281 354 1338 distincte
372 1285 575 1353 proponendum
593 1292 648 1354 est,
676 1301 736 1340 oum
759 1284 881 1340 omnibus
899 1281 983 1350 quaii-

185 1354 286 1410 tatibus
301 1354 460 1425 intrinsecis,
480 1358 537 1412 sive
550 1358 591 1424 iis,
610 1371 680 1424 quac
698 1355 851 1411 necessario
868 1359 932 1410 eunt
949 1352 983 1408 ad

185 1425 270 1494 ipsius
284 1426 469 1496 cognitionem,
478 1428 498 1498 ¹)
512 1435 542 1482 ut
556 1427 592 1482 ad
601 1426 812 1496 cognoscendam
825 1425 983 1494 consangni-

186 1497 296 1552 nitatem
310 1499 463 1552 necessaria
472 1505 513 1554 est
523 1500 617 1554 notitia
625 1499 713 1554 lineae
726 1504 754 1552 ct
767 1497 874 1567 gradus.
894 1497 984 1551 Etiam

204 1609 223 1664 ι)
237 1611 338 1652 Invalida
352 1614 409 1652 esset
422 1612 565 1662 dispensatio,
579 1612 598 1652 si
612 1612 635 1651 in
649 1611 754 1660 petitione
769 1610 867 1650 affinitas
881 1619 922 1660 pro
937 1619 985 1648 con-

241 1679 397 1728 sanguinitate,
418 1679 453 1718 vei
471 1679 654 1728 consanguinitas
672 1689 712 1727 pro
732 1677 841 1716 aitinitate
855 1676 986 1724 exprimere·

240 1747 290 1794 tur,
304 1745 403 1794 superior
421 1745 478 1784 anim
497 1745 597 1784 concedit
611 1744 796 1794 dispensationem
810 1743 872 1783 iuxta
886 1740 986 1791 exposita

241 1811 265 1850 in
279 1810 447 1860 supplicatione,
468 1821 525 1860 quae
539 1821 588 1850 cum
602 1809 628 1849 de
642 1810 701 1850 iacto
715 1808 771 1848 ialsa
791 1808 844 1856 sint,
864 1806 987 1847 necessario

241 1875 324 1915 nuliam
339 1874 524 1924 dispensationem
544 1877 665 1924 reportant.
693 1875 755 1914 Idem
769 1873 891 1921 dicendum,
912 1871 932 1911 ai
951 1879 986 1910 ex·

242 1939 373 1988 primeretur
391 1940 474 1989 ςιιάιιι
491 1941 571 1980 tertius
594 1951 635 1990 pro
654 1938 757 1987 secundo,
780 1940 819 1977 aut
837 1939 930 1987 quartus
947 1945 987 1986 pro

242 2009 321 2058 urcio,
341 2009 411 2050 mutto
433 2010 491 2050 enini
512 2009 623 2050 difficilius
646 2007 773 2048 conceditur
791 2007 927 2057 dispensatio
947 2015 987 2055 pro

205 2065 210 2074 ¹
243 2075 313 2126 grpdu
325 2077 484 2126 propinquiori,
497 2087 563 2127 qnam
576 2087 617 2126 pro
631 2075 750 2117 remotiori.
778 2073 846 2114 secus
864 2083 918 2113 raro
931 2071 989 2112 roret

243 2144 364 2192 dicendum,
379 2145 399 2183 si
412 2155 439 2182 ax
453 2153 526 2184 errore
535 2144 654 2192 poneretur
667 2141 749 2191 vadus
759 2141 837 2181 testim
850 2149 892 2189 pro
901 2140 988 2188 qauto,

242 2209 295 2258 quia
308 2209 442 2258 dirpauaatic
462 2211 486 2249 ta
504 2210 581 2249 muri
597 2208 695 2248 continet
714 2205 900 2256 dispensationem
913 2206 938 2245 s'a
949 2205 989 2244 sti·

243 2276 291 2316 sort
313 2275 409 2316 oimdsm
430 2275 518 2324 spectet
550 2273 615 2323 iiim
629 2274 679 2316 edit.
693 2270 714 2312 8.
733 2271 813 2314 Betui.
825 2281 875 2320 pap.
890 2267 950 2320 tte.)
964 2289 987 2298 -

244 2339 316 2387 Quare
327 2341 445 2382 Vincentia·
458 2343 484 2381 de
493 2343 562 2381 lautia
576 2340 612 2392 (da
629 2341 750 2390 dispensat.
764 2339 859 2378 matrim.
866 2338 905 2379 itio.
913 2334 932 2380 1.
941 2346 989 2384 cap.

243 2403 264 2450 4.
277 2416 299 2445 n.
314 2403 364 2457 lit)
379 2409 465 2455 monet,
488 2408 520 2447 tta
535 2406 677 2456 exprimenda
690 2415 738 2444 essa
753 2403 908 2452 impedimenta
920 2402 945 2440 in
957 2400 989 2440 di-

244 2473 384 2522 spensationc
398 2473 499 2522 petenda,
516 2475 556 2523 „ut
570 2471 658 2521 singola
666 2471 689 2510 in
698 2470 788 2520 propria
798 2469 870 2519 specie
880 2470 903 2508 et
912 2466 989 2516 mo,

244 2541 267 2578 at
276 2549 325 2577 cum
335 2539 463 2580 necessarus
473 2538 645 2579 circumstantiis
660 2537 805 2586 exponantur,
819 2543 859 2573 uec
871 2543 939 2572 unum
949 2541 989 2580 pro

245 2605 296 2654 aiio,
315 2615 355 2644 nec
369 2607 453 2643 certum
466 2615 507 2653 pro
522 2604 596 2654 dubio,
618 2603 652 2641 vei
666 2605 742 2642 contra
757 2601 918 2650 supponantur,
938 2597 991 2647 qnia

244 2671 264 2710 si
277 2681 344 2709 unum
356 2680 397 2719 pro
411 2671 462 2720 aiio,
480 2681 521 2710 nec
534 2671 558 2710 in
572 2681 612 2710 sua
626 2668 698 2718 spacia
714 2669 736 2707 et
749 2665 868 2706 existentia
881 2673 991 2714 propona-

244 2737 289 2783 tur,
307 2744 351 2773 non
365 2735 446 2774 vetabit
460 2735 606 2784 dispensatio,
631 2745 680 2773 cum
695 2734 798 2773 neutrum
810 2729 990 2780 impedimentum

245 2801 273 2840 cb
282 2799 304 2839 id
313 2801 433 2849 auferatur,
447 2809 497 2840 cnm
509 2811 561 2840 vere
570 2811 614 2840 non
628 2803 695 2849 extet,
714 2809 786 2848 usqne
795 2797 825 2848 id,
839 2797 898 2847 qnod
912 2805 989 2836 raram

244 2868 285 2916 est,
300 2867 319 2906 si
331 2867 457 2914 reticeatur,
472 2866 506 2904 vei
519 2866 542 2905 in
556 2865 622 2906 dubio
636 2863 797 2915 preponatur·
