2098 3222
327 220 454 261 Benedictio
468 221 520 270 ugni
534 221 649 270 peschclis.
846 217 886 262 '1⁹1

113 321 231 406 ‘Deinde
248 327 427 394 nepeqcctcr
444 337 519 391 accc
542 321 681 376 benedicta
703 338 722 375 c
745 321 883 378 sacerdote

86 395 228 519 dwffieet
244 463 393 518 benedictio
412 468 430 530 †
448 463 501 518 Dei
519 462 715 532 omnipotentis,
738 463 835 532 Patris,
854 471 882 519 et

85 535 157 605 Filii,
176 542 203 590 et
216 535 334 604 Spiritus
346 536 438 604 sancti,
457 533 602 590 descendat
615 549 759 602 supervos
781 541 808 589 ct
828 551 883 590 me·

84 614 150 662 neat
167 621 281 676 semper.
317 607 411 662 Amen.

86 748 302 806 benedictiones
316 750 529 827 esculentorum,
544 749 709 816 praesertim
725 749 751 802 ln
766 748 884 803 l’ncobn.

264 841 302 886 10.
323 840 471 886 Benedictio
485 839 550 896 ogni
563 839 704 894 pnscbslls.

124 909 155 964 V.
174 908 343 964 Adiutorium
361 916 481 964 nostrum
499 909 527 962 in
545 909 655 966 nomine,
670 907 778 962 Domini
797 914 847 962 etc.

124 981 155 1036 V.
173 980 303 1034 Dominus
321 980 466 1050 vobiscum,
485 987 536 1035 etc.

120 1050 240 1108 Oramus.
276 1051 359 1120 Deus,
385 1052 431 1118 qui
454 1066 503 1119 per
521 1049 648 1105 famulum
665 1057 741 1105 tuum
758 1049 881 1119 Moysen,

80 1123 110 1177 in
127 1123 285 1176 liberatione
303 1123 397 1191 populi
418 1122 457 1176 tui
476 1121 510 1176 de
528 1123 660 1191 Aegypto,
680 1137 777 1190 egnum
796 1120 883 1177 occidi

79 1193 182 1248 iussisti
200 1194 228 1246 in
246 1193 443 1247 similitudinem
460 1192 568 1246 Domini
585 1194 670 1248 nostri
690 1194 759 1248 Jesu
774 1192 881 1261 Christi,

80 1272 111 1319 et
127 1270 255 1330 utrosque
274 1270 366 1331 postes
385 1263 523 1317 domorum
548 1262 581 1317 de
607 1265 735 1332 sanguine
762 1263 881 1319 eiusdem

81 1334 145 1402 agni
162 1334 274 1402 perungi
293 1334 469 1403 praecepisti3
493 1340 523 1388 tu
540 1333 717 1399 bene†dicere
737 1341 765 1388 et
783 1335 881 1389 sancti-

79 1403 181 1471 †ficcre
200 1404 317 1473 digneris
338 1405 407 1459 hunc
425 1413 574 1460 creaturam
593 1405 689 1473 cernis,
716 1420 795 1472 quem
822 1421 881 1474 nos,

80 1475 174 1530 famuli
191 1477 231 1530 tui
245 1475 280 1530 od
292 1470 398 1530 liudem
411 1483 485 1530 tunm
500 1490 604 1530 sumere
618 1475 809 1544 desideremus,
828 1491 879 1545 per

13 1564 16 1570 ·
81 1547 304 1602 resurrectionem
323 1546 441 1602 eiusdem
459 1546 566 1601 Domini
583 1547 669 1603 nostri
684 1547 751 1601 Jesu
770 1547 878 1616 Christi,

82 1618 129 1744 {zui
139 1624 234 1742 Regum
248 1619 315 1672 vivit
333 1625 360 1672 et
377 1625 472 1686 regnat
489 1618 638 1673 insaecula
656 1617 831 1672 soeculorum.
845 1645 879 1658 -

113 1730 120 1746 .
192 1704 234 1744 en.

120 1761 162 1815 Et
179 1775 243 1814 mon
260 1765 387 1830 moneat
405 1775 479 1829 cccc
496 1759 642 1814 benedicto.

317 1850 354 1903 11.
372 1857 519 1903 Benedictio
533 1867 651 1904 ovorum.

128 1925 160 1982 V.
178 1924 348 1980 Adiutorium
365 1933 486 1982 nostrum
502 1927 531 1980 in
548 1927 654 1982 nomine
672 1925 788 1994 Domini,
807 1932 858 1982 etc.

125 1997 157 2054 V.
175 1996 305 2051 Dominus
323 1996 468 2067 vobiscum,
489 2005 539 2051 etc.

123 2067 241 2123 Oramus.
262 2067 413 2137 Subvenint,
428 2084 598 2144 quaesumus,
615 2067 739 2138 Domine,
756 2075 820 2122 tuse
835 2065 883 2121 be-

85 2138 262 2205 ne†dictionis
280 2140 367 2208 gretie
385 2140 447 2194 huic
465 2155 577 2194 ovorum
595 2147 743 2208 creaturae,
761 2146 792 2192 ut
810 2136 884 2192 cibus

86 2211 200 2268 salubris
227 2208 275 2264 fiet
305 2209 428 2266 fidelibus
461 2211 530 2280 tuis,
562 2211 589 2264 in
614 2217 720 2264 tucrum
738 2209 885 2278 gratiarum
915 2241 916 2244 =

85 2283 189 2338 colione
208 2281 381 2350 sumentibus,
409 2282 443 2336 ob
467 2282 690 2344 resurrectionem
707 2280 815 2336 Domini
833 2295 880 2334 no·

85 2354 135 2409 stri
152 2353 219 2408 Jesu
238 2353 345 2421 Christi,
364 2352 410 2420 qui
427 2360 515 2406 tecum
533 2353 600 2408 vivit
617 2359 645 2408 et
662 2358 757 2420 regnet
774 2352 802 2405 in
820 2364 879 2406 ses-

86 2423 147 2478 culn
165 2425 341 2481 soeculorum.
360 2453 395 2462 -
413 2423 448 2478 R.
467 2424 561 2478 Amen.

121 2495 161 2549 Et
178 2501 305 2565 asperent
322 2511 397 2564 aquo
414 2495 561 2549 benedicta.

334 2586 373 2632 12.
392 2586 541 2632 Benedictio
554 2585 638 2642 panis.

126 2653 157 2708 V.
175 2653 344 2710 Adiutorium
367 2662 489 2710 nostrum
512 2655 540 2708 in
565 2654 671 2709 nomine
689 2653 805 2723 Domini,
832 2659 884 2708 etc.
911 2682 913 2687 ·

126 2725 157 2779 V.
175 2724 305 2780 Dominus
324 2727 469 2795 vobiscum,
489 2734 540 2780 etc.

10 2843 11 2850 ,
124 2794 243 2850 Oramus.
267 2796 381 2852 Domine
400 2798 468 2852 Jesu
486 2797 600 2864 Christe,
618 2796 695 2865 penis
711 2795 886 2864 Angelorum,

10 2909 11 2914 1
86 2867 165 2937 penis
179 2866 256 2924 virus
271 2875 397 2922 aeternae
415 2869 495 2940 vitoe,
514 2865 691 2934 bene†dicere
710 2865 820 2936 dignam
837 2881 887 2934 pe·
