2108 3226
208 187 322 228 Secundus
335 186 413 226 modos
426 186 531 226 natandi
540 185 577 226 88.
585 186 758 228 Sacramentum.
843 184 883 226 les

78 295 126 343 tuo
147 286 295 354 Sanguine,
314 287 325 312 *
350 286 431 342 Cuius
454 303 509 342 uua
533 287 605 342 stilla
625 287 727 342 salvum
753 286 851 359 facere,
870 291 883 316 ⁴

79 359 182 414 Totum
201 356 331 412 mundum
349 358 407 426 qut
425 359 457 412 ab
477 359 548 412 omni
565 358 676 414 scelere.

115 431 195 499 Jesu,
215 443 295 496 quem
308 429 426 484 velatmn
444 447 513 484 nuno
531 430 640 498 aspicio,
654 428 735 483 *·0ro
749 427 797 483 fiat
809 429 883 500 illud,

81 501 157 569 qnod
170 510 229 556 tam
242 500 312 569 sitio,
332 501 343 526 *
361 501 398 555 Ut
410 508 438 556 te
450 501 571 556 revelata
584 515 695 555 cernens
708 499 785 569 facie,
796 502 808 526 *
816 499 883 556 Visu

79 573 131 627 sim
150 573 250 626 beatus
268 577 331 625 tuae
350 570 459 639 gloriae.
495 573 589 626 Amen.

116 643 285 698 Suavissime
303 643 384 712 Jesu,
410 643 455 710 qui
473 657 585 698 excessu
603 641 744 710 singularis
762 641 802 697 tui
820 657 884 710 erga

79 731 132 770 nos
151 714 254 768 amoris
271 714 299 768 in
317 713 488 769 Sacrameuto
508 714 599 768 altaris
620 714 758 769 uobiscum
775 729 883 774 manere

79 786 208 840 voluisti!
233 801 348 852 agnosco
366 792 394 839 te
413 801 565 853 supremum
582 785 725 839 Dominum
745 801 776 838 ac
794 785 882 838 Deum

79 872 186 924 menm3
212 855 421 924 prodmdnsima
445 873 504 910 cum
527 857 674 911 humilitate
698 863 725 910 te
744 857 787 910 hic
805 871 882 924 prae·

81 935 188 982 sentem
207 927 300 995 adoro,
319 927 471 994 gratiasque
488 927 538 981 tibi
552 943 602 996 ago
621 943 655 981 ex
666 935 724 982 tcto
739 927 819 982 corde
832 944 882 996 pro

80 998 187 1054 infinito
206 998 404 1065 tenerrimoque
428 1013 526 1067 amore,
545 1014 624 1067 quem
637 998 715 1053 nobis
728 1000 756 1052 in
769 1000 821 1053 hoc
835 999 882 1053 Sa·

81 1076 223 1126 eramento
243 1070 363 1138 exhibes,
382 1070 433 1124 etsi
451 1085 532 1138 saepe
545 1069 734 1138 indignissimis
750 1070 837 1126 modis
854 1079 883 1126 te

80 1148 239 1197 tractemus.
273 1140 373 1194 Plenus
391 1139 483 1195 dolore
503 1140 536 1194 de
553 1142 605 1195 hac
623 1157 725 1196 summa
741 1142 838 1197 iniuria
856 1148 884 1197 et

80 1210 286 1282 ingratitudine,
305 1212 409 1267 oDeus
427 1213 588 1267 maiestatis!
608 1211 642 1265 ad
659 1218 686 1266 te
705 1213 819 1280 supplex
836 1228 882 1267 ve·

80 1284 136 1352 uio,
157 1282 351 1351 deprecaturus
369 1299 418 1351 pro
438 1283 558 1338 omnibus
576 1283 814 1354 profanationibus,
840 1300 882 1339 sa·

81 1355 202 1422 crilegiis
221 1362 250 1408 et
266 1354 447 1422 impietatibus
465 1361 558 1409 contra
580 1353 744 1408 adorandum
762 1356 814 1409 hoc
834 1354 882 1409 Sa·

81 1431 252 1480 aramentum
264 1440 380 1493 unquam
395 1424 525 1493 admissis,
546 1433 592 1479 aut
603 1425 728 1494 deinceps
743 1425 882 1481 admitten-

82 1495 134 1553 dis.
158 1497 276 1564 Utinam,
290 1497 326 1549 mi
338 1497 425 1551 Deus!
439 1495 619 1564 magnitudine
630 1497 729 1551 doloris
739 1498 883 1551 contestari

81 1583 202 1636 possem,
222 1574 387 1635 quantopere
405 1581 447 1621 me
466 1567 573 1635 affligat,
592 1567 663 1634 qnod
680 1568 801 1635 ipsemet,
828 1568 883 1621 heu

82 1639 178 1695 dolori
197 1645 274 1693 tauta
287 1655 346 1692 cum
359 1639 534 1694 irreverentia
547 1639 655 1706 saepius
668 1654 757 1692 coram
771 1644 798 1692 te
812 1653 882 1692 com-

82 1709 222 1778 paruerim
242 1717 269 1763 et
292 1717 347 1764 tam
366 1711 463 1778 exiguo
491 1726 551 1763 cum
568 1725 658 1763 amore
683 1725 714 1762 ac
731 1708 839 1762 fervore
856 1715 883 1763 te

84 1783 225 1849 suscipere
239 1781 477 1849 praesumpserim!
492 1811 525 1819 —
538 1779 701 1834 Obliviscere
712 1780 825 1833 Domine
835 1781 885 1833 ini·

84 1853 220 1922 quitatum
238 1867 364 1920 mearum,
387 1859 418 1906 ut
434 1851 582 1906 recorderis
600 1851 765 1906 solummodo
779 1851 884 1906 miseri-

85 1924 196 1980 cordiae
214 1930 285 1978 tuae.
313 1923 410 1977 Ratum
421 1923 491 1977 habe
506 1923 645 1991 sincerum,
660 1939 712 1990 quo
726 1921 820 1992 flagro,
840 1923 885 1976 de·
969 1979 971 1984 ,
1043 1917 1044 1928 ’

85 1995 224 2062 siderium,
242 2001 274 2048 ut
290 2009 344 2048 una
362 2009 465 2048 mecum
483 2009 575 2048 omues
592 2001 620 2048 te
638 1994 771 2049 honorent
788 1995 815 2047 in
832 1995 885 2049 hcc

86 2067 262 2120 Sacramento
282 2066 389 2120 amoris.
416 2067 465 2132 lta,
479 2065 606 2119 Dominel
624 2072 681 2120 toto
696 2065 794 2120 affectu
807 2067 884 2134 cupio

85 2145 114 2192 te
128 2138 158 2190 in
172 2152 205 2190 eo
221 2151 320 2205 amare,
339 2136 506 2204 benedicere,
524 2135 643 2204 laudare,
663 2136 784 2206 adorare,
803 2152 885 2203 quau-

85 2215 142 2262 tum
163 2221 257 2262 omnes
276 2206 366 2261 Sancti
391 2214 418 2262 et
435 2206 532 2274 Angeli
549 2214 577 2261 te
596 2214 692 2276 amant,
718 2207 885 2276 benedicunt,

87 2279 211 2348 adorant,
230 2293 329 2346 rogans
347 2293 396 2346 per
409 2279 461 2332 hoc
479 2277 643 2332 adorandum
657 2279 760 2347 Corpus
780 2286 808 2332 et
821 2278 886 2332 Sau-

87 2349 195 2420 guinem
208 2351 363 2419 pretiosum,
377 2350 473 2416 quibus
488 2349 601 2416 supplex
614 2349 750 2419 advolvor,
769 2355 799 2403 ut
813 2349 886 2403 dein·

88 2435 152 2490 ceps
166 2428 243 2474 tanta
263 2437 322 2473 cum
340 2421 491 2474 reverentia
504 2426 531 2473 te
552 2419 668 2490 adorem,
687 2430 794 2488 tamque
808 2420 887 2488 digne

89 2493 242 2560 suscipiam,
260 2497 291 2544 ut
310 2499 496 2560 postmortem
510 2497 570 2546 tuas
583 2492 677 2546 laudes
692 2509 751 2546 cum
766 2491 888 2546 omnibus

90 2561 195 2618 Sanctis
214 2576 319 2616 merear
337 2563 365 2616 in
383 2570 521 2616 aeteruum
538 2563 702 2631 praedicare.
739 2564 834 2616 Amen.

123 2634 219 2702 Auge,
237 2634 273 2688 mi
291 2634 373 2703 Deus,
396 2633 476 2687 fidem
494 2647 580 2687 meam
596 2650 647 2703 per
664 2635 790 2688 virtutem
807 2633 888 2687 lituus

90 2704 173 2760 divini
185 2705 360 2773 Sacrameati‚
379 2704 500 2760 conforta
514 2720 589 2772 spem
602 2721 696 2774 meam,
716 2703 831 2758 accende
845 2717 887 2756 ca·

89 2777 196 2832 ritatem
210 2791 305 2843 meam,
322 2777 397 2844 reple
411 2783 438 2830 et
450 2776 561 2831 incende
576 2793 623 2830 cor
635 2791 724 2830 meum
736 2789 827 2829 amore
840 2773 887 2840 tui,

91 2853 121 2902 nt
137 2847 206 2902 nihil
222 2854 332 2916 praeter
348 2854 375 2901 te
395 2847 503 2916 aspiret,
526 2863 577 2902 nec
595 2848 669 2901 vivat
688 2845 809 2913 amplius,
837 2842 888 2896 nisi
