2128 3228
242 159 274 199 De
287 159 437 200 linctionibus
450 159 519 198 leriae
532 159 568 202 Vl.
582 159 606 199 ln
620 161 748 200 ecrescere.
852 157 893 201 749

92 245 894 398 nnestsimilissteterentin

93 403 147 472 ipsi
166 403 353 471 calceamenta,
372 408 479 470 etpost
497 401 690 470 celebrantem,
721 408 782 456 ante
802 417 893 458 omnes

95 472 216 528 aliosde
240 473 354 542 populo,
382 473 532 528 adorabunt
558 488 663 527 crucem
687 471 781 526 eodem
804 473 892 543 modo,

95 559 151 613 quo
170 544 321 613 celebrans,
339 551 367 598 et
384 543 487 599 reversi
505 543 540 597 ad
557 559 606 598 sna
623 543 696 612 loca,
715 544 894 598 calceamenta

93 623 241 674 resumunt.
274 615 316 684 16)
330 615 397 670 Post
414 615 525 670 clericos
543 614 693 670 adorabunt
710 613 815 670 sodales
834 630 893 668 cum

94 689 188 755 saccis,
207 687 231 741 si
242 686 340 755 adsint,
360 686 455 741 deinde
470 687 528 754 viri,
547 686 639 740 ultimo
653 685 786 755 mulieres,
802 700 893 741 omnes

93 757 159 825 bini,
179 757 275 812 devote
294 774 326 811 ac
339 759 465 826 graviter.
485 758 528 826 17)
545 757 655 811 Interim
667 757 768 825 primns
782 756 893 812 clericus

94 829 204 884 assistet
230 828 403 884 adorantibus
421 835 448 885 et
466 827 599 883 secundus
624 835 651 882 et
667 828 763 882 tertius
781 828 893 882 clericus

93 899 226 954 accedunt
243 899 278 954 ad
292 900 478 967 celebrantem,
497 907 525 954 et
543 900 598 954 alta
616 906 643 954 et
656 899 729 954 clara
742 913 808 953 voce
825 899 893 953 reci·

92 978 154 1025 tent
178 987 237 1025 cnm
262 985 295 1025 eo
320 971 494 1040 improperia.
532 970 574 1040 18)
598 971 676 1025 circa
699 969 779 1024 finem
798 969 892 1025 adorn-

92 1042 175 1096 tionis
201 1042 303 1110 primns
327 1043 438 1097 derisus
463 1041 584 1097 accendit
611 1057 703 1096 cereoa
731 1041 837 1111 alteris,
865 1047 893 1096 et

93 1113 191 1168 tertius
217 1119 323 1168 amovet
347 1113 426 1182 legile
452 1129 511 1167 cum
535 1112 638 1168 Misaali
666 1113 699 1167 ab
723 1113 830 1170 altari·
849 1111 892 1181 19)

92 1182 199 1237 Deinde
225 1183 356 1238 secundus
383 1190 410 1238 et
434 1184 530 1238 tertius
555 1184 666 1238 clericus
690 1183 819 1239 accedunt
843 1198 894 1251 per

94 1254 203 1322 planum
222 1253 257 1308 ad
275 1254 375 1322 altare;
402 1254 470 1308 alter
489 1253 524 1307 ad
542 1270 625 1309 cornu
641 1254 798 1324 Evangelii,
824 1255 893 1309 alter

94 1323 131 1378 ad
144 1324 292 1393 Epistolae,
311 1332 339 1379 et
351 1325 485 1392 explicant
496 1325 629 1379 tobaleam
643 1326 742 1379 eloris.
768 1327 812 1396 20)
827 1325 892 1380 Suc·

94 1394 198 1450 cessive
217 1395 349 1450 secundus
373 1395 485 1450 clericus
509 1401 599 1463 portat
624 1394 659 1449 ad
682 1397 766 1450 altare
784 1397 893 1452 bursam

94 1481 155 1520 oum
173 1466 320 1534 corporali,
339 1473 366 1521 et
384 1481 544 1534 supeream
561 1465 785 1535 purificatorium
805 1475 893 1522 extra·

94 1537 148 1603 hit,
177 1543 205 1591 et
223 1537 339 1605 explicat
357 1537 512 1606 corporale,
540 1544 567 1591 et
584 1553 669 1606 prope
687 1537 753 1591 illud
769 1539 798 1591 in
814 1544 893 1606 parto

94 1607 235 1675 Epistulae
255 1607 374 1662 extendit
391 1606 608 1677 purificatorium.
645 1610 691 1676 21)
715 1608 823 1662 Tertius
841 1609 895 1662 cle·

94 1679 167 1733 ricus
195 1678 308 1734 collocat
330 1679 441 1735 Missale
469 1696 527 1733 cum
552 1678 625 1747 legili
650 1693 732 1748 snper
759 1679 843 1733 altare
866 1679 894 1732 in

96 1764 180 1804 cornu
197 1751 345 1819 Evangelii,
364 1758 486 1818 apertum
504 1756 532 1804 et
549 1751 692 1819 inversum,
711 1751 787 1804 utin
799 1749 893 1807 Missa.

97 1819 143 1889 22)
163 1820 302 1890 completa
320 1820 484 1890 adoratione,
512 1821 650 1876 celebrans
668 1820 817 1890 reportabit
835 1835 893 1875 crn-

96 1905 154 1946 cem
168 1890 203 1945 ad
216 1893 301 1947 altare
314 1909 374 1948 cnm
388 1891 485 1948 debitis
497 1892 736 1961 genuflexionibus.
745 1892 764 1962 ¹)
779 1892 823 1960 23)
835 1891 893 1946 Cle·

99 1962 148 2016 rici
167 1971 293 2047 amovent
308 1971 408 2048 tapete,
426 1964 557 2047 pulvinar,
576 1962 673 2031 velum,
693 1970 720 2019 et
736 1963 847 2032 lancem,
866 1969 894 2017 et

98 2042 245 2160 ttltllt
262 2051 390 2174 ffl
405 2032 895 2175 lttlt·2ittt⁶liltttltt

96 2183 192 2244 aperto
210 2177 298 2245 capite
316 2177 419 2232 accedit
436 2184 498 2232 ante
516 2177 609 2232 altare.

130 2251 198 2302 Art.
212 2250 241 2306 4.
261 2250 309 2301 De
322 2251 524 2313 processione
532 2249 554 2317 2)
573 2249 615 2301 ad
628 2249 788 2307 sacellum,
803 2250 835 2297 et
847 2259 893 2297 re·

96 2331 206 2380 gressu
224 2320 266 2372 ad
284 2321 383 2372 altare
402 2333 472 2372 cunr
491 2321 542 2372 SS.
557 2321 767 2374 sacramento.
801 2316 825 2386 1)
845 2315 893 2370 Oe·

95 2387 203 2444 lebrans
218 2397 280 2446 ante
294 2390 380 2445 eltare
392 2389 505 2458 imponit
518 2389 575 2444 sine
585 2389 776 2458 benedictione,
796 2394 823 2442 et
837 2388 893 2443 sine

110 2559 131 2610 1)
145 2563 214 2604 (truce
227 2565 305 2606 altaria
323 2566 512 2616 genuflectendum
530 2569 566 2606 est
587 2567 616 2605 ab
635 2567 736 2607 omnibns
755 2567 781 2606 de
793 2566 852 2606 clero
866 2565 894 2604 ab

146 2630 211 2668 initio
225 2632 358 2672 adorationis
366 2633 422 2672 teria
436 2634 498 2672 sexte
512 2632 671 2680 inl’ersseeve,
686 2643 755 2680 nsque
769 2631 797 2671 nd
806 2632 892 2672 Nonum

151 2694 237 2734 sabbati
253 2698 323 2736 sarred
335 2697 446 2739 inclusive.
461 2694 490 2745 (S.
504 2695 530 2735 Β.
545 2695 566 2738 0.
581 2693 601 2739 9.
616 2695 673 2735 Moti
685 2695 755 2745 1357.)

10 2777 12 2828 ι
107 2756 129 2812 ¹)
143 2760 194 2800 Non
208 2761 280 2808 potest
294 2763 341 2802 tlerl
355 2766 419 2803 extre
433 2761 552 2804 ecclesiam.
572 2760 600 2812 (8.
615 2761 638 2804 0.
653 2761 693 2812 dp.
709 2765 728 2801 ot
741 2762 791 2810 lieu.
805 2758 825 2802 6.
839 2759 894 2808 Aac.

147 2820 221 2870 1592.)
