2124 3230
265 165 330 204 Ritus
343 165 466 206 celebrandi
480 165 571 206 hilaram
584 169 698 218 privatam.
841 167 881 209 329

77 269 242 338 quantulum
257 269 345 323 elevat
361 269 442 337 (elata
455 285 550 337 parum
562 269 639 338 voce)
654 275 682 323 et
693 269 790 324 dextra
801 287 883 326 manu

74 347 177 408 pectus
195 341 246 394 sibi
264 342 387 408 percutit,
407 341 514 396 sinistra
531 341 620 408 posita
638 355 720 409 super
733 343 881 412 corporale,

77 419 108 466 et
124 412 304 480 prosequitur
318 418 421 466 secreto
438 413 551 479 somatis
564 413 619 466 turia
633 419 691 476 etc,
711 419 784 466 stans
798 414 881 466 maui-

75 483 130 537 bus
146 483 275 550 extensis,
295 489 325 536 nt
336 483 419 550 prius.
448 483 515 538 Cum
527 483 590 536 dicit
602 499 655 551 per
674 483 808 537 Christum
824 483 882 536 Do-

74 556 186 607 minam
203 559 341 620 adaram,
363 569 416 622 per
434 569 511 622 gorm
537 555 602 608 hoec
624 555 730 620 carnia,
756 555 881 621 Domine,

75 641 187 693 cremer
200 625 272 678 horto
286 639 369 690 creua
387 626 474 692 iungit
486 641 580 680 manus
593 634 654 679 ante
668 633 771 693 pectus,
785 623 882 678 deinde

74 711 162 750 manu
181 695 277 750 dextra
294 703 336 750 ter
354 697 462 763 signans
488 697 661 751 communiter
679 696 774 765 (simul)
800 711 882 763 snper

75 767 198 821 hostiam
222 776 251 820 ct
274 767 390 834 calicem,
418 767 493 822 dicit:
522 768 707 835 aautcttrtcos,
734 767 881 835 vivificos,

49 869 54 889 t
75 838 234 905 benctda'cc'c
248 843 273 891 et
282 838 502 905 pracetosaoba'a.
517 839 617 892 Postea
630 839 792 906 discooperit
800 853 881 892 manu

77 909 179 963 dextra
196 909 307 962 calicem
326 917 354 962 et
378 908 534 977 genuflexus
553 909 752 964 Sacramentum
771 909 880 979 adorat3

75 988 136 1035 tum
157 995 187 1034 se
202 981 280 1047 erigit
294 987 322 1034 et
333 989 489 1034 reverenter
502 981 598 1048 accipit
611 981 726 1036 hostiam
738 983 809 1036 inter
822 981 880 1049 pol·

75 1052 157 1106 licem
177 1057 206 1104 et
223 1051 337 1104 indicem
361 1051 471 1106 dextrae
495 1068 587 1124 manus
611 1060 638 1106 et
663 1069 721 1108 cum
748 1068 781 1106 ca
799 1067 881 1120 super

77 1123 198 1190 calicem,
218 1137 296 1188 quem
310 1138 389 1176 manu
404 1123 511 1177 sinistra
523 1129 597 1177 tenet
615 1124 685 1177 circa
698 1123 797 1177 nodum
810 1123 881 1178 infra

79 1209 206 1262 cuppam,
220 1194 308 1262 signat
320 1200 362 1246 ter
376 1209 392 1246 a
405 1195 476 1248 labio
489 1192 523 1247 ad
534 1195 633 1248 labium
649 1195 757 1264 (calicis)
776 1194 879 1249 dicenm

81 1280 133 1332 per
152 1267 171 1331 †
189 1265 279 1332 egsum
295 1270 323 1317 et
340 1281 399 1318 cam
417 1267 435 1332 †
452 1266 512 1332 apso
530 1273 555 1318 et
570 1267 602 1318 via
619 1266 637 1331 †
654 1267 722 1333 apso.
755 1265 882 1320 Similiter

81 1352 142 1390 cum
162 1336 253 1390 hostia
270 1335 358 1403 signat
374 1336 415 1390 bis
433 1337 503 1389 inter
521 1336 630 1391 calicem
648 1343 793 1404 otpertus,
816 1337 880 1390 inci·

78 1408 158 1476 piens
179 1421 196 1459 a
213 1406 285 1459 labio
304 1407 394 1461 culicis
412 1414 439 1461 et
457 1407 535 1461 dicit:
565 1413 603 1460 est
615 1407 672 1475 cot,
693 1407 761 1474 Deo,
781 1408 884 1474 Pa†trt‘

80 1479 273 1545 mantpoterttc',
297 1478 328 1530 t'a
352 1479 456 1531 unitate
483 1477 603 1545 Spiritus
620 1479 639 1545 †
656 1479 757 1546 saud&
784 1477 880 1532 deinde

81 1556 178 1603 terem
196 1563 277 1601 manu
295 1547 391 1601 dextra
408 1549 523 1603 hostiam
541 1564 622 1616 super
636 1549 754 1616 calicem,
773 1549 882 1603 sinistra

82 1621 201 1688 calicem,
216 1619 306 1672 elevat
319 1634 380 1672 cum
396 1619 587 1687 aliquantulum
601 1619 715 1688 (parum)
729 1619 807 1674 simul
821 1634 880 1672 cum

81 1691 187 1759 hostia,
216 1689 322 1744 dicens:
354 1692 440 1744 comm
456 1691 543 1744 lacum
567 1695 592 1743 ct
613 1691 710 1758 gloria,
736 1696 763 1744 et
786 1689 877 1745 statim

81 1769 224 1828 utrumque
243 1761 394 1831 deponens,
421 1762 536 1816 hostiam
555 1761 667 1816 collocat
685 1776 766 1829 super
783 1777 877 1829 corpo·

81 1833 147 1901 ralc,
176 1840 204 1886 et
222 1832 245 1887 si
262 1847 331 1900 opus
349 1833 391 1900 sit,
417 1833 514 1901 digitos
532 1833 654 1900 extergit,
678 1841 816 1901 utsupra,
846 1847 878 1885 ac

82 1905 195 1971 pollices
213 1909 241 1957 et
257 1903 357 1957 indices
381 1911 412 1958 ut
433 1905 507 1971 prius
524 1905 652 1972 iungens,
679 1904 787 1957 calicem
805 1903 879 1972 palla

86 1975 206 2042 cooperit
224 1981 252 2028 et
269 1973 425 2042 genuflexus
444 1975 642 2028 Sacramentum
660 1975 761 2030 adorat.

120 2049 161 2098 10.
176 2045 226 2098 De
239 2044 412 2099 Oratione
426 2045 608 2100 Dominica
626 2055 659 2100 et
672 2047 755 2101 aliis
768 2062 878 2115 usque

87 2115 126 2172 ad
142 2116 269 2170 tactam
287 2117 566 2173 communionem.
594 2117 738 2172 Celebrans
751 2125 879 2186 cooperto

8 2227 13 2242 .
88 2188 166 2242 calice
193 2187 358 2254 adoratoque
377 2187 548 2242 Sacramento
566 2189 645 2256 erigit
667 2203 696 2243 ae
713 2196 740 2243 et
757 2190 879 2244 manibus

88 2259 202 2313 mansis
216 2257 353 2311 hincinde
372 2274 453 2326 super
471 2260 555 2312 altare
573 2259 643 2313 intra
657 2261 794 2328 corporale
807 2262 880 2328 posi·

89 2329 129 2396 tis,
148 2329 211 2383 dicit
229 2329 388 2397 intelligibili
406 2345 486 2383 voce:
506 2327 660 2384 Peroratio
673 2332 880 2386 saeculasaecu·

88 2399 185 2468 lomm5
203 2407 232 2454 et
244 2395 303 2453 cuim
317 2399 380 2457 dicit
394 2400 511 2467 Oramus,
525 2402 725 2470 longimanus,
739 2410 820 2471 caput
832 2403 881 2456 Sa·

90 2477 218 2526 eramento
228 2471 365 2526 inclinans.
395 2471 460 2526 Cum
474 2471 566 2540 incipit
579 2474 664 2526 Pater
675 2479 773 2541 noster,
788 2481 881 2527 exten·

90 2540 234 2597 ditmarus
252 2551 280 2596 et
298 2550 379 2610 stans,
399 2543 483 2597 oculis
501 2543 536 2596 ad
550 2543 749 2598 Sacramentum
762 2545 879 2612 intentis,

89 2615 254 2680 prosequitur
270 2629 357 2681 usque
376 2613 410 2668 ad
427 2613 514 2667 finem.
542 2613 689 2682 'Responso
710 2631 726 2667 a
743 2616 880 2670 ministro:

91 2681 143 2738 Sea
156 2684 237 2739 libera
249 2701 300 2738 noa
310 2701 328 2738 a
340 2685 420 2753 malo,
434 2693 461 2740 et
475 2701 491 2738 a
505 2685 656 2740 celebrante
669 2686 801 2740 submissa
813 2699 881 2739 voce

92 2754 207 2824 (secreto)
226 2757 322 2824 Amara,
341 2771 421 2808 mauu
440 2755 542 2824 dextra,
560 2757 657 2824 pollice
677 2763 704 2809 et
722 2755 807 2810 indice
826 2771 881 2809 non

91 2825 230 2896 diuunctis,
248 2835 376 2895 patenam
394 2827 585 2896 aliquantulum
598 2825 780 2896 purificatorio
793 2829 887 2878 exter-⁴
