2146 3234
165 173 208 216 tit
347 176 379 216 Da
395 176 586 218 sacramentorum
599 176 796 218 administratione.

171 313 174 317 -
207 275 326 346 Coniux,
355 276 446 344 quiin
467 291 532 332 casu
549 275 717 332 necessitatis
742 277 812 347 proli
835 292 900 332 suae
917 277 968 332 Ba·

169 348 296 416 ptismum
322 347 447 416 neuuilit,
475 348 538 416 qudo
561 363 659 418 nempe
682 349 710 402 in
734 349 853 418 periculo
876 349 969 404 mortis

170 419 336 488 versabatur,
363 425 410 474 aut
426 433 500 486 vero,
527 426 573 473 aut
591 420 686 474 saltem
705 419 738 474 ab
758 435 790 474 eo
809 420 970 490 existimato,

169 505 219 546 nec
237 489 306 544 alius
325 489 431 559 aderat,
462 490 507 559 qui
526 505 611 558 aeque
629 496 687 545 tuto
712 491 849 560 baptizare
867 499 970 561 posset,

169 577 224 617 non
251 561 373 630 privatur
396 561 454 615 iure
479 561 588 630 petendi
613 560 710 631 debiti;
736 563 800 629 quia
822 562 971 618 necessitas

170 633 231 702 lege
250 640 332 701 caret,
352 640 379 687 et
397 631 503 686 aliunde
522 632 569 686 ubi
587 648 643 687 non
660 639 703 688 est
720 634 807 704 culpa,
826 649 875 688 nec
890 633 973 689 debet

170 719 230 760 csse
259 718 355 771 poena.
391 703 569 759 Excusandus
597 719 703 772 quoque
730 703 802 759 foret
826 705 887 774 ille,
917 706 972 775 qui,

170 776 250 831 etiam
277 775 330 828 alio
348 781 506 842 praesente,
534 775 606 830 bona
632 774 685 830 fide
710 782 738 830 et
762 791 796 830 ex
819 775 974 844 ignorantia

170 845 254 900 filium
267 861 344 900 suum
360 845 517 916 baptizaret,
535 846 668 901 arbitrans
679 845 708 900 id
722 845 773 902 sibi
787 862 847 902 esse
860 847 972 902 licitum.

170 917 223 985 Qui
236 922 325 970 autem
342 917 479 984 propriam
497 916 600 986 prolem
618 917 792 985 Baptismatis
810 917 883 972 unda
897 919 971 974 ablu-

170 993 236 1057 eret,
256 993 284 1042 et
302 985 408 1041 aliunde
426 1003 514 1056 neque
532 989 700 1057 necessitate,
717 1003 805 1056 neque
819 989 974 1058 ignorantia

170 1064 351 1126 excusaretur,
368 1072 465 1113 revera
483 1060 517 1114 ob
531 1060 716 1128 cognationem
733 1058 899 1128 indeortam
913 1062 971 1116 iure

169 1128 279 1199 petendi
310 1127 428 1183 debitum
461 1131 622 1198 privaretur.
665 1131 790 1186 Ceterum
817 1131 972 1188 huiusmodi

170 1215 277 1326 qcufoque
291 1199 508 1325 imffidimemum
522 1203 556 1257 ab
572 1201 711 1272 Episcopo
724 1203 857 1258 removeri
869 1211 971 1271 potest.
1056 1241 1057 1250 κ

228 1313 234 1325 ,
273 1287 332 1325 aa
371 1275 395 1325 1.
1056 1277 1057 1338 ἦ

170 1273 178 1342 ί
207 1342 236 1397 Si
253 1287 368 1410 eugeque
386 1278 450 1411 piare
475 1340 556 1395 fuerit
573 1344 709 1413 particeps
728 1343 838 1413 culpae,
864 1359 902 1399 ex
921 1361 974 1414 qus

171 1419 259 1468 ortum
271 1420 313 1469 est
325 1413 550 1482 impedimentum,
572 1420 669 1469 neutm
686 1414 759 1469 licite
773 1421 864 1484 potest
876 1424 972 1484 petere

172 1484 345 1540 autreddere
360 1484 487 1540 debitum.
524 1483 553 1537 Si
565 1500 631 1540 vero
645 1486 776 1540 alterutra
788 1492 894 1540 tantum
908 1487 975 1542 illud

170 1563 310 1625 peccatum
335 1555 509 1624 commiserit,
533 1555 602 1610 haec
628 1557 687 1612 sola
705 1572 721 1611 a
738 1556 855 1626 petendo
881 1557 974 1613 debito

131 1685 133 1690 ,
170 1628 305 1683 abstinere
322 1634 437 1696 tenetur,
461 1625 548 1682 donec
567 1627 793 1697 dispensationem
812 1628 973 1697 obtinuerit;
1056 1625 1057 1686 f

169 1700 274 1755 interea
292 1699 369 1754 alteri
392 1698 463 1767 parti
488 1699 590 1766 petenti
609 1697 727 1753 debitum
744 1714 845 1768 negare
862 1701 974 1770 nequit,

169 1771 217 1824 illa
235 1771 334 1852 quippe
351 1769 424 1824 licite
441 1769 526 1851 utitur
543 1769 601 1823 iure
620 1786 678 1826 suo.

205 1842 330 1898 Potestas
349 1839 521 1908 dispensandi
534 1839 569 1894 sd
583 1839 706 1895 effectum
723 1840 834 1909 petendi
852 1841 972 1898 debitum

169 1927 224 1967 non
240 1919 367 1968 censetur
383 1908 487 1966 inclusa
503 1911 532 1964 in
549 1910 676 1967 facultate
695 1912 851 1967 absolvendi
871 1927 888 1966 a
909 1929 972 1983 pec·
1056 1915 1057 1922 ’

170 1983 238 2038 catis
258 1991 285 2037 et
310 1983 428 2038 censuris
451 1983 610 2052 reservatis3
640 1997 746 2053 semper
768 1998 834 2038 vero
859 1985 973 2040 seorsim

170 2053 303 2122 postulari
329 2053 423 2122 debet3
451 2067 484 2108 ea
514 2059 602 2108 autem
631 2055 680 2109 sub
707 2055 750 2109 his
774 2054 972 2110 conditionibus

173 2123 301 2192 expedire
320 2124 401 2180 solet:
430 2139 534 2194 nempe,
561 2130 665 2180 renota
682 2127 828 2196 occaaouc,
848 2127 975 2181 iniuncta

173 2195 255 2265 praui
263 2197 431 2264 poenitentia
444 2197 568 2263 solutari,
582 2212 642 2250 cum
655 2196 816 2266 oblipatioae
829 2197 977 2263 confitendi

175 2267 254 2320 senet
280 2267 311 2320 tn
335 2283 423 2321 meuse
449 2283 502 2335 per
531 2272 635 2336 tempas
668 2268 781 2322 arbitrio
814 2269 977 2335 confessarii

173 2337 354 2392 statuendum.
382 2336 493 2394 Modum
505 2338 663 2406 restituendi
675 2337 737 2394 vide
747 2355 830 2408 supra
837 2355 899 2408 pag.
909 2341 972 2396 482.

210 2407 361 2464 Dummodo
380 2407 549 2465 confitentem
567 2410 705 2478 poeniteat
721 2409 833 2480 peccati,
856 2410 900 2480 (ex
918 2426 973 2479 quo

173 2479 302 2535 amissum
320 2481 420 2536 estius
438 2479 548 2549 petendi
566 2479 692 2551 debitum)
719 2489 747 2536 et
770 2487 873 2537 remota
890 2480 972 2536 fuerit

174 2551 279 2606 occasio
299 2551 412 2620 amplius
437 2551 565 2619 peccandi
590 2569 649 2607 cum
674 2551 768 2606 eadem
791 2567 920 2622 persona,
948 2550 972 2606 si

175 2621 281 2676 aliunde
301 2622 387 2678 eidem
406 2621 554 2678 differenda
565 2623 689 2678 videatur
702 2623 842 2692 absolutio,
860 2623 930 2677 illico
945 2622 972 2676 ei

173 2692 284 2747 concedi
310 2693 411 2761 poterit
434 2700 582 2749 memorata
606 2695 784 2765 dispensatio,
811 2710 847 2749 ne
871 2693 970 2748 diutim
1056 2733 1057 2744 ,

174 2771 265 2818 casas
291 2763 350 2818 iure
363 2765 364 2768 ’
377 2764 486 2832 petendi
504 2763 635 2837 debitum,
655 2767 746 2836 sicque
763 2764 970 2822 incontinentias

169 2834 289 2902 pericsslo
307 2843 417 2890 maneat
433 2836 573 2897 obnoxius.
