2124 3230
271 175 335 218 altu·
349 176 473 216 celebrandi
486 177 577 218 Elaeam
590 178 706 228 privatam
847 175 890 222 825

82 279 169 334 nibus
188 286 244 334 stac
256 280 394 348 paulisper
406 281 434 333 in
448 281 547 350 quiete,
565 279 680 336 demuso
695 281 889 348 aliquantulum

82 353 177 419 capite
197 352 268 420 (orat
280 351 472 418 aliquantulum
485 367 535 431 pro
554 351 651 419 quibus
665 367 743 405 orare
757 352 888 424 intendit),

82 422 192 477 iaciens
212 423 490 478 commemorationem
515 423 637 478 vivorum
656 423 755 478 Christi
771 422 890 478 fidelium

81 493 121 548 ad
136 509 216 548 snam
228 494 402 562 voluntatem,
416 509 530 562 quorum
541 494 656 562 nomina,
670 493 769 562 sinuit,
784 501 888 550 secrete

81 572 294 632 commemoret,
312 580 367 618 non
384 572 474 620 umen
491 581 601 620 necesse
617 574 665 633 est,
685 580 718 618 ee
731 565 889 634 exprimere,

82 635 136 692 sed
155 643 247 690 mente
265 643 369 690 tantum
381 651 473 690 eorum
486 637 641 692 memoriam
657 636 764 692 habeat
796 636 890 692 Potest

83 707 171 762 etiam
189 706 338 775 celebrans,
365 708 388 762 si
405 723 454 775 pro
472 708 593 776 pluribus
612 722 690 762 orare
708 707 830 776 intendit,
855 723 889 762 ne

83 777 322 834 circumstantibus
340 778 375 832 sit
393 794 523 846 morosus,
546 786 608 834 ante
626 778 738 833 Missam
755 779 783 832 in
801 778 888 834 animo

81 855 242 919 proponere
261 849 312 904 sibi
330 863 421 904 omnes
438 849 499 904 illos
516 856 572 903 tem
589 851 666 905 vivos
684 866 763 917 quam
781 848 889 904 deiunc-

84 929 146 989 tos,
172 936 224 988 pro
243 919 340 986 quibus
367 921 394 974 in
418 921 479 988 ipsa
496 920 581 975 Missa
606 936 683 976 orare
710 920 834 990 intendit,
862 927 890 976 et

84 992 140 1048 hcc
154 992 216 1046 loco
231 991 391 1059 generaliter
404 992 482 1046 unico
498 999 624 1046 contextu
636 993 756 1060 ipsorum
766 993 889 1047 vivorum

83 1063 369 1118 commemorationem
387 1077 482 1132 agere,
510 1078 560 1131 pro
578 1063 674 1130 quibua
698 1071 760 1118 ante
777 1062 889 1126 Missam

86 1149 170 1189 orare
189 1134 330 1201 proposuit
347 1134 376 1186 in
391 1133 484 1188 Missa.

124 1204 385 1260 Commemoratione
403 1205 526 1258 vivorum
543 1201 629 1273 facta,
657 1204 779 1260 demissis
798 1211 825 1260 et
843 1221 888 1260 ex·

85 1277 172 1332 tensis
192 1282 223 1330 ut
240 1276 315 1343 prius
332 1275 455 1330 manibus
474 1276 624 1330 continuat:
650 1282 675 1329 et
701 1278 820 1330 maniam
837 1278 888 1331 cir·

85 1347 283 1402 manuatim
300 1354 350 1400 etc.
386 1346 512 1400 Similiter
530 1355 603 1402 stans
622 1348 793 1415 prosequitur
814 1345 890 1404 Gerra·

84 1419 263 1472 ιιιιιιιοαιιιοε.
294 1418 361 1471 Cum
380 1417 443 1472 dicit
460 1418 527 1473 Jasu
546 1417 646 1472 ΟΙιιιιιι
662 1425 743 1486 caput
760 1419 833 1474 eruci
849 1418 890 1472 in·

86 1490 185 1557 clinat3
212 1489 241 1542 in
259 1488 443 1555 conclusione,
471 1489 577 1556 quando
602 1487 666 1542 dicit
683 1505 736 1556 per
760 1489 888 1556 eamdem,

87 1561 175 1628 iungit
193 1575 296 1614 manus.
334 1560 400 1613 Cum
425 1557 488 1614 dicit
509 1559 594 1614 Hane
619 1560 703 1628 igitar
720 1560 888 1628 oblationem,

89 1630 220 1700 expandit
237 1645 331 1685 manus
350 1630 427 1686 simul
446 1646 526 1698 snper
545 1630 649 1698 oblata,
678 1631 717 1684 ita
734 1638 765 1685 ιιι
781 1631 887 1698 palmae

89 1704 143 1758 sint
170 1709 281 1770 apertae
305 1717 400 1756 versus
425 1717 457 1756 ac
481 1718 564 1770 supra
588 1702 697 1755 calicem
722 1709 749 1754 et
771 1701 888 1755 hostiam

89 1773 192 1841 (pollex
209 1773 305 1828 dexter
327 1780 443 1840 ponatur
469 1789 551 1841 supra
575 1773 710 1828 sinistrum
734 1773 762 1824 in
780 1770 888 1826 modum

89 1845 186 1914 crucis,
203 1845 242 1898 ita
259 1850 290 1898 ut
307 1851 419 1910 uterque
446 1845 481 1898 sit
499 1859 594 1912 supra,
619 1860 673 1898 non
690 1842 761 1897 infra
784 1859 887 1911 manus,

89 1915 117 1970 S.
132 1915 168 1974 R.
187 1915 215 1972 0.
230 1919 255 1968 4.
270 1915 460 1984 Auq.1663.),
485 1931 552 1983 quas
577 1916 615 1970 sic
643 1922 717 1970 tenet
734 1915 886 1985 (expansas)

90 2001 175 2054 usqne
203 1985 238 2043 ad
261 1987 307 2040 illa
330 1985 415 2040 verba
432 2002 485 2054 per
511 1985 646 2042 (liuidum
668 1987 817 2040 Dominum
840 2001 887 2040 uo·
957 2008 960 2014 ·

89 2063 183 2111 stram
215 2057 291 2111 Tunc
310 2058 380 2110 enim
396 2057 482 2124 iungit
499 2073 593 2112 manus
607 2063 635 2111 et
648 2059 686 2112 sic
698 2058 885 2126 prosequitur:

6 2171 7 2194 ,
94 2127 182 2198 Quam
198 2129 359 2182 oblationem
372 2133 411 2195 tc,
424 2128 508 2195 Deae,
522 2129 696 2196 iacentibus,
710 2144 885 2196 quaestoriam

6 2221 7 2229 ι
92 2205 191 2254 etcum
204 2198 269 2254 dicit
281 2199 472 2268 iamdictam,
485 2199 678 2269 edampitum,
694 2201 802 2266 ra†tcm
815 2215 886 2254 com-

92 2272 205 2325 muniter
224 2269 311 2338 signat
329 2270 418 2338 (mauu
430 2277 512 2339 recta,
532 2269 559 2324 S.
573 2271 608 2328 it.
624 2270 652 2325 0.
671 2275 697 2326 4.
708 2272 779 2340 Auq.
795 2271 884 2337 1663.)

93 2347 132 2395 ter
150 2357 232 2410 super
248 2342 364 2396 hostiam
382 2348 410 2395 et
427 2342 535 2395 calicem
554 2342 638 2411 simul,
659 2341 755 2396 deinde
769 2359 828 2396 cum
847 2341 886 2394 di·

93 2413 127 2466 cit
143 2418 175 2466 at
191 2412 269 2465 nobis
288 2411 405 2480 corpor,
431 2413 575 2480 separatim
598 2413 686 2481 signat
703 2413 785 2468 semel
804 2427 886 2480 super

95 2483 199 2538 calicem
210 2490 328 2551 tantm,
343 2490 370 2537 et
384 2500 444 2538 cnm
457 2483 521 2536 dicit
534 2490 558 2537 et
567 2482 693 2554 Sanpeus,
708 2484 790 2538 semel
804 2499 886 2551 super

93 2554 198 2610 calicem
215 2559 333 2622 tantnm3
360 2553 455 2608 deinde
474 2555 582 2609 elevans
608 2563 635 2610 et
658 2555 770 2624 iungens
791 2569 885 2608 manus

93 2633 151 2680 ante
170 2631 273 2696 pectus,
291 2626 477 2694 prosequitur:
500 2625 551 2692 fiat
576 2625 741 2680 delectissimi
757 2627 828 2680 Filii
845 2626 887 2679 iai

91 2695 204 2752 Domini
216 2699 303 2752 codri
314 2697 380 2751 Jesu
395 2695 501 2764 Christi,
521 2703 548 2750 et
566 2697 695 2752 inelinmm
712 2703 793 2766 eaput
806 2696 885 2763 cruci,

94 2769 222 2836 extergit,
246 2768 270 2822 si
288 2784 356 2835 opus
374 2767 469 2836 fuerit,
493 2767 604 2836 pollices
630 2775 657 2822 et
678 2767 780 2822 indices
805 2781 886 2834 super

92 2839 231 2908 corporale
248 2845 276 2893 et
293 2838 357 2894 dicit
375 2845 495 2894 secreto:
516 2838 570 2908 Qui
583 2839 677 2906 pridie
690 2854 771 2906 quara
780 2842 886 2905 potere-

144 2929 248 2969 Manuale
262 2929 405 2972 sacerdotum.
434 2928 517 2979 (Editio
530 2925 580 2978 VI.)
746 2925 781 2980 10
