2138 3226
363 132 420 174 Ordo
432 133 491 174 vitae
505 132 655 174 mcerdomllt.
868 129 909 174 loe

104 236 245 305 Exemplo
265 235 345 288 etiam
364 234 463 290 Christi
483 233 623 290 fallacibus
642 232 801 288 daemonum
818 235 908 292 verbis

106 323 188 364 sacra
207 307 363 376 Scripturas
381 306 464 360 verba
482 306 618 374 opponite.

143 379 208 433 XII.
246 378 410 432 Animarum
436 377 527 444 soloti,
550 377 713 444 praeemim
738 380 841 430 cestrae
868 378 910 430 tn·

14 460 15 468 ¹
107 451 235 505 cambita.
253 449 325 503 Dum
341 464 392 502 nec
411 448 462 502 soli
479 449 585 517 salvari,
604 461 653 502 nec
672 447 723 501 soli
739 439 829 514 perire
848 464 909 516 pos·

108 522 179 590 sitis,
198 521 347 575 mimorum
365 520 453 587 saluti,
471 519 519 574 sed
537 519 697 587 pracsertim
713 523 828 587 vestrae,
853 525 910 574 toto

107 593 171 648 zelo
189 591 349 646 incumbite:
371 590 443 660 Quid
461 592 539 659 enim,
557 597 589 644 ut
597 597 688 644 monet
698 589 827 657 Christus,
843 605 909 656 pro·

14 681 15 690 ³
108 664 172 718 dest
178 664 290 728 bomini,
309 664 335 716 ct'
346 661 478 716 mandam
490 663 645 716 accineretur
658 662 784 726 lucretur,
803 662 911 714 animae

107 751 173 789 cero
192 733 455 788 accedetrt'macttcm
461 729 614 800 potiatur?
631 732 737 802 (Matth.
749 731 801 800 16.)
820 732 852 786 In
864 747 910 786 ne·

109 806 188 875 gotio
207 805 304 860 salutis
320 820 399 858 nemo
416 804 466 858 tibi
481 804 632 872 germanior
649 803 727 858 unico
745 802 800 857 filio
819 803 912 858 matris

110 876 186 946 tuat,
205 877 244 931 ait
262 877 289 930 S.
308 875 470 930 Bernardue.
506 876 572 930 Post
589 876 688 942 primas
706 874 792 944 eruas,
816 889 850 928 ex
868 889 911 928 oa·

110 949 194 1004 ritate
214 948 283 1002 bene
303 947 426 1001 ordinata
443 946 521 1001 vobis
547 947 614 1014 ipsis
639 947 667 999 in
690 946 798 1013 negotio
817 946 911 1001 salutis

111 1035 266 1087 concessas,
284 1035 334 1073 vos
353 1019 434 1072 etiam
452 1034 501 1086 pro
521 1017 744 1072 aliissaoerdotes
758 1032 818 1072 esse
835 1033 911 1082 reco-

112 1091 207 1160 gitate.
226 1090 289 1159 Epo
308 1090 375 1159 alepi
392 1104 446 1158 coe,
466 1093 490 1142 et
504 1090 588 1156 posui
604 1103 658 1155 coa,
677 1094 708 1142 ct
727 1090 794 1142 eatis
811 1094 837 1142 et
851 1090 911 1156 frte

112 1168 186 1216 mam
205 1162 335 1228 offeratis.
356 1161 443 1230 (Joan.
461 1159 513 1229 16.)
533 1159 731 1214 Sacramentum
741 1158 847 1215 Ordinis
856 1175 912 1214 nou

112 1239 229 1302 propter
247 1247 275 1286 se
294 1232 388 1300 solum,
407 1230 455 1286 sed
473 1238 585 1299 propter
602 1231 669 1285 alios
687 1230 774 1284 datur.
794 1231 912 1297 (Deerat.

115 1305 207 1372 (ἔται.)
227 1303 290 1358 Non
308 1303 358 1358 sibi
376 1303 422 1357 uui
439 1309 550 1372 tantum,
569 1301 618 1358 sed
626 1301 716 1356 multis
729 1303 836 1370 populis
845 1303 913 1357 vivit

114 1376 237 1430 clericus
275 1373 315 1440 (S.
342 1373 564 1442 chrysostomos.)
602 1372 712 1427 Nullum
737 1373 912 1440 omnipotenti

113 1446 175 1502 Deo
193 1446 248 1500 tale
266 1451 308 1500 eet
325 1444 493 1513 sacrificium,
511 1445 590 1512 quale
609 1451 650 1499 est
667 1444 741 1498 aelus
755 1444 911 1498 animarum

116 1517 156 1585 (S.
177 1517 257 1586 orep.
275 1516 328 1584 Μ.)
367 1517 432 1582 Quis
456 1515 604 1570 comeditur
630 1515 689 1569 zelo
718 1514 811 1569 domus
836 1515 910 1570 Dei?

115 1589 161 1656 qui
175 1589 273 1655 omnia,
288 1603 357 1656 quae
371 1587 440 1642 forte
451 1580 634 1656 ibiperrersa‚
653 1586 751 1654 satagit
761 1585 912 1654 emendare,

116 1661 190 1728 cupit
208 1659 357 1727 corrigere,
375 1675 429 1713 non
448 1659 572 1727 quiescit3
592 1659 614 1713 si
633 1656 774 1710 emendare
792 1671 847 1710 non
865 1672 912 1724 po·

117 1737 179 1800 test,
198 1731 304 1798 tolerat,
324 1731 413 1798 gemit.
451 1729 491 1796 (S.
508 1729 700 1798 Augustinus.)
737 1727 775 1782 Ut
800 1727 913 1782 aliorum

118 1803 199 1858 saluti
216 1802 311 1856 maiori
336 1817 462 1856 successu
479 1801 621 1869 laboretis,
647 1801 677 1854 in
701 1814 794 1854 eorum
810 1806 916 1854 mentes

119 1880 146 1928 et
159 1873 262 1928 animos
275 1889 325 1927 voe
336 1873 471 1941 religiose,
490 1879 649 1940 opportune,
666 1871 762 1925 leniter
772 1871 913 1926 insinuate.

118 1945 221 1999 Eomm
245 1951 380 2012 naturam,
407 1943 536 2012 indolem,
564 1943 745 1998 characterem
768 1941 916 2010 prudenter

118 2015 253 2084 indagate,
274 2022 304 2069 ut
318 2015 493 2084 cognoscatis,
512 2015 557 2082 qui
575 2013 778 2069 mansuetudine
797 2014 915 2069 allician-
951 2069 956 2080 ,

120 2094 172 2156 tur,
191 2087 304 2155 quispe
323 2085 461 2154 ducantur,
487 2087 533 2153 qui
550 2092 654 2140 terrore
673 2092 840 2155 moveantur,
863 2091 914 2140 etc.

119 2158 193 2226 Erga
209 2172 344 2226 pauperes
369 2157 530 2226 singularem
554 2157 692 2210 caritatem
719 2157 832 2226 habete,
858 2156 916 2223 qui·

120 2229 232 2284 boscum
260 2229 449 2296 patrimonium
480 2227 579 2282 Christi
613 2227 732 2285 dividite.
779 2227 917 2297 Quumdde

118 2300 221 2367 sectetis
234 2301 286 2353 cni
297 2314 331 2354 ac
343 2301 386 2354 bia
398 2300 524 2366 minimis,
542 2299 610 2354 matt
620 2299 729 2366 fecistis.
749 2298 916 2368 (blattina.)

121 2371 182 2426 Non
199 2371 306 2440 pavisti,
325 2371 452 2426 occidisti.
472 2369 513 2437 (S.
530 2371 710 2438 Ambrosias.)
746 2369 870 2437 Inimicis,
894 2370 918 2424 si

122 2443 167 2510 qni
184 2441 262 2496 vobis
280 2442 341 2510 siut,
360 2457 395 2496 ex
407 2443 495 2496 auimo
510 2441 668 2509 condonate,
687 2457 787 2509 eosque
799 2441 917 2496 fraterno

122 2513 231 2582 diligite.
249 2513 386 2567 Dtmtutte
403 2518 429 2567 et
446 2512 624 2568 dimittemini.
643 2513 718 2582 (Luc.
737 2512 772 2582 6.)
804 2512 919 2566 Dimitte

122 2585 198 2638 nobb
212 2583 301 2638 debita
313 2590 414 2654 coebo,
434 2585 503 2638 sicat
518 2589 543 2638 ct
559 2599 608 2638 noc
622 2583 781 2638 dimittimus
794 2583 918 2638 debitori·

123 2656 171 2712 tta
188 2655 295 2710 meacm.
332 2655 384 2722 oui
403 2656 506 2711 sincere
526 2655 660 2710 condonat
676 2654 803 2723 inimicis,
830 2653 919 2722 ipsum

124 2727 258 2782 Christum
280 2726 363 2782 babet
388 2742 452 2782 suae
472 2726 564 2782 salutis
583 2740 755 2796 sponsorem3
784 2725 829 2792 qui
853 2739 918 2778 vero

125 2814 178 2852 non
196 2797 343 2867 condonat,
370 2813 399 2854 se
417 2799 505 2867 ipsum
527 2813 592 2854 suae
611 2795 788 2862 damnationis
805 2793 920 2850 iudicem
