2146 3234
181 156 221 200 6⁸8
332 159 365 199 De
378 158 510 208 quibusdam
521 157 571 198 aliis
584 157 722 198 mutatum
736 157 821 203 sibodo,

181 261 319 332 absolvat3
346 261 427 328 atque
451 260 487 316 ad
510 259 649 316 dexteram
676 275 752 316 suam
775 259 803 314 in
828 259 979 314 electorum

182 347 292 388 suorum
321 337 349 386 te
379 339 453 388 sorte
479 333 632 387 constituat.
667 331 875 400 Redemptorem
903 339 982 386 tuum

180 403 251 459 iaoie
270 402 413 458 adfaciem
424 401 526 472 videas,
544 410 572 458 et
584 418 713 471 praesens
727 417 833 471 semper
844 402 986 472 assistens,

180 473 423 530 manifestissimam
445 474 532 530 beatis
564 475 648 529 oouiis
683 475 797 542 aspicias
827 474 983 528 veritatem

119 597 123 602 .
182 546 348 601 Constitutus
372 546 455 613 igitur
471 546 543 600 inter
560 546 667 614 agmina
689 545 837 613 beatorum,
864 551 985 599 oontem-

93 677 96 688 ,
181 617 307 688 piationis
325 616 431 671 divinae
450 616 588 672 dulcedine
597 617 710 686 potiaris
723 617 751 670 in
764 615 874 671 saecula
887 631 984 672 saecu·

180 689 275 744 lorum.
294 693 336 728 -’
347 687 382 741 R.
401 689 496 742 Amen.
978 697 985 710 ⁸

219 759 322 814 Oratio.
341 758 461 829 Susaipe,
479 757 603 828 Domine,
627 772 735 813 servum
751 765 828 813 tuum
845 759 875 812 in
893 757 984 814 looum

181 829 332 899 sperandae
350 830 401 885 sibi
419 830 575 886 salvationis
593 845 611 884 a
627 828 810 886 misericordia
827 837 884 884 tua

217 902 252 956 R.
269 902 364 956 Amen.

216 972 324 1040 Libera,
349 971 471 1041 Domine,
499 972 614 1026 animam
637 971 709 1026 servi
732 970 773 1026 tui
796 986 832 1026 ex
857 972 982 1027 omnibus

181 1043 306 1114 perieulis
322 1041 428 1112 inferni,
446 1054 474 1098 et
491 1041 524 1098 de
541 1043 645 1110 laqueis
659 1057 816 1112 poenarum,
835 1049 915 1098 etex
929 1059 983 1100 om·

180 1115 258 1170 nibus
276 1113 500 1171 tribulationibus.
520 1143 554 1154 -
571 1114 606 1168 R.
625 1114 720 1168 Amen.

216 1185 323 1254 Libere,
340 1185 463 1255 Domine,
482 1186 597 1245 animam
614 1185 687 1240 servi
704 1185 752 1254 tui,
771 1184 841 1239 deut
857 1184 981 1242 liberasti

180 1256 339 1381 Hessooignet
356 1257 444 1311 Elium
462 1256 495 1312 de
513 1257 645 1311 communi
662 1265 748 1312 morte
766 1255 868 1310 mundi.

245 1368 251 1380 .
323 1343 365 1381 en.

216 1399 323 1466 Libera,
341 1399 464 1467 Domine,
483 1398 598 1452 animam
616 1399 688 1454 servi
704 1398 753 1469 tui,
771 1398 841 1454 siem
858 1397 981 1454 iiberasb'

180 1469 241 1525 No'e
260 1469 293 1524 de
312 1468 420 1524 diluvio.
440 1499 474 1509 -
492 1469 527 1524 R.
545 1470 640 1525 Amen.

216 1541 323 1609 Libera,
342 1540 463 1608 Domine,
483 1542 598 1595 animam
615 1541 687 1597 serti
704 1541 752 1609 tui,
771 1541 840 1596 siam
857 1539 981 1598 liberasti
1053 1555 1054 1583 l

180 1613 318 1669 Abraham
336 1611 370 1666 de
388 1612 427 1667 Ur
445 1611 650 1671 Chaldaeorum.
669 1641 703 1651 -
721 1611 757 1669 R.
775 1612 872 1668 Αωοιι.

216 1685 324 1751 Libera,
342 1682 465 1752 Domine,
483 1685 598 1737 animam
615 1683 687 1738 servi
704 1684 753 1754 tui,
771 1684 840 1738 siout
857 1682 980 1739 liberasti

181 1756 234 1812 Job
253 1755 286 1810 de
303 1755 473 1824 passionibus
491 1755 555 1810 suis.
575 1783 609 1794 -·
627 1755 662 1810 R.
680 1755 775 1809 Amen.

217 1827 324 1896 Libera,
343 1826 465 1895 Domine,
484 1827 598 1881 animam
616 1826 688 1881 servi
705 1826 754 1896 tui,
772 1825 841 1881 siout
858 1825 981 1880 liberasti

93 1923 96 1940 ·
181 1899 258 2022 lsaiasso
271 1897 424 2022 {eunomia
450 1903 479 1952 et
502 1897 537 1952 de
560 1912 642 1952 manu
665 1897 752 1966 patris
776 1897 819 1952 sui
843 1895 983 1952 Abrabae.

245 2007 252 2022 .
324 1983 364 2022 en.

216 2039 324 2107 Libera,
341 2039 465 2109 Domine,
484 2039 598 2094 animam
616 2038 687 2094 servi
704 2039 753 2108 tui,
773 2039 843 2094 sieut
859 2037 983 2094 liberasti

180 2109 235 2164 Lot
252 2109 286 2164 de
305 2109 436 2180 Sodomis,
462 2117 490 2166 et
508 2110 541 2166 de
559 2108 667 2164 flamma
682 2111 760 2179 ignis.
780 2139 814 2150 -
832 2110 869 2164 R.
888 2110 983 2167 Amen

216 2181 324 2249 Libera,
341 2181 465 2251 Domine,
483 2183 598 2236 animam
615 2182 690 2237 servi
704 2180 753 2250 tui,
773 2181 843 2237 siem
859 2181 983 2238 liberasti

181 2252 347 2377 difforme
365 2269 445 2307 manu
461 2253 620 2323 Pharaonis,
637 2253 710 2322 regis
726 2253 931 2323 Aegyptiorum.

323 2339 364 2378 en.

216 2394 325 2464 Libera,
342 2394 466 2462 Domine,
485 2394 600 2448 animam
618 2395 690 2450 servi
707 2394 756 2464 tui,
774 2395 844 2450 siem
861 2395 984 2452 liberasti

181 2463 322 2520 Danielem
340 2464 374 2520 de
392 2466 453 2520 laou
470 2466 585 2520 leonum.
605 2495 638 2506 -
657 2466 692 2521 is
710 2467 805 2522 men.

219 2535 326 2604 Ilibers,
345 2537 467 2604 Domine,
486 2537 599 2592 animam
616 2538 688 2592 servi
705 2537 753 2605 tui,
772 2539 841 2593 sieut
858 2537 982 2593 liberasti
1048 2567 1049 2576 κ

183 2612 239 2689 tres
256 2609 356 2690 pueros
374 2607 407 2662 de
426 2608 528 2662 camino
552 2608 622 2677 ignis
640 2608 766 2678 ardentis,
792 2615 820 2664 et
841 2608 877 2664 de
901 2623 984 2664 mauu

182 2678 470 2818 “iiiiibis}
485 2680 601 2832 iffi
618 2752 689 2806 servs
706 2751 755 2821 tus,
773 2751 843 2807 sous
859 2751 983 2808 imme
1047 2727 1048 2820 i

183 2816 333 2874 Susannam
350 2818 384 2873 de
401 2818 471 2874 ialso
488 2821 607 2881 omnine,
625 2849 660 2864 ·-
678 2823 713 2878 R.
731 2823 826 2878 Amen.
1047 2823 1048 2877 i
