2138 3226
365 182 422 224 Ordo
435 184 494 224 ritas
508 184 659 226 emerseram.
868 181 910 226 au

114 283 236 342 Orationi
254 284 342 340 vossii
355 291 383 340 et
393 286 503 342 mentali
522 291 625 354 vacate,
644 271 689 342 cui
701 284 783 342 breve
797 301 910 344 maman

112 356 292 426 praevisionis
301 364 348 412 aut
356 358 552 426 praecautiouis
562 355 706 426 adimgite,
726 361 910 425 quaeramine

15 437 16 454 ¹
112 429 212 484 malum
233 427 400 496 impendens,
423 435 454 484 ut
471 429 578 498 vitetur,
604 428 703 484 bonum
720 444 857 499 praeseus,
880 438 912 488 ut

112 506 267 568 peragatur,
277 514 361 568 parvo
371 500 499 568 temporis
509 501 596 568 spatio
606 499 815 568 perpendantur.
825 502 912 558 -Ex

113 571 280 626 institutione
291 570 398 640 Christi,
417 587 451 626 ex
465 571 599 626 desiderio
618 571 748 628 ecclesiae
765 577 793 626 et
805 571 911 640 piorum

113 650 254 696 auctorum
271 641 368 696 iudicio
392 649 520 709 quautam
541 641 600 698 deri
623 648 714 712 potest
735 641 855 710 quotidie
874 643 912 713 (st

112 712 222 780 atridem
231 713 300 766 hora
307 711 362 768 fixa
371 720 399 768 et
407 714 508 783 populo
517 713 693 784 convenienti)
712 720 912 770 sacrosanctum

113 783 215 840 Missae
234 782 392 840 sacrificium
410 784 501 840 debita
518 801 578 840 arm
594 785 809 855 praeparatione,
829 784 911 842 devo·

111 856 195 925 tione,
214 861 242 908 et
260 856 405 922 gratimam
423 856 527 910 actione
547 863 588 912 est
606 856 801 912 celebrandum.

147 927 182 980 V.
215 925 270 980 Par
288 925 358 980 diam
376 927 432 980 Dei
445 929 615 996 praesentiae
632 928 773 996 aliquoties
785 943 911 997 praesar-

114 997 164 1052 tim
181 997 251 1052 tora
260 998 388 1065 paeana
399 1003 569 1066 amentata
586 1013 647 1053 eum
662 1000 691 1054 in
704 999 858 1055 memoriam
870 1015 913 1056 re-

113 1075 220 1136 vocate,
239 1068 285 1135 qai
302 1068 406 1124 medius
425 1076 543 1125 vestrum
560 1085 668 1138 semper
685 1077 756 1128 astat
774 1077 802 1152 qt
818 1071 914 1140 invigi-

114 1139 162 1209 lat,
181 1139 227 1206 qui
246 1140 342 1206 omnia,
361 1147 389 1196 et
407 1139 515 1208 quidem
532 1141 620 1196 cordis
635 1141 799 1212 abscondita,
817 1149 914 1211 pensat

115 1218 144 1266 et
161 1209 303 1278 ponderat.
321 1210 453 1266 Seruiana
470 1211 554 1266 corda
571 1217 596 1266 at
612 1229 689 1268 reare
705 1213 789 1268 Deae.
808 1213 863 1284 (Ps.
876 1213 913 1284 7.)

113 1281 158 1336 Ad
176 1296 239 1336 eum
262 1282 366 1336 interne
390 1283 462 1352 piam
480 1283 676 1351 aspirationem
694 1283 814 1353 dirigite,
843 1299 913 1354 quae

113 1353 212 1408 dicitur
229 1353 309 1421 vulgo
328 1355 414 1408 oratio
431 1354 604 1423 iaculatoria,
630 1369 663 1410 eo
682 1355 754 1424 quod
772 1355 807 1410 ad
824 1356 912 1412 Deum

112 1438 163 1493 per
172 1422 281 1478 modam
293 1425 373 1480 iaculi
386 1424 523 1494 pervolat;
541 1439 611 1492 quae
626 1442 686 1480 cum
699 1426 810 1483 acarde
824 1434 911 1497 exeat,

112 1496 193 1550 atius
216 1502 245 1548 et
268 1495 365 1550 certius
391 1496 426 1551 ad
450 1511 497 1550 cor
521 1497 574 1552 Dei
599 1496 762 1566 perducitur.
808 1497 913 1554 Sintia

113 1566 266 1634 exemplum
280 1566 340 1636 hae,
355 1573 401 1622 cut
415 1567 514 1622 similes
527 1567 705 1636 aspirationes
719 1583 753 1622 ex
766 1566 912 1638 Scriptura,

114 1644 163 1693 aut
175 1637 228 1706 piis
242 1638 395 1694 auctoribus
409 1638 599 1706 depromptae:
620 1643 644 1692 1.
662 1639 746 1693 Actus
759 1636 830 1708 fidei,
845 1639 912 1709 spei,

114 1716 144 1763 et
162 1709 289 1777 caritatis,
308 1709 405 1776 quibus
422 1709 602 1778 indulgentiae
613 1709 799 1778 adiunguntur.
818 1709 912 1766 Fidei:

116 1779 219 1846 Oresio,
247 1779 376 1850 Daaac'ae,
401 1781 467 1848 qaia
484 1781 654 1836 amboactae
675 1786 800 1836 aeternae
815 1781 914 1836 tata:

114 1852 183 1920 pata
205 1851 286 1904 acrba
312 1857 362 1908 aaa
378 1853 491 1920 spiritate
516 1857 541 1906 at
563 1853 621 1906 cita
644 1857 708 1906 etati
728 1891 734 1906 .
753 1892 760 1907 .
780 1893 787 1906 .
806 1892 813 1908 .
833 1852 911 1922 Spei:

115 1921 211 1990 Spero,
229 1920 354 1990 Domine,
379 1923 445 1991 qaia
462 1939 565 1992 semper
582 1923 655 1978 diaes
673 1939 700 1978 aa
716 1923 748 1976 a'a
764 1923 912 1980 acaemetar-

113 1993 180 2060 dian
198 1994 264 2060 qaia
281 2009 384 2062 semper
400 1993 489 2060 fideles
507 2010 534 2049 aa
551 1995 582 2048 a'a
595 1996 755 2063 promissis.
771 2034 777 2049 .
793 2035 801 2050 .
815 2035 822 2050 .
837 1995 910 2050 Oari-

113 2065 193 2120 tatis:
212 2064 307 2133 Ditipo
328 2071 361 2134 te,
380 2065 504 2133 Domine,
523 2067 589 2134 qaia
606 2071 637 2120 ta
654 2081 754 2120 mama
766 2067 911 2135 perfectas,

112 2151 217 2190 sumam
233 2135 334 2203 baara,
359 2137 424 2204 qaia
449 2136 589 2205 adapertae
611 2143 637 2191 tc
655 2137 754 2206 atttpu.
789 2138 912 2194 attiae

112 2206 228 2262 adaram
253 2206 382 2262 virtutum
406 2205 572 2262 affectioms:
597 2225 623 2265 v.
648 2225 674 2276 g.
700 2208 797 2263 Gloria
823 2209 911 2278 Patri,

112 2283 154 2332 cto
153 2317 271 2336 .....
291 2277 379 2347 Quam
396 2278 481 2332 boacas
497 2279 586 2333 Israel
602 2278 679 2334 Deae
695 2280 752 2350 aaa,
776 2282 825 2349 qai
840 2285 912 2336 racto
954 2345 957 2350 ¹

111 2354 178 2403 aaut
196 2347 501 2404 corda....Domiaae
523 2365 597 2404 meae
621 2351 740 2406 aeaeae
760 2353 913 2409 saeua...

112 2419 192 2474 Deae
207 2434 283 2474 rarae
301 2425 326 2474 et
343 2422 435 2476 amata
436 2459 521 2478 .....

148 2491 197 2548 VI.
215 2489 342 2544 Eaamea
350 2491 522 2560 particulare
534 2496 597 2546 aare
606 2492 759 2560 praeditam
770 2493 911 2562 iactitare,

112 2566 140 2616 et
147 2561 273 2630 wardia
287 2561 423 2617 tectionem
431 2564 511 2632 pieac
524 2563 653 2618 adhibete.
686 2564 757 2620 Ante
770 2564 912 2632 prandium

112 2648 212 2702 magro
231 2648 290 2688 cum
308 2632 396 2689 ductu
410 2633 526 2688 examini
538 2634 700 2703 particulari,
719 2635 749 2690 in
760 2651 813 2704 qua
827 2634 911 2703 potis·

113 2704 211 2760 simum
229 2709 276 2759 aut
293 2705 378 2762 virtus
395 2705 581 2774 comparanda,
600 2711 647 2760 aut
663 2706 758 2760 vitium
775 2705 911 2761 eradican-

112 2776 178 2830 dum
195 2775 362 2845 proponitur,
384 2776 520 2844 aliquanto
539 2781 659 2844 tompore
678 2777 788 2846 expedit
803 2791 910 2832 vacare.

113 2845 160 2902 Ex
178 2861 211 2902 eo
226 2861 332 2916 sempor
344 2847 396 2904 viri
409 2862 475 2904 suae
494 2847 587 2904 edatis
601 2845 722 2917 studiosi,
738 2855 795 2904 tum
808 2846 843 2904 ad
856 2861 912 2902 mo·
