2138 3226
390 171 469 211 Precor
481 171 627 220 vespertinae.

146 273 178 331 V.
195 273 234 328 Et
250 273 370 328 Verbum
388 290 451 329 curo
468 273 568 329 iactum
586 279 636 342 est,

142 344 178 399 R.
197 345 236 398 Et
253 344 387 400 habitavit
403 346 432 400 in
448 345 536 401 nobis.
572 346 630 400 Ave
648 344 737 398 Maris
754 350 805 398 etc.

145 416 177 471 V.
196 414 253 470 Ora
270 431 320 484 pro
338 417 424 486 nobis,
446 423 538 472 sancta
553 416 605 470 Dei
623 416 746 484 genitrix,

140 486 177 541 R.
196 487 234 541 Ut
252 487 326 556 digni
344 486 488 542 efficiamur
505 486 726 556 promissionibus
745 484 853 540 Christi.

143 557 265 612 Oramus.
285 558 405 613 (iratism
414 565 496 628 tuam,
514 573 684 627 quaesumus,
694 557 817 625 Domino,
835 561 908 611 meri·

84 682 89 690 ,
102 629 177 684 tibus
187 629 289 684 nostris
298 629 423 698 infunde;
437 631 522 699 utqui
531 629 634 698 Angelo
646 629 794 698 nuntientc,
809 627 908 683 Christi

103 700 169 754 Filii
186 700 228 754 tui
245 700 455 756 incarnationem
474 701 659 770 cognovimus,
685 715 735 768 per
752 700 909 755 Passionem

104 771 164 826 eius
178 779 207 826 et
219 786 326 826 crucem
336 771 370 827 ad
382 773 586 827 resurrectionis
596 773 709 840 gloriam
721 770 907 840 perducamur.

103 842 159 898 Per
177 841 294 903 eundem
307 843 443 898 Christum
455 844 599 898 Dominum
616 850 745 899 nostrum.
763 843 798 898 R.
813 842 908 896 Amen.

140 932 249 980 Tempore
266 933 366 981 paschali
383 943 428 972 non
446 933 528 973 dicitur
545 933 650 984 Angelus,
676 933 714 973 rod
733 939 827 980 sequens
846 927 908 972 Antl-

103 985 187 1036 phone,
203 986 327 1034 etquidem
341 986 434 1026 stsndo:

142 1055 251 1124 Regina
269 1057 345 1126 coeli,
362 1057 473 1127 laetere,
491 1057 615 1112 Alleluia.

141 1127 214 1194 Quis
230 1143 312 1194 quem
332 1129 453 1183 meruisti
471 1136 590 1198 portare,
607 1127 732 1184 Alleluia

141 1197 304 1256 Resurroxit
322 1199 392 1254 sicut
408 1199 482 1269 dixit,
500 1200 624 1254 Alleluia.

142 1268 200 1324 Ora
217 1285 269 1338 pro
287 1270 366 1325 nobis
382 1270 478 1325 Deum.
518 1271 642 1325 Alleluia.

148 1340 180 1395 V.
202 1340 297 1395 Gaude
316 1348 344 1395 et
360 1342 471 1411 laetare,
489 1342 573 1411 Virgo
590 1341 686 1411 Maris,
705 1340 830 1395 Alleluia.

141 1411 177 1466 R.
197 1411 268 1479 Quia
286 1413 402 1467 surrexit
418 1413 548 1468 Dominus
566 1427 638 1468 vere.
675 1412 799 1466 Alleluia

147 1481 269 1537 &maus
305 1482 395 1553 Deus,
423 1485 468 1551 qui
485 1500 536 1554 per
551 1485 774 1539 resurrectionem
791 1481 854 1535 Filii
869 1479 911 1534 tui

108 1552 220 1608 Domini
238 1554 324 1608 nostri
342 1555 409 1610 Jesu
431 1555 529 1611 Christi
546 1555 673 1610 mundum
690 1551 835 1608 laetificere
854 1550 911 1618 dig-

107 1631 189 1680 natus
207 1639 253 1694 es3
271 1632 390 1695 praesta,
402 1642 571 1696 quaesumus,
584 1633 615 1681 ut
622 1642 673 1694 per
686 1625 744 1679 cius
756 1622 911 1692 genitricem

105 1694 247 1764 Virginem
260 1695 374 1752 Mariam
392 1705 538 1765 perpetuae
557 1698 692 1766 capiamus
715 1694 805 1764 gaude
827 1693 910 1748 vitae.

108 1766 163 1821 Per
179 1766 296 1822 eundem
311 1767 446 1824 Christum
459 1769 602 1823 Dominum
616 1774 745 1824 nostrum.
763 1766 799 1824 R.
818 1765 911 1820 Amen.

458 1879 558 1893 ΜΜΛΜΛ

254 1935 423 1991 PRECES
447 1933 768 1992 VESPERTINAE.

337 2024 431 2069 itunae
444 2025 468 2068 Ε
482 2025 511 2068 Μ.
520 2025 546 2068 V.
560 2025 697 2067 burotam.

179 2099 231 2154 (Vel
245 2100 369 2139 recitantur
382 2097 479 2136 lucaico
494 2097 528 2137 ss.
542 2097 638 2136 Nomta's
653 2096 704 2136 Jcea
717 2105 768 2145 pag.
782 2091 838 2159 llil.)

109 2191 195 2261 Kyrie
214 2187 326 2256 eleison,
345 2214 379 2224 -
399 2183 504 2238 Christe
519 2182 628 2251 eleison,
647 2212 682 2222 -
700 2181 783 2252 Kyrie
802 2182 913 2239 eleison.

110 2262 218 2316 Christe
238 2256 302 2312 audi
319 2271 378 2322 nos,
397 2285 429 2296 —
450 2255 555 2309 Christe
574 2253 671 2308 exaudi
688 2269 747 2309 nos.

108 2334 193 2388 Pater
211 2329 246 2384 dc
266 2327 349 2383 coelis
365 2326 449 2394 Deus,
467 2354 501 2366 -
520 2326 647 2380 miserere
665 2325 751 2379 nobis.

108 2404 171 2473 Fili,
190 2400 359 2467 Redemptor
376 2395 476 2467 mundi,
493 2395 577 2464 Deus,
595 2424 629 2437 -·
648 2396 776 2450 miserere
794 2393 881 2452 nobis.

110 2474 229 2543 Spiritus
248 2477 350 2538 sancte,
365 2468 450 2537 Deus,
470 2497 503 2507 -
522 2467 648 2522 miserere
666 2467 753 2522 nobis.

111 2545 212 2600 Sancta
231 2542 357 2610 Trinitas,
375 2555 444 2594 unus
462 2537 546 2607 Deus,
565 2568 599 2578 -
617 2538 745 2596 miserere
763 2536 849 2592 nohis.

111 2615 212 2671 Sancte
230 2613 328 2680 Maria,
346 2640 380 2650 —
400 2625 449 2665 ors
465 2625 515 2678 pro
532 2609 618 2664 nobis.

112 2684 284 2742 Sancta'Dei
301 2681 433 2750 Genitrix,
452 2710 486 2720 -
505 2695 554 2736 ora
570 2695 620 2749 pro
638 2679 725 2738 nobis.

111 2758 213 2813 Sancta
231 2755 315 2824 Virgo
333 2753 472 2821 virginum,
490 2779 526 2792 -
545 2766 593 2805 ora
609 2767 659 2820 pro
676 2747 763 2804 nobis.

109 2829 202 2886 Mater
223 2825 331 2895 Christi,
351 2853 385 2866 —
403 2839 452 2878 ors
469 2839 519 2891 pro
537 2822 623 2877 nobis.
