2152 3234
350 165 384 206 De
396 165 539 208 flammante
552 167 708 206 rosmtsntlss.
890 164 933 208 4⁸8

130 268 195 338 quid
212 284 266 324 non
284 267 403 323 audebas
422 267 530 323 dicere?
549 241 676 335 quoties?
696 283 730 322 an
747 268 776 322 iu
792 269 841 324 teli
859 274 931 324 statu

129 340 178 394 SS.
198 339 415 395 Communionem
433 340 594 408 suscepisti?
622 355 657 393 an
681 346 802 407 tempore
820 341 932 408 pascha·

128 411 317 496 li?31ucties?
342 427 377 466 an
401 411 569 480 culpabiliter
593 425 648 464 non
670 410 816 478 implevisti
840 412 933 478 poeni·

129 483 303 608 ιθῖῗᾚῆοα
321 553 442 608 virtutes
459 555 645 628 theologicas.
678 551 722 606 An
739 551 872 606 interdum
886 552 932 606 eli·

129 625 210 679 cuisti
228 630 316 678 actum
332 621 403 692 fidei,
422 624 481 691 spei
499 629 527 678 et
544 623 683 678 eariutis?
708 623 817 678 Auscis
835 629 933 692 myste·
1017 645 1020 650 ·

128 696 172 750 ria
200 694 366 764 principalia,
393 695 451 750 sive
479 701 579 762 puncta
606 695 674 750 scitu
701 694 854 750 necessaria
886 693 953 763 (sc.'

129 767 219 821 Deum
238 781 306 834 esse,
331 774 358 820 et
383 773 610 820 remuneratorem
634 781 695 821 esse
720 764 784 820 boni
809 772 837 820 et
861 764 932 834 muli,

100 887 101 891 ,
129 837 258 906 mysteria
276 837 323 890 SS.
343 837 490 906 Trinitatis,
507 838 701 892 incarnationis
715 844 743 892 et
755 836 852 891 Mortis
866 837 933 891 Jesu

129 909 244 976 'Christi3
259 909 305 975 qui
314 908 381 962 haec
392 908 505 976 ignorat,
516 909 690 964 absolutionis
706 925 760 962 non
774 915 816 963 est
828 907 932 977 capax).

129 979 261 1034 Auferte
279 980 384 1047 negasti
400 979 500 1033 fidem?
519 980 562 1034 An
581 979 708 1035 dubitasti
726 979 760 1034 de
778 980 869 1048 aliqua
886 995 932 1034 ve·

128 1051 211 1106 ritate
227 1051 387 1118 religionis?
406 1050 450 1105 vel
468 1065 528 1104 eam
546 1051 670 1120 negasti?
696 1067 731 1106 an
758 1059 852 1106 cenna
869 1051 933 1105 reli·

129 1123 238 1191 gionem
261 1121 366 1176 locutus
390 1122 442 1176 es?
472 1137 506 1175 an
533 1122 616 1177 libros
647 1123 797 1190 prohibitos
822 1121 931 1191 legisti?

129 1192 295 1247 vendidisti?
314 1192 507 1248 commodasti?
522 1193 609 1246 adhuc
622 1194 743 1248 retines?
759 1222 792 1234 ·-
807 1193 850 1248 An
862 1193 933 1248 forte

130 1263 303 1332 desperasti?
323 1263 401 1318 Gur?
426 1263 513 1334 [spem
530 1265 631 1318 inliciat
649 1263 840 1320 confessarius:
867 1279 932 1332 quo·

129 1335 203 1390 niam
221 1335 307 1390 bonus
324 1334 408 1404 Dens,
434 1336 502 1390 site
521 1335 653 1390 voluisset
670 1335 805 1406 damnare,
833 1351 888 1390 non
904 1343 933 1390 te
968 1400 971 1406 ,

131 1405 279 1476 hodie...]
308 1421 343 1460 an
367 1405 593 1474 praesumpsisti?
619 1435 651 1446 -
676 1406 720 1459 An
747 1421 782 1460 ex
807 1415 933 1475 respectu

130 1478 249 1532 humano
266 1477 319 1531 Dei
338 1484 365 1532 et
383 1477 510 1532 ecclesiae
538 1482 683 1548 praecepta
708 1477 869 1545 neglexisti?
897 1507 931 1517 -

133 1548 178 1602 An
196 1549 363 1603 aversionem
382 1562 398 1602 a
415 1548 474 1602 Deo
494 1553 522 1602 et
539 1547 654 1602 erebus
673 1547 769 1602 divinis
795 1547 932 1603 habuisti?

134 1647 170 1658 -
188 1619 232 1672 An
250 1618 330 1674 odisti
348 1619 435 1674 Deum
459 1618 521 1673 odio
545 1618 769 1673 malevolentiae?
797 1619 934 1687 (ficabu-

133 1706 208 1744 mum
226 1691 346 1744 omawm
359 1691 552 1758 peccatoram.)
572 1719 606 1730 -
625 1690 668 1743 An
685 1689 808 1759 proximo
821 1696 868 1744 tuo
887 1688 932 1743 de·

134 1761 198 1816 disti
217 1761 378 1830 scandalum,
396 1777 481 1828 prava
500 1761 611 1816 consilia
629 1767 676 1815 aut
694 1760 933 1828 exemplar-An

133 1833 290 1888 occasiones
307 1832 437 1900 peccandi
455 1832 631 1900 quaesivisti?

172 1907 219 1959 ΙΙΙ.
255 1905 337 1958 cirea
357 1907 507 1973 praecepta
523 1905 582 1958 ilci.
620 1907 643 1956 1.
662 1901 845 1970 Superstitio?
865 1901 931 1956 divi·

131 1974 228 2029 natio?
242 1989 313 2028 vana
326 1975 501 2030 observatio?
515 1975 623 2042 maga?
637 1973 810 2028 idololatria?
825 1981 933 2042 paetum

132 2045 363 2170 cumddmmone?
386 2045 493 2101 habitus
519 2061 655 2114 nunquam
679 2045 724 2099 vel
747 2045 792 2099 vix
816 2060 934 2114 unquam

131 2131 200 2172 oran
220 2117 249 2168 ¹?

168 2191 193 2242 2.
212 2187 413 2241 iuramentum?
432 2188 543 2242 votum?
562 2187 749 2256 blasphemia?
768 2186 827 2256 (per
837 2187 933 2253 Deum,

130 2259 256 2327 animaru
275 2257 465 2328 Sacramenta.)

167 2332 193 2383 3.
212 2329 351 2384 Laborare
366 2329 408 2383 die
422 2329 615 2384 Dominicavel
626 2329 718 2384 festo?
729 2328 843 2384 Omiseio
853 2327 931 2398 sacri,

129 2399 175 2454 vel
193 2401 264 2455 mala
282 2400 402 2454 auditio?

167 2473 192 2524 4.
218 2472 250 2526 In
278 2478 405 2539 parentes
425 2501 459 2510 -
477 2471 571 2526 herum
589 2501 623 2512 -
643 2478 779 2540 pastorem
797 2500 832 2510 —
850 2469 933 2537 magi·

130 2548 244 2597 stratum
264 2541 368 2597 civilem
385 2541 589 2596 inobedientia?
606 2541 851 2596 murmurationes?
871 2557 932 2595 con·

129 2613 391 2696 tumeliae?'ictus?
415 2614 508 2696 mortis
538 2614 717 2698 apprecatio?
740 2641 779 2696 -·
799 2613 831 2666 In
854 2610 932 2694 filios,

129 2684 518 2824 :illailltivtttllllt
534 2682 932 2836 {etlltiltlllbibl

128 2825 213 2881 lautia
230 2827 300 2880 circa
314 2825 399 2880 officia
411 2825 570 2894 religionis?
584 2855 618 2866 -
633 2824 805 2881 scandulum?
822 2853 856 2863 -
868 2823 931 2877 rra?
