2138 3226
162 185 202 230 190
417 188 475 228 Ordo
488 187 548 228 vitas
561 187 711 230 uceruotudr.

160 288 268 344 aridum
280 330 288 347 .
299 329 305 344 .
318 331 324 343 .
338 289 419 344 Multi
437 289 507 343 enim
525 287 687 343 admirantes
696 287 837 342 mulierum
846 287 962 358 species,

162 376 180 415 a
197 361 318 416 veritatis
337 361 383 414 via
399 359 642 428 naufragaverunt,
661 359 783 428 plerique
798 360 962 414 ornamentis

163 435 255 487 earum
274 432 400 487 oblectati
426 433 570 500 perniciem
595 432 742 485 animarum
768 431 876 484 suarum
902 445 964 498 per·

162 505 236 573 pessi
254 510 324 573 suut,
344 502 578 571 etaperiaotionis
588 501 695 570 fastigio
714 503 742 555 in
755 500 965 570 proiimdamin·

163 575 232 629 ferni
251 574 365 630 demersi
375 575 463 628 sunt.“
501 573 537 642 (S.
557 574 680 627 Basilius
696 573 738 627 M.
757 571 910 627 Admonitio
931 572 966 626 ad

163 645 248 700 filimn
265 646 433 714 spiritualem
447 661 517 698 num.
529 645 563 711 5.)
582 645 624 698 Ne
642 660 758 713 unquam
768 645 827 711 quis
844 650 966 698 vestrum

163 718 191 771 in
208 716 355 785 praeterita
365 717 486 771 castitate
501 715 624 784 confidat,
634 731 684 769 nec
694 730 723 770 se
733 715 838 768 Davide
849 716 964 770 sanctio·

163 786 229 856 iem,
239 786 521 856 Samsoneiortiorem,
529 787 670 841 Salomone
678 787 866 854 sapientiorem
874 786 965 842 existi·

162 867 225 914 met.
236 859 363 912 Testatur
373 858 400 912 S.
410 859 583 927 Augustinus,
604 873 633 912 se
647 857 746 912 vidisse
756 857 808 910 Dei
816 858 962 927 ministros,

165 931 233 985 sicum
251 929 346 984 cedros
364 929 468 998 Libani,
484 929 585 983 uirtute
604 930 701 982 eximia
719 928 852 998 sublimes,
872 929 963 996 specie

163 1008 253 1055 tamen
271 1008 298 1054 et
316 999 495 1054 familiaritate
505 1001 622 1054 mulieris
637 1001 776 1068 corruisse,
796 999 829 1054 de
848 1015 963 1067 quorum

164 1087 229 1126 casu
246 1087 300 1125 non
325 1072 409 1140 magis
433 1071 630 1140 praesumebat,
654 1087 733 1138 quam
758 1071 881 1140 Gregorii
908 1071 964 1126 Na·

163 1143 283 1196 zianzeni
298 1142 495 1198 autAmbrosii.
515 1142 691 1211 „Labentium
704 1143 795 1209 itaque
812 1157 862 1196 vos
878 1157 959 1212 expe·

163 1214 277 1268 rimenta
294 1221 478 1282 perterreant;
497 1215 743 1282 nimiumpraeoeps
762 1219 811 1282 est,
829 1214 876 1281 qui
886 1220 960 1268 tram

164 1285 217 1339 sire
236 1285 380 1354 contendit,
399 1286 445 1339 ubi
464 1285 543 1339 alium
569 1285 738 1353 conspexerit
763 1284 891 1339 cecidisse
905 1324 912 1338 .
928 1325 959 1343 ..

164 1361 192 1410 et
209 1356 268 1423 ipse
285 1356 413 1424 providus
433 1363 481 1426 est,
501 1356 546 1423 qui
565 1357 693 1411 sollicitus
710 1355 742 1409 fit
760 1355 879 1410 cladibus
890 1363 961 1411 cete·

162 1427 280 1481 rorum.“
311 1427 351 1494 (S.
373 1428 546 1496 Cyprianus.)
584 1427 681 1495 „Solus
700 1429 759 1481 cuni
778 1427 837 1481 sola
855 1435 960 1482 secreto

164 1503 193 1552 et
211 1498 312 1566 absque
331 1500 438 1553 arbitris
456 1514 510 1552 non
528 1497 637 1566 sedeat3
656 1513 791 1565 nunquam
809 1498 882 1552 solus
901 1514 962 1552 cum

163 1568 222 1624 sola
234 1570 367 1637 loquatur.
404 1569 474 1637 Quid
490 1570 539 1623 tibi
556 1585 667 1624 necesse
694 1578 742 1637 est,
766 1569 795 1623 in
806 1584 839 1622 ea
857 1571 962 1624 versari

165 1639 253 1709 domo,
278 1642 306 1694 in
332 1655 518 1708 qua·necesse
543 1641 644 1695 babeas
669 1639 787 1708 quotidie
805 1646 852 1694 aut
871 1642 962 1708 perire

163 1720 211 1766 aut
228 1713 355 1767 vincera?
375 1712 440 1779 Quis
454 1728 571 1780 unquam
582 1713 733 1766 mortalium
746 1711 821 1766 iuxta
839 1712 963 1779 viperam

164 1798 273 1838 securos
306 1799 413 1838 somnos
441 1785 526 1852 capit,
561 1799 630 1850 quae
656 1783 707 1837 etsi
733 1798 787 1836 non
818 1784 962 1853 percutiat,

165 1861 238 1908 certe
253 1855 397 1909 sollicitat?
411 1853 471 1908 fieri
485 1856 554 1908 enim
563 1860 661 1923 potest,
674 1860 704 1908 ut
718 1859 745 1908 te
760 1869 814 1908 non
831 1855 962 1924 mordeat,

165 1924 214 1980 sed
232 1926 374 1993 aliquando
399 1924 459 1979 fieri
476 1933 573 1994 potest,
600 1933 630 1979 ut
648 1925 769 1979 mordeat
788 1965 795 1978 .
811 1965 840 1978 ..
860 1925 964 1992 Quodsi

165 1995 281 2051 dixeris:
301 1997 402 2051 etmihi
416 1995 682 2050 sufficitconscientia
690 2011 758 2062 mea,
777 1995 863 2050 babeo
874 1997 964 2051 Deum
1060 2019 1061 2044 i

109 2083 114 2092 ·
164 2066 287 2136 iudicem,
314 2069 359 2135 qui
376 2081 452 2120 meae
471 2067 543 2121 vitae
563 2068 706 2135 satiastis,
732 2083 786 2121 non
805 2083 877 2136 curo,
898 2067 963 2136 quid

162 2138 307 2206 loquantur
340 2139 474 2206 homines,
515 2139 579 2193 audi
610 2138 770 2207 Apostolum
801 2139 963 2194 scribentem
1060 2157 1061 2160 ¹

164 2209 249 2278 (Rom.
271 2209 321 2278 12.)
342 2208 531 2277 „providentes
550 2210 621 2263 bona
633 2225 686 2263 non
696 2209 782 2263 solum
792 2225 882 2264 coram
890 2211 960 2280 Deo,

162 2280 309 2335 sedetiam
329 2295 416 2333 coram
437 2280 558 2335 omnibus
576 2279 752 2334 hominibus.“
772 2280 961 2352 (S.Hicrony-

163 2367 223 2405 mus
241 2351 318 2420 epist.
337 2353 362 2407 9.
381 2351 452 2404 inter
468 2350 631 2420 familiares.)

198 2423 232 2476 X.
268 2421 316 2475 Ad
333 2421 507 2476 solitudinem
525 2425 653 2490 aspirata.
681 2421 830 2490 „Clericum
844 2423 962 2478 solitudo

162 2491 234 2560 iacit,
254 2508 309 2546 non
326 2493 469 2560 publicum.
490 2493 611 2548 Solitudo
630 2499 671 2548 est
680 2493 804 2548 coelestis
823 2493 962 2549 doctrinae

162 2563 263 2629 schola,
294 2577 386 2618 sacrae
410 2565 519 2619 militiae
545 2563 759 2633 tabernaculum,
790 2565 962 2635 ergastulum,

164 2633 210 2687 ubi
231 2632 334 2701 lapides
352 2635 465 2703 pretiosi
482 2644 656 2704 reponuntur,
683 2635 818 2690 interioris
845 2635 962 2692 hominia

162 2704 297 2772 voluptas,
316 2706 348 2759 ab
368 2713 444 2760 aestu
462 2708 561 2760 saeculi
569 2705 743 2774 refrigerium.
766 2707 831 2760 Cum
849 2709 878 2760 in
896 2708 958 2762 soli-

162 2773 254 2828 tudine
264 2776 367 2830 ooelum
376 2778 410 2832 sit
420 2778 616 2846 aspectabilius,
627 2776 667 2832 sol
677 2777 780 2846 clarior,
797 2783 843 2832 air
852 2780 954 2848 purior,

161 2851 235 2899 terra
250 2847 354 2917 laetior,
372 2848 439 2903 hora
457 2849 572 2918 brevior,
597 2849 653 2902 vita
672 2850 815 2919 amoenior,
842 2865 954 2904 conver·
