2108 3226
336 178 412 218 Prima
426 177 547 226 grabam
561 178 628 218 actio.
843 175 882 220 nt

115 278 265 334 Benedicat
279 280 367 336 Israel
379 281 534 335 Dominum:
553 283 565 308 *
582 280 675 336 laudet
691 287 719 335 et
731 282 884 348 superexal-

84 357 117 404 tet
133 365 195 404 eum
212 353 243 404 in
263 353 382 406 saecula.

112 421 273 476 Benedicite
300 421 455 478 sacerdotes
473 418 581 478 Domini
598 423 728 477 Domino:
746 424 759 449 *
776 421 883 477 benedi·

82 491 127 546 cite
145 495 220 547 servi
239 494 353 548 Domini
371 493 495 549 Domino.

112 563 275 619 Benedicite
290 565 401 633 spiritus
416 573 443 619 et
457 565 561 620 animae
579 566 711 622 iustorum
723 563 853 619 Domino:
872 566 885 590 “

80 632 228 691 benedicite
250 637 345 691 Sancti
364 644 391 690 et
407 636 521 692 humiles
541 637 621 692 eorde
639 635 765 691 Domino.

112 705 274 761 Benedicite
288 708 403 776 mania,
416 707 522 778 Azaria,
536 709 637 763 ,Misa‘e'l
650 707 778 762 Domino:
799 707 811 732 *
828 705 885 759 lau·

82 774 138 830 date
157 786 186 833 et
205 779 412 846 superexaltate
431 795 492 834 eum
509 780 670 834 insaecula.

113 848 315 904 Benedicamus
333 850 442 904 Patrem
467 857 495 904 ct
512 851 610 904 Filium
637 867 697 906 cum
715 854 807 904 sancto
827 847 886 915 Spi-

81 919 144 973 ritu:
164 923 177 948 *
196 921 344 976 laudemus
363 929 390 975 et
405 922 634 989 superexaltemus
652 937 713 976 eum
728 919 885 976 insaecula.

114 990 283 1047 Benedictus
303 1009 341 1058 es,
359 992 482 1062 Domine,
501 994 529 1046 in
546 991 711 1047 firmamento
730 991 811 1045 coeli:
829 993 841 1018 ⁴
858 998 886 1046 et

84 1058 226 1118 laudabilis
247 1071 275 1118 et
294 1064 427 1132 gloriosus
446 1071 474 1118 et
491 1065 706 1132 superexaltatus
723 1063 751 1115 in
769 1063 885 1117 saecula.

114 1134 265 1186 Psalmus
280 1137 344 1186 150.
362 1133 484 1189 Laudato
497 1135 639 1189 Dominum
652 1137 681 1189 in
694 1134 799 1188 Sanctis
813 1135 884 1202 eius3
942 1161 945 1168 ⁴

83 1199 188 1258 laudate
210 1220 276 1260 eum
294 1205 323 1258 in
340 1204 506 1261 firmamento
524 1207 629 1262 virtutis
648 1208 713 1261 eius.

115 1273 243 1330 Laudate
265 1292 327 1330 eum
344 1277 373 1330 in
390 1278 532 1332 virtutibus
546 1279 620 1346 eius,
637 1277 745 1332 laudate
766 1292 826 1331 eum
844 1290 885 1332 se-

86 1345 198 1400 cundum
217 1347 417 1402 multitudinem
434 1349 623 1417 magnitudinis
642 1351 707 1404 eius.
763 1383 765 1386 -

116 1415 244 1474 Laudatc
260 1434 324 1472 eum
336 1419 443 1474 insono
457 1420 551 1475 tubae:
569 1419 676 1474 laudate
696 1435 757 1474 eum
774 1419 803 1471 in
815 1417 885 1486 psal-

85 1488 149 1542 terio
168 1497 197 1543 et
216 1491 331 1545 cithara.

87 1626 92 1637 ,
116 1557 244 1614 Laudato
264 1576 324 1614 eum
342 1561 370 1614 in
388 1567 514 1630 tympano
533 1568 560 1616 et
578 1562 675 1616 choro:
698 1560 807 1614 laudate
826 1575 887 1614 eum

85 1643 110 1680 m
126 1631 240 1686 chordis
259 1639 287 1685 et
305 1647 414 1700 organo.

118 1699 247 1757 Laudate
266 1718 328 1756 eum
339 1705 367 1756 in
379 1704 506 1772 cymbalis
519 1702 588 1757 bene
602 1703 766 1770 sonantibus,
779 1699 887 1755 laudate

86 1775 192 1892 {amin
213 1774 341 1843 cymbalis
359 1775 535 1830 iubilationis:
560 1775 645 1830 omnis
671 1774 779 1842 spiritus
796 1771 888 1827 laudet

111 1857 238 1900 ominum.

122 1914 217 1970 Gloria
234 1915 311 1970 Patri
330 1922 379 1971 etc.
417 1916 491 1971 Siout
509 1923 568 1970 erat
589 1923 639 1970 etc.

119 1989 255 2052 Antiph.
293 1987 385 2040 Trium
412 2003 557 2055 puerorum
591 1993 728 2042 cantemus
748 1986 888 2054 Dymnum,

90 2069 165 2120 quem
178 2058 325 2113 cantabant
339 2057 429 2113 Sancti
446 2060 475 2112 in
493 2059 595 2113 camino
612 2059 682 2127 ignis
699 2056 888 2112 benedicentes

88 2123 237 2184 Dominum.
277 2129 421 2200 (Alleluia.)

120 2198 204 2268 Kyrie
223 2200 334 2254 eleison.
367 2200 472 2256 Christe
491 2201 600 2256 eleison.
632 2200 714 2270 Kyrie
733 2200 844 2257 eleison.

120 2269 204 2326 Pater
220 2278 315 2326 noster
334 2278 383 2330 etc.

125 2341 155 2396 V.
175 2341 361 2397 Confiteantur
378 2342 436 2410 tibi,
453 2342 576 2410 Domine,
596 2342 686 2396 omnia
699 2357 784 2410 opera
796 2347 851 2410 tua,

120 2411 155 2468 R.
173 2415 212 2468 Et
231 2413 323 2468 Sancti
341 2414 381 2467 tui
397 2412 557 2467 benedicant
574 2413 632 2469 tibi.

125 2484 155 2538 V.
174 2485 359 2540 Exsultabunt
377 2484 467 2538 Sancti
486 2485 514 2537 in
532 2484 625 2554 gloria,

121 2553 155 2609 R.
174 2556 361 2610 Laetabuntur
378 2556 406 2609 in
424 2555 554 2610 cubilibus
572 2555 635 2610 suis.

126 2626 156 2681 V.
175 2627 239 2682 Non
255 2627 342 2696 nobis,
361 2627 484 2695 Domine,
503 2642 557 2681 non
574 2626 660 2695 nobis,

122 2696 156 2752 lt.
176 2697 231 2752 Sed
249 2698 349 2752 nomini
367 2704 414 2752 tuo
433 2697 468 2751 da
485 2697 606 2765 gloriam.

126 2768 156 2823 V.
175 2769 300 2838 Domine,
315 2768 413 2823 exaudi
428 2775 479 2825 etc.
489 2797 523 2808 -
537 2767 573 2821 R.
585 2768 623 2820 Et
635 2765 734 2819 clamor
746 2779 822 2819 meus
837 2769 886 2817 etc.

127 2839 156 2894 V.
169 2841 302 2896 Dominus
322 2840 468 2895 vobiscum.
487 2867 517 2878 -
541 2838 575 2894 R.
595 2838 633 2890 Et
646 2851 706 2889 cum
719 2836 816 2900 spiritu
828 2839 885 2886 tuo.

745 2921 781 2974 4*
