2098 3222
246 195 372 234 Benedictio
386 195 551 245 peregrinorum
565 199 616 245 post
630 197 731 238 reditum.
848 195 887 239 789

87 296 211 352 illaesum
230 295 384 364 custodisti;
405 311 574 366 quaesumus,
592 303 623 351 ut
635 297 685 354 hos
699 297 812 354 famulos
825 307 887 356 tuos

6 381 7 400 ι
92 367 227 421 custodire
246 367 378 436 digneris;
405 375 463 422 esto
489 369 535 436 eis,
554 368 677 437 Domine,
704 371 732 422 in
749 372 887 438 procinctu

89 437 253 507 suffragium,
277 441 306 492 in
324 439 368 492 via
385 439 517 507 solatium,
542 439 571 492 in
596 447 672 494 aestu
697 440 886 511 umbraculum,

89 510 118 563 in
136 509 228 578 pluvia
247 516 274 563 et
291 509 390 577 frigore
407 517 597 578 tegumentum,
622 511 650 564 in
667 511 823 566 lassitudine
841 529 886 566 re

88 581 214 649 hioulum,
239 581 267 634 in
286 580 448 636 adversitate
471 581 641 650 praesidium,
666 582 694 635 in
717 582 818 638 lubrico
841 584 886 638 ba·

91 651 175 720 culus,
193 652 221 704 in
239 651 378 720 naufragio
387 659 492 720 portus,
511 659 541 706 ut
558 658 586 705 te
601 651 676 720 duce,
695 668 748 719 quo
766 653 886 724 tendunt,

90 737 221 791 prospere
240 724 407 792 perveniant,
431 729 459 777 et
485 722 589 778 demum
607 723 753 779 incolumes
772 725 808 778 ad
825 742 886 794 pro·

89 794 151 862 pria
168 802 344 848 revertantur.

126 864 238 934 Adesto,
258 880 417 933 quaesumus
435 865 558 932 Domine,
585 865 822 934 supplicationibus
840 883 887 921 no-

6 943 7 948 ’
91 937 163 1004 stris,
183 943 210 990 et
223 937 293 990 viam
306 936 464 992 famulorum
477 945 584 991 tuorum
595 937 623 989 in
638 937 730 992 salutis
744 944 807 991 tuae
825 954 886 1006 pro·
913 977 918 984 -

92 1009 220 1075 speritate
236 1007 356 1076 dispone,
374 1016 402 1063 ut
419 1009 489 1062 inter
503 1023 594 1062 omnes
608 1009 668 1062 viae
683 1016 711 1063 et
723 1009 794 1062 vitae
808 1010 887 1064 huius

91 1079 237 1132 varietates
255 1086 301 1133 tuo
320 1095 426 1146 semper
443 1085 618 1147 protegantur
636 1079 743 1134 auxilio.

71 1161 74 1166 ·
127 1149 250 1212 Praesta,
264 1165 438 1272 ¹Quaesumus,
458 1151 624 1217 omnipotens
638 1150 720 1219 Deus,
739 1156 770 1204 ιιι
787 1149 888 1204 familia

34 1223 36 1226 ’
90 1227 139 1274 tua
157 1234 207 1287 per
219 1220 264 1272 via
304 1221 397 1274 salutis
414 1219 528 1288 incedat,
548 1228 575 1274 et
592 1220 664 1275 beati
678 1223 789 1276 Joannis
805 1222 886 1276 Prae·
910 1247 913 1252 ·

91 1291 207 1344 cursoris
225 1291 395 1344 hortamenta
413 1289 547 1357 sectando,
567 1291 601 1344 ad
620 1306 687 1361 eum,
714 1308 792 1359 quem
809 1309 903 1360 prae-f

92 1359 167 1428 dixit,
193 1376 288 1415 secura
309 1362 457 1430 perveniat,
481 1361 624 1415 Dominum
649 1371 769 1418 noenum
795 1365 888 1419 iesum

93 1431 228 1486 Christum
244 1432 342 1485 Filium
359 1439 442 1486 tuum.
805 1475 808 1482 ι

127 1501 241 1572 Exaudi,
259 1503 381 1570 Domine,
399 1518 493 1570 preces
516 1511 630 1573 nostras,
656 1511 684 1558 et
707 1505 759 1562 iter
777 1503 887 1560 famulo·

90 1589 150 1626 rum
168 1580 273 1628 tuorum
282 1575 414 1642 propitius
432 1575 567 1644 comitare,
586 1583 666 1642 atque
680 1575 888 1630 misericordiam

91 1652 173 1712 tuam,
192 1645 260 1699 sicut
277 1644 375 1712 ubique
395 1661 431 1714 es,
458 1646 496 1700 ita
514 1646 612 1712 ubique
630 1647 737 1715 largire,
757 1654 888 1713 quatenus

93 1715 220 1770 acunctis
234 1715 439 1770 adversitatibus
452 1724 499 1771 tua
513 1716 687 1785 opitulatione
702 1717 813 1784 defensi,
828 1734 887 1786 gra·

89 1787 187 1841 tiorum
204 1785 253 1840 tibi
269 1785 388 1841 referant
406 1788 545 1846 actionem
573 1788 627 1842 Per
646 1789 779 1843 Christum
797 1789 887 1844 Domi·

92 1873 156 1911 num
172 1864 301 1915 nostrum.
319 1887 353 1897 —
372 1858 408 1916 R.
426 1860 519 1913 Amen.
586 1883 589 1888 ·

125 1928 183 1981 Pax
202 1935 229 1982 et
250 1928 398 1984 benedictio
417 1933 435 1995 †
452 1930 505 1984 Dei
523 1931 720 2000 omnipotentis,
744 1930 840 1999 Patris,
860 1937 888 1985 et

90 1999 160 2070 Filii,
179 2006 206 2054 et
216 1999 329 2067 Spiritus
348 2002 440 2068 sancti,
459 2001 604 2056 descendat
616 2017 699 2070 super
715 2017 764 2056 vos
784 2009 811 2057 et
829 2018 884 2057 ma·

89 2077 153 2125 neat
170 2085 283 2138 semper.
303 2101 336 2110 -
355 2071 390 2128 R.
409 2073 503 2127 Amen.

6 2203 7 2206 Ἴ
125 2141 234 2196 Deinde
251 2148 430 2211 amoenantur
448 2159 522 2211 apuu
538 2143 684 2198 benedicto.

6 2223 7 2226 ’
104 2241 108 2250 ·
129 2212 207 2282 Quod
225 2214 334 2269 nunus
345 2214 430 2280 fuerit
437 2216 669 2283 percunctaturus,
688 2215 780 2268 omniu
794 2213 887 2268 dicua-

91 2289 136 2336 tur
153 2286 183 2337 ιἰι
201 2300 312 2339 nummo
330 2285 481 2354 mapulari;
509 2302 542 2340 ae
566 2287 591 2340 st
613 2285 739 2340 edendos
755 2287 820 2353 epse,
840 2286 888 2353 qui

6 2413 7 2416 Ἴ
90 2354 226 2424 benedicit,
243 2357 328 2423 fuerat
340 2357 429 2411 socius
436 2357 673 2426 perepriauta'oae'o,
693 2357 767 2410 simut
779 2357 809 2410 ιἰι
822 2372 885 2425 per-

6 2475 7 2540 ,
89 2429 263 2552 &mageima
280 2429 387 2482 numera
399 2428 528 2498 pluralis,
547 2433 679 2496 quatem
691 2443 835 2497 conpruew
847 2429 885 2482 vi·

182 2626 205 2672 9.
223 2626 371 2674 Benedictio
384 2627 586 2684 peregrinorum
600 2634 661 2683 post
672 2627 794 2692 reditum.

129 2707 160 2760 V.
179 2707 348 2764 Adiutorium
364 2715 487 2764 nostrum
505 2711 532 2764 in
550 2710 656 2764 nomine
674 2709 790 2776 Domini,
817 2714 867 2762 etc.

88 2777 239 2906 Dolrssrqiffl
272 2779 344 2834 Ecce
370 2781 409 2836 sic
431 2780 606 2890 benedicetur
628 2781 718 2850 bomo,
744 2781 790 2848 qui
810 2779 886 2833 timet
