2108 3226
147 166 175 210 84
382 167 566 217 Praeparattouea
580 167 609 208 ad
622 166 719 210 Μιιιιιι

146 267 248 326 rendae
266 267 404 324 Passionis
421 274 494 337 tuae,
513 267 611 323 accedo
631 267 666 322 ad
679 268 764 323 altore
782 273 866 337 tuum,
885 267 953 324 licet
1023 320 1024 336 ,

146 347 281 409 peccator,
299 348 330 393 ut
348 337 459 394 offeram
475 340 525 394 tibi
543 337 709 422 sacrificium,
733 337 806 422 quod
823 346 854 393 tu
870 339 952 394 insti·
1024 400 1025 404 ,

146 411 222 468 tuisti
240 418 267 467 ct
286 410 377 466 offerri
389 411 572 478 praecepisti'
565 427 593 464 m
607 410 885 465 commemorationem
898 411 949 480 tui,
1024 405 1025 424 ¹

146 499 197 552 pro
215 482 302 538 salute
319 489 420 537 nostra
457 482 568 551 Suscipc
592 481 672 550 illud,
701 496 817 549 quaeso,
844 453 951 536 summi}
1025 478 1026 500 ¹

146 553 231 622 Deus,
249 569 299 623 pro
319 554 432 608 ecclesia
449 559 543 608 sancta
559 560 607 608 tua
625 560 653 608 et
670 568 720 636 pro
739 551 848 621 populo,
868 567 952 620 quem

148 625 313 694 acquisivisti
332 624 465 692 Sanguine
489 631 545 678 tuo.
583 625 620 678 Et
640 624 766 691 quoniam
792 637 835 677 me
853 639 951 691 pecca·
1027 636 1028 658 ³

146 704 234 752 torem
250 697 320 750 inter
337 702 365 750 te
391 702 419 749 et
444 695 567 750 eumdem
584 695 714 764 populum
739 701 815 748 tuum
831 694 952 750 medium

148 782 209 824 esse
227 765 344 835 voluisti,
368 765 431 820 licet
448 767 477 819 ιι
494 781 537 820 mc
556 765 664 834 aliquod
683 767 747 820 boni
765 766 855 833 operis
872 767 951 822 testi·

147 839 265 894 monium
277 852 332 891 nou
345 851 483 906 agnoscas,
505 837 619 892 officium
632 838 728 892 saltem
741 836 951 904 dispensationis

148 909 266 966 creditae
284 923 339 962 non
356 923 477 977 recuses,
505 923 555 963 nec
573 924 623 976 per
640 923 682 962 me
699 908 838 976 indignum
856 923 951 963 eorum

148 979 242 1038 salutis
259 985 355 1048 pereat
372 980 495 1048 pretium,
514 996 564 1047 pro
582 979 679 1047 ombus
697 980 805 1034 victima
822 979 949 1036 salutaris

148 1051 273 1134 diguatus
291 1065 322 1105 es
340 1064 400 1105 esse
419 1059 447 1106 et
463 1050 621 1134 redemptio.
652 1050 765 1106 Profero
784 1051 874 1118 etiam,
891 1050 951 1105 Do·

149 1123 220 1178 mine
249 1121 282 1191 (si
308 1120 427 1189 digneris
450 1122 584 1190 propitius
611 1121 733 1192 intueri),
761 1122 951 1178 tribulationes

147 1193 274 1276 plebium,
301 1192 422 1262 pericula
439 1193 613 1262 popidorum,
641 1193 808 1262 captivorum
826 1193 950 1264 gemitus,

148 1263 270 1320 miserias
301 1263 497 1333 orphanorum,
529 1264 705 1320 necessitates
736 1265 950 1334 peregrinorum,

147 1335 266 1403 inopiam
284 1334 425 1404 debilium,
440 1335 656 1420 desperationes
681 1335 873 1418 languentium,
902 1334 950 1390 de·

148 1406 235 1462 fectus
252 1421 355 1478 senum,
374 1407 490 1475 suspiria
506 1407 640 1475 iuvenum,
665 1414 729 1461 vota
746 1407 888 1476 virginum,
910 1407 951 1462 la·

149 1484 241 1534 menta
257 1477 405 1532 viduarum.

186 1549 272 1604 Ferte
289 1549 393 1617 ocimo.
425 1547 468 1602 Τιι
494 1548 564 1604 enim
580 1547 716 1603 misereris
734 1547 866 1617 omnium,
894 1547 951 1604 Do·

149 1621 229 1690 mine,
248 1627 276 1676 et
289 1620 355 1674 nibil
369 1619 449 1675 odisti
462 1634 562 1689 eorum,
577 1635 646 1687 quae
660 1618 755 1674 fecisti.
787 1618 951 1689 Memorare,

149 1707 220 1760 quae
234 1692 269 1746 ιιι
287 1697 380 1746 nostra
400 1691 564 1760 substantia;
583 1691 646 1759 quia
665 1696 697 1746 ιιι
708 1691 790 1744 Pater
802 1696 897 1746 noster
911 1705 950 1760 es,

150 1764 214 1831 quia
231 1768 261 1816 tu
278 1761 355 1817 Deus
372 1769 466 1818 noster
483 1778 527 1831 es,
557 1777 591 1817 ne
609 1761 734 1818 irascaris
752 1761 833 1830 satis,
862 1776 951 1829 neque

150 1832 345 1888 mmbmduem
362 1833 494 1888 viscerum
511 1840 619 1891 tuorum
636 1847 785 1901 supernos
803 1833 952 1888 contineas

149 1904 213 1960 Nou
231 1904 301 1958 euim
325 1905 353 1957 in
379 1903 610 1960 iustificationibus
633 1906 732 1960 nostris
755 1904 952 1988 prosternimus

150 1989 246 2044 preces
265 1981 327 2029 aute
346 1973 442 2029 faciem
454 1981 546 2059 tuam,
556 1973 629 2030 sed
621 1991 650 2030 m
663 1975 879 2030 miserationibus
897 1975 953 2031 tuis

150 2046 250 2104 multis.
277 2043 363 2100 Aufer
381 2061 398 2099 a
415 2045 493 2101 nobis
510 2046 665 2113 iniquitates
683 2052 798 2113 nostras,
817 2053 845 2101 et
861 2046 952 2114 ignem

151 2117 237 2174 sancti
255 2115 404 2184 Spiritus'
396 2133 425 2169 m
447 2117 524 2174 nobis
543 2118 688 2172 clementer
705 2087 830 2172 accende
865 2116 953 2172 Aufer

151 2203 198 2244 cor
215 2186 352 2256 lapideum
370 2186 403 2242 de
418 2203 497 2242 carue
515 2195 615 2258 nostra,
634 2195 662 2244 et
679 2188 715 2243 da
732 2189 810 2243 uobis
829 2203 876 2243 cor
894 2203 952 2244 car·

150 2274 240 2328 neum,
264 2257 337 2326 quod
353 2264 382 2313 te
400 2265 480 2329 amet,
505 2265 533 2314 te
558 2259 658 2329 diligat,
685 2268 713 2315 te
738 2258 896 2328 delectetur,
923 2267 952 2315 ts

151 2336 287 2399 sequatur,
310 2337 338 2386 te
356 2300 517 2398 perfruatur
555 2330 676 2400 Oramus,
694 2331 817 2400 Domine,
837 2331 952 2386 clemen·

151 2402 216 2458 tiam
229 2408 318 2470 tuam,
338 2408 368 2456 ut
382 2415 478 2458 sereno
491 2400 708 2456 vidtufamiliam
721 2410 810 2470 tuam,
829 2403 899 2456 sacri
912 2402 952 2458 tui

151 2473 265 2530 nominis
283 2471 369 2528 officia
385 2473 608 2543 praestolantem,
632 2473 753 2542 aspicere
771 2473 905 2542 digneris3
924 2479 953 2528 et

151 2551 183 2600 ut
199 2543 298 2598 nullius
315 2544 351 2599 sit
367 2544 472 2600 irritrrm
489 2551 590 2613 votum,
611 2544 710 2599 nullus
728 2560 815 2599 vacua
831 2543 951 2613 postula·

151 2615 206 2684 tio,
233 2622 265 2670 tu
281 2615 358 2670 nobis
376 2630 471 2683 preces
490 2629 620 2684 suggere,
645 2631 713 2682 quas
739 2616 798 2684 ipse
816 2616 952 2684 propitius

152 2685 245 2742 audire
264 2692 292 2740 et
310 2686 437 2747 exaudire
456 2686 606 2742 delecteris.

188 2757 274 2812 Ferro
290 2762 374 2812 ιιιια.
401 2757 537 2825 Rogamus
555 2757 636 2812 etiam
653 2764 691 2826 te,
714 2756 837 2825 Domine,
858 2761 952 2812 sancte

151 2828 249 2899 Pater,
274 2843 325 2896 pro
344 2828 481 2897 spiritibus
498 2827 617 2884 fidelium
639 2827 840 2896 defunctorum,
867 2834 899 2883 ut
917 2826 952 2883 sit
