2098 3222
171 207 212 252 818
513 212 633 262 appendix.

170 283 302 370 amodo
336 315 480 370 demebat
510 317 706 385 empreseioaem
739 329 820 369 cassu
851 316 977 410 seqsseaua'

170 385 267 512 moflo
287 497 294 510 .
313 456 367 511 Sed
380 473 440 511 enm
452 457 604 526 praedictus
614 458 632 512 J
633 473 734 512 oannes
748 472 803 511 non
816 457 856 510 ita
867 455 974 524 pridem

171 533 263 582 votum
288 529 406 583 emiserit
432 544 524 584 saeros
557 528 665 584 ordines
689 527 869 596 susmpiendi,
897 521 979 595 quenl

171 599 311 656 sublimem
328 606 427 655 statum
443 601 498 654 iam
515 600 566 656 sibi
583 599 684 654 iudicet
709 615 764 654 non
788 597 849 653 iore
876 599 975 653 sulm

171 684 237 740 rem,
254 687 315 725 oum
331 677 443 739 propter
461 687 566 740 graves
591 671 688 739 quibus
711 670 870 738 frequenter
886 677 973 724 tenta·

171 747 223 810 tur,
243 742 474 811 concupiscentiae
492 742 622 811 stimulos,
649 743 696 795 vix
722 756 752 798 se
770 747 865 809 aptum
885 741 975 798 eristi·

171 820 227 868 met
244 812 279 866 ad
297 813 386 868 debite
400 813 559 868 servandam
572 811 731 882 mitatem,
749 827 799 882 pro
814 813 906 880 gratia
923 819 972 867 eta

131 995 133 1006 ,
199 943 221 993 5.
242 944 367 992 Formula
379 944 485 1002 petendi
499 944 720 1000 dispensationem
734 945 895 1000 supervola
909 955 951 990 oa·

440 1010 539 1056 utitatis
552 1013 703 1068 perpetuae.

208 1091 366 1148 Beatissimo
385 1091 480 1147 Pater!
798 1105 800 1112 ·

153 1201 156 1208 .
207 1161 360 1230 Exponitur
377 1163 514 1220 humiliter
537 1161 678 1216 sanctitati
702 1161 817 1216 Vestrae
842 1177 880 1217 ex
895 1170 972 1232 parta

173 1231 286 1288 devotae
300 1233 389 1301 Ipsius
404 1233 667 1300 OratrieisBertbae,
682 1232 754 1300 quon
767 1232 894 1302 praefata
907 1233 971 1288 Ora·

171 1303 225 1358 trix
237 1311 330 1360 votum
344 1304 457 1372 simplex
471 1305 588 1360 emiserit
605 1311 753 1372 perpetuae
767 1304 910 1374 cranaus,
930 1305 970 1359 rel

171 1374 361 1443 ingrediendae
375 1376 537 1444 Religionis3
555 1375 604 1430 sed
622 1391 683 1429 eum
695 1382 751 1429 tam
763 1375 970 1431 vehementibus

172 1446 259 1502 earnis
277 1447 390 1502 stimulis
408 1448 532 1516 agitetur,
550 1453 578 1502 et
596 1445 630 1500 ue
647 1446 719 1500 facto
737 1446 834 1501 orbata
852 1447 911 1502 suis
925 1463 970 1516 pa·
1022 1475 1023 1486 2

170 1518 299 1587 rentibus,
323 1519 404 1572 variis
429 1524 579 1586 exponatur
601 1518 811 1573 incontinentiae
833 1519 969 1586 perieulis,

171 1589 211 1644 ita
227 1596 258 1644 ιιι
275 1590 550 1644 continenter·vivere
568 1603 598 1644 se
615 1603 696 1657 posse
707 1587 848 1657 desperet,
866 1589 971 1644 humili·

171 1666 214 1716 ter
231 1661 364 1729 supplicat
381 1660 520 1716 Sanctitati
539 1660 665 1726 Vestrae,
693 1666 724 1714 ut
741 1676 801 1714 enm
819 1659 918 1714 eadem
936 1660 972 1714 ni·

172 1747 299 1801 sponsare
317 1732 441 1800 dignenu
459 1731 494 1786 ad
512 1729 635 1786 effectum
652 1729 778 1800 nubendi,
802 1737 834 1785 nt
858 1731 911 1786 sibi
929 1731 974 1786 de·

170 1802 256 1858 bitum
273 1803 412 1872 coniugale
431 1809 459 1858 et
477 1802 584 1870 exigere
603 1810 631 1856 et
648 1800 762 1856 reddere
781 1802 863 1857 lieeat
882 1809 936 1857 ete.
1021 1820 1022 1848 ι

189 1940 352 1987 aseraule
365 1941 470 2000 petendi
483 1942 591 1987 eandem
606 1939 835 1996 dispensabam,
849 1941 957 1996 qnuio

241 2010 322 2068 gravi
335 2011 490 2058 neeessitate
504 2012 623 2068 urgente,
638 2010 746 2056 eandem
760 2010 904 2058 eonoedert

447 2080 535 2132 potest
547 2076 699 2132 lipisoopns.
1020 2035 1021 2119 l

205 2163 386 2220 illustrissime
405 2171 433 2218 et
450 2163 683 2219 Revereudissime
701 2163 832 2218 Domine!

205 2236 359 2304 Exponitur
370 2235 506 2290 humiliter
518 2235 716 2290 illustrissimae
729 2235 846 2290 Vestrae
859 2233 971 2290 Gratiae

169 2322 220 2375 po
238 2313 316 2375 parte
334 2306 425 2362 devoti
442 2306 531 2374 Ipsius
551 2306 674 2362 Oratoris
691 2305 735 2374 N,
761 2305 834 2373 queo
853 2319 915 2360 enm
933 2304 970 2358 tli-

170 2383 230 2432 etus
248 2377 346 2434 Orator
363 2378 397 2433 ob
416 2378 495 2432 valde
513 2393 595 2446 greve
623 2384 651 2432 et
668 2377 786 2432 notabile
802 2376 969 2432 incontinen-
1018 2445 1019 2448 Ἴ

168 2448 225 2502 tias
242 2449 398 2518 perieulum,
417 2449 459 2504 etri
478 2449 629 2518 exponitur,
650 2464 667 2502 a
683 2448 785 2517 nuptiis
803 2446 906 2502 diutins
923 2447 969 2502 ab·
1018 2455 1019 2466 ¹

169 2518 269 2574 stinere
287 2535 342 2575 non
359 2520 453 2589 possit,
471 2535 522 2576 nee
540 2520 575 2576 ad
593 2519 621 2574 S.
634 2519 732 2574 Seiam
751 2519 841 2573 valeat
858 2533 911 2588 pro
930 2517 968 2572 ‹li-

169 2590 340 2656 sponsatione
358 2606 506 2665 recurrere,
532 2592 596 2659 qnia
619 2591 698 2646 nimis
722 2605 820 2658 magna
837 2589 969 2658 pronior

168 2667 328 2728 paupertate
348 2662 409 2728 (oei,
429 2663 492 2730 qnia
508 2661 784 2731 peiienlumsoandali
795 2659 879 2715 estin
893 2675 969 2714 mors

168 2729 531 2804 vel,quiat1mendumest,
558 2748 593 2788 ne
617 2732 716 2789 Orator
741 2732 859 2801 puellam
885 2731 971 2786 bone·

168 2806 246 2868 stam,
264 2816 345 2868 quam
357 2802 464 2858 vitiavit
481 2811 510 2859 et
521 2820 582 2860 enm
600 2819 654 2872 qna
666 2805 720 2860 iam
732 2801 848 2860 intendit
857 2803 970 2870 nubere,

166 2876 270 2925 mnata
286 2872 424 2928 voluntate
439 2873 555 2946 deseret,
574 2876 598 2932 si
616 2875 817 2930 Matrimonium
835 2874 969 2944 amnsper
