2146 3234
395 175 555 224 llxseqniesum
568 175 628 218 onio.
868 172 908 216 667

107 280 209 346 statim,
227 279 283 332 otei
299 277 365 346 queit
382 277 520 345 impediet,
531 279 553 344 ²)
574 276 682 331 dicetne
698 274 823 344 officim
836 292 905 331 mor·

108 350 255 416 inerunt
276 365 336 404 cnm
349 349 436 416 tostos
444 347 594 402 Nocturnis
608 347 792 416 ethndtltne,
811 353 836 402 et
850 349 905 404 dno

109 438 143 478 ecc
167 421 237 476 elno
262 421 396 488 inceptant
418 419 537 473 absolute
560 419 761 484 Inoitntetium,
793 419 904 488 Regem,

110 493 153 547 coi
172 492 261 547 omnin
278 491 379 560 vivunt,
403 491 493 545 venite
512 489 661 559 odoremus,
687 495 712 543 et
735 491 865 558 repetitor
889 507 908 544 o

109 564 188 630 clero,
206 563 316 631 Regem,
335 563 378 616 cui
397 562 603 630 emissivum,
622 567 669 616 etc.
680 561 782 618 Psatm.
803 561 906 630 Venite,

110 635 281 703 exsultemus,
300 639 346 688 etc.
366 638 391 687 ei
409 633 585 701 duplicantur
601 629 810 702 Anto'polconne.³)

147 719 173 774 5.
190 717 237 772 At
253 717 334 784 finem
355 715 446 784 Officii
458 721 523 785 pont
536 716 722 785 Antiphonem
738 712 845 770 cantet
856 715 907 769 Be·

109 788 241 857 nedictus,
268 795 314 842 etc.
342 789 402 856 Ego
429 803 488 844 sum
511 788 681 856 resurreetio,
708 786 808 840 dietim
825 786 908 842 Pater

109 867 201 916 noster
221 861 353 927 (nemeto).
709 870 710 874 ’

150 931 180 986 V.
199 931 236 984 Et
247 946 288 986 -ne
305 946 355 986 nos
373 929 483 986 inducas
501 929 530 984 in
547 930 729 998 tentationem,
749 935 798 983 ete.

150 1002 181 1057 V.
199 1004 225 1056 A
241 1009 321 1070 porte
337 1000 424 1072 inlesi,
669 1017 672 1029 ¹

143 1074 180 1129 R.
198 1073 281 1142 Erue,
298 1072 420 1142 Domine,
438 1073 553 1126 animem
571 1072 637 1131 eius.

148 1145 180 1198 V.
197 1144 359 1212 Requiescet
376 1145 404 1197 in
421 1159 496 1212 pace,
516 1150 566 1198 etc.

147 1215 178 1270 V.
196 1215 319 1284 Domine,
339 1214 436 1268 exaudi
455 1215 603 1269 credonem
621 1228 714 1283 meum,
736 1218 786 1268 etc.

148 1286 179 1350 V.
199 1286 330 1340 Dominus
347 1285 493 1353 vobiscum,
512 1291 561 1338 etc.

149 1355 269 1412 &emon
294 1355 420 1426 Absolve,
448 1369 616 1424 quaesumus,
643 1355 767 1424 Domine,
792 1355 906 1408 enimam

109 1425 203 1480 famuli
220 1427 260 1481 tui
279 1427 312 1481 ab
332 1427 403 1481 omni
421 1426 527 1480 vinculo
546 1424 709 1494 delictorum,
728 1433 759 1478 ut
776 1426 804 1478 in
817 1440 906 1480 resur-

112 1498 238 1552 rectionis
257 1498 425 1566 glorianter
439 1497 551 1551 Sanctus
565 1503 593 1550 et
606 1495 705 1551 eleetos
719 1502 780 1551 tuos
793 1497 906 1550 resusci-

112 1575 184 1694 tatis?
200 1570 324 1692 Ξθὲρίιθῐ.
361 1569 416 1622 Per
433 1567 576 1636 Christum,
594 1567 737 1621 Dominum
754 1574 881 1621 nostrum

176 1680 182 1693 .
252 1655 293 1694 en.
682 1669 686 1676 ·

147 1725 173 1776 6.
191 1723 267 1776 Dum
279 1724 310 1776 ln
326 1721 421 1790 Officio
437 1722 565 1776 dicuntsic
575 1719 694 1786 Laudes,
712 1719 837 1774 nuenton
849 1734 909 1773 enm

112 1795 244 1848 ministret
257 1800 377 1863 potator
395 1793 433 1848 nd
445 1793 630 1850 celebrandam
639 1792 755 1846 Missam
767 1791 909 1844 solemnem

67 1919 73 1939 ⁸
124 1932 145 1983 1)
162 1934 186 1974 si
200 1933 293 1974 cedeser
307 1934 404 1974 deletum
427 1935 457 1974 sit
476 1935 499 1974 ln
514 1934 636 1983 eeclesiam,
655 1933 752 1974 cilicium
765 1934 839 1972 eutem
852 1941 909 1970 mor·

161 2004 252 2040 tuorum
265 2000 294 2040 ed
311 2001 371 2040 uliud
391 2004 478 2051 tempus
492 2002 624 2049 remittetur,
645 2003 696 2050 post
711 2000 834 2048 Suteestte,
858 1999 909 2039 eddi

162 2073 236 2120 potest
250 2071 323 2120 Kysis,
337 2071 400 2120 Peter
411 2075 481 2111 noster
495 2074 516 2110 et
525 2070 600 2112 Oratio
609 2070 697 2110 Absolve
711 2081 760 2110 cum
774 2069 909 2119 aspersione.

163 2135 192 2186 (S.
208 2137 233 2176 ll.
250 2136 272 2176 0.
288 2134 306 2176 t.
321 2135 376 2186 sept.
392 2135 463 2184 teto.)

123 2197 144 2251 2)
159 2200 270 2240 Perochus
289 2200 370 2248 alitque
391 2201 516 2240 secerdotes
535 2199 645 2249 exsequiis
662 2200 806 2247 mortuorum,
820 2198 909 2238 officiis·

165 2275 208 2314 que
221 2265 355 2314 quotidianis
369 2275 409 2314 pro
423 2265 501 2306 iisdem
516 2266 652 2314 assistentes,
668 2275 694 2304 ec
709 2275 750 2314 pro
761 2264 909 2304 seiunctione

164 2331 297 2379 stipendium
306 2329 448 2379 succipientes,
457 2333 561 2371 tenentur
570 2341 609 2380 per
619 2340 642 2370 se
652 2330 748 2370 otiolum
756 2330 910 2370 detunctorum

162 2397 294 2446 persolvere,
317 2397 351 2435 ite
364 2399 390 2435 ut
403 2396 538 2437 solummodo
552 2397 681 2437 assistentes
702 2399 723 2435 et
736 2407 781 2436 non
795 2397 909 2436 oententes

164 2463 198 2501 vel
212 2463 331 2512 psallentes
345 2462 430 2502 fruetus
444 2471 488 2502 non
501 2463 585 2502 inolent
598 2473 662 2510 suos;
676 2472 717 2501 neo
731 2463 820 2511 sufficit,
835 2464 861 2502 ut
874 2471 910 2502 es·

163 2528 244 2568 sistent
258 2531 280 2567 et
293 2527 371 2568 schole
391 2527 487 2568 officium
508 2529 627 2577 persolvet,
648 2528 702 2576 ipsis
716 2528 800 2568 lutense
813 2537 854 2576 pro
870 2536 910 2568 sno

163 2591 235 2632 lubitu
249 2593 303 2632 siles
318 2602 393 2642 preces
407 2593 557 2642 fundentibus,
571 2603 590 2636 v.
605 2603 625 2642 g.
640 2593 778 2632 Brentesium
796 2592 910 2632 renitenti-

165 2658 207 2697 bus
221 2667 261 2706 pro
276 2669 316 2698 sne
329 2659 458 2707 qnotidlene
472 2660 615 2709 obligations.
633 2659 664 2706 (S.
675 2659 730 2700 lto.
745 2658 766 2702 9.
776 2657 910 2709 nostwet.)

125 2721 147 2774 t)
161 2723 188 2762 In
202 2723 274 2762 officio
288 2724 441 2764 detunctorum
454 2725 506 2766 licet
526 2735 566 2774 pso
580 2735 625 2764 uno
639 2726 724 2764 tentum
739 2725 831 2773 dicetur,
856 2725 910 2762 ente

164 2788 289 2828 tectionem
303 2789 368 2829 Parce
380 2789 439 2838 mos,
452 2789 540 2830 Domine
558 2789 580 2840 (Ι
594 2787 669 2840 Noct.)
686 2789 708 2828 V.
723 2799 772 2828 cum
787 2789 814 2828 n.
828 2787 909 2827 dicitur

163 2855 229 2903 prout
243 2855 305 2894 lecet.
320 2854 350 2902 (S.
365 2855 390 2895 n.
406 2855 428 2896 C.
443 2854 462 2896 t.
477 2855 532 2905 Sept.
547 2852 618 2905 1816.)
