2152 3234
336 170 369 212 De
383 170 524 212 sacramento
538 171 694 212 Poemiientiae.
874 170 914 213 tta

112 272 238 328 mimonio
257 273 416 342 susceperis,
434 272 579 342 legitimam
596 273 655 330 iore
670 273 769 330 nonio
782 280 810 329 et
827 275 914 331 decla

113 359 155 399 ro.
192 343 224 397 In
240 345 348 399 nomine
365 344 454 400 Patris
472 348 491 411 †
509 351 560 403 etc.

149 427 245 483 Passio
263 426 371 482 Domini
388 428 473 484 nostri
491 435 542 486 etc.

125 563 150 610 ⁹.
166 562 291 609 h'ormula
305 563 508 618 dispensationis
522 574 602 620 snper
618 561 802 618 impedimento
822 563 901 618 primi

161 627 296 674 affinitatis
310 629 411 685 gradus
425 639 458 674 ex
473 629 569 684 copula
585 627 681 673 illicita
695 625 867 683 proveniente

365 695 406 739 ad
419 694 659 740 remanendum.

6 793 7 800 ¹
148 780 217 835 Post
239 781 346 835 solitum
373 781 566 836 motatorem
584 797 602 836 a
621 782 741 837 cenante
758 787 783 836 ct
796 784 916 851 peccatis
969 837 971 842 .

5 865 7 876 ’
111 851 188 906 dicat
205 853 401 919 wascesoriue:
933 895 936 901 .

151 933 190 987 Et
207 934 317 1002 insuper
336 934 494 989 anctoritate
517 933 674 1002 Apostolica
699 933 752 1004 (rel
775 934 914 1004 Archiepi·

112 1004 217 1073 scopeli
235 1005 279 1059 vel
296 1005 462 1076 Episcopali)
480 1006 545 1059 mihi
564 1007 716 1075 specialiter
734 1005 858 1074 delegata
876 1004 914 1059 di·

113 1091 214 1145 spenso
239 1083 328 1131 tecum
353 1093 435 1146 super
458 1076 647 1145 impedimento
677 1078 756 1146 primi
780 1077 914 1148 affinitatis

113 1146 223 1216 maduo,
242 1162 276 1201 ex
294 1148 391 1216 copula
407 1147 507 1217 illicite,
527 1163 606 1216 qnam
624 1165 683 1202 cum
700 1156 786 1204 metre
805 1149 858 1219 (vel
871 1164 914 1205 so·

112 1220 188 1285 rore)
207 1226 270 1272 tuce
288 1225 398 1286 putatae
416 1219 535 1287 coniugis
562 1226 642 1274 antea
659 1219 785 1288 habuisti,
812 1227 843 1274 ut
867 1219 913 1275 illo

111 1305 168 1344 non
187 1289 318 1360 obstante,
336 1296 465 1346 renovato
485 1305 617 1346 consensu
635 1307 694 1344 cum
712 1291 834 1359 praefata
852 1305 914 1346 con·

111 1361 184 1430 iuge,
202 1359 401 1416 Matrimonium
415 1377 474 1415 cum
485 1361 532 1415 illa
545 1362 711 1435 contrahere,
730 1377 913 1417 consummare

58 1435 61 1440 '
112 1438 141 1556 {t
158 1432 187 1485 in
205 1447 238 1487 eo
255 1447 395 1488 remunero
412 1433 484 1486 licite
497 1432 590 1488 valeas
602 1439 631 1488 et
647 1433 744 1501 possis.
762 1433 795 1486 In
807 1434 914 1488 nomine

136 1503 202 1558 atris
220 1507 239 1570 †
257 1511 308 1560 etc.

152 1589 190 1643 Et
206 1590 309 1658 pariter
322 1590 416 1645 eadem
430 1589 588 1644 aumoritete
602 1589 713 1657 prolem,
723 1589 751 1656 ‚si
765 1604 844 1657 quam
857 1605 915 1646 sus-

117 1661 214 1728 cepisti
232 1667 260 1716 et
278 1661 436 1730 susceperis,
454 1661 600 1730 legitimam
617 1660 675 1716 fore
691 1660 806 1716 decerno
825 1667 853 1716 et
869 1660 915 1715 ‹le-

116 1731 197 1786 clnro.
215 1733 247 1786 In
264 1733 370 1787 nomine
388 1732 477 1788 Patris
495 1735 514 1798 †
531 1739 582 1787 etc.

153 1815 249 1871 Passio
266 1816 375 1872 Domini
392 1817 545 1897 nostri‘etc.

114 1951 154 2000 10.
170 1950 511 2006 ΒοωιιΙαιᾱίιροιιαιίοηιε
521 1961 619 2006 corum,
632 1950 678 2004 qul
687 1952 805 2006 petentes
813 1949 915 2006 dispen-

115 2017 246 2064 sationem
261 2028 277 2061 a
289 2015 400 2062 Datarla
414 2027 494 2072 super
505 2016 688 2072 impedimento
701 2015 815 2072 publico,
828 2018 915 2062 moue·

114 2085 180 2130 runt
193 2082 405 2138 impedimentum
419 2082 548 2128 occultum
558 2105 584 2117 -
594 2081 635 2127 ad
649 2081 914 2128 contrahendum.

150 2177 220 2232 Post
237 2175 429 2230 absolutionem
447 2190 466 2227 a
484 2175 604 2228 centum
617 2177 642 2228 ct
650 2174 772 2241 peccato
783 2172 813 2228 ia
824 2173 916 2241 formo

116 2248 199 2302 soliia
217 2247 310 2301 dotum
329 2246 402 2300 cimai
419 2245 615 2312 confessorias:

150 2331 266 2400 Insuper
284 2329 442 2385 auctoritate
461 2327 633 2396 Apostolica.
646 2367 670 2385 ..
685 2327 750 2381 mihi
764 2326 916 2396 specialiter

114 2401 239 2471 delegata
256 2401 382 2470 dispenso
399 2407 488 2454 tecum
505 2413 587 2467 super
610 2397 798 2467 impedimento
824 2412 858 2452 ex
875 2398 914 2450 in·

114 2484 241 2530 cestuosa
258 2473 362 2541 copule,
390 2485 470 2539 qnam
494 2485 553 2524 cum
577 2476 625 2524 tue
642 2471 838 2538 consanguinea
857 2468 915 2538 (seu

116 2544 205 2614 affine)
215 2544 342 2611 habuisti,
356 2542 539 2612 proveniente,
556 2539 717 2609 utpraeiato
726 2540 914 2609 impedimento

113 2632 168 2672 non
187 2615 319 2683 obstante,
337 2613 536 2669 Matrimonium
554 2627 614 2666 cnm
631 2611 679 2665 illa
696 2610 731 2666 ad
747 2610 860 2666 formam
872 2610 914 2664 lit·

113 2695 234 2744 terarum
251 2685 468 2756 disponsationis,
488 2699 568 2752 quam
585 2699 603 2737 a
617 2682 686 2738 Sede
699 2682 859 2751 Apostolice
868 2679 914 2735 ob-

114 2759 227 2828 timuisti,
245 2756 403 2812 contrahere
416 2755 488 2811 licite
501 2755 590 2824 possis
604 2761 633 2810 et
645 2754 746 2811 valeas.
763 2754 796 2808 In
808 2751 915 2808 nomine

112 2830 203 2886 Patris
221 2832 240 2896 †
257 2835 310 2886 etc.
656 2865 658 2868 ψ
