2128 3228
240 181 272 220 Do
285 179 434 220 functionibus
447 179 515 219 feriae
527 177 565 219 VI.
580 178 604 218 in
618 179 745 220 Parasoavc.
854 173 892 221 751

96 281 211 352 Sodaica
230 288 257 336 et
274 281 312 349 pii
329 280 380 334 viri
397 285 536 334 remanent
553 285 630 334 extra
645 279 785 351 cancellos,
803 281 894 351 ibique

97 353 230 422 dispositi,
249 367 341 407 cereos
360 365 444 418 usqne
469 350 504 405 cd
522 349 606 410 Officii
630 349 710 408 finem
727 351 755 404 in
774 354 896 412 manibus

34 417 37 428 ¹
98 422 237 480 tenebunt.
274 425 318 492 14)
335 422 528 477 Baldachinum
546 421 602 476 sive
620 422 736 476 umbella
754 421 896 492 deponitur
933 473 935 480 .

97 503 163 553 ,ante
182 495 322 564 cancellos,
341 501 368 548 et
385 494 445 549 loco
464 508 581 560 congruo
600 492 754 548 collocatur.
783 496 826 566 15)
848 496 896 552 Oe·

100 567 207 620 lebrans
226 565 345 620 ascendit
363 565 398 619 ad
416 565 509 633 altare,
537 570 565 618 et
588 565 697 618 calicem
721 565 798 632 ponit
817 583 899 635 super

99 637 252 706 corporale;
282 635 377 690 deinde
396 634 564 704 genuflectit,
590 635 688 704 surgit,
716 643 743 690 et
760 635 898 694 descendit

100 709 130 764 in
147 710 260 777 primum
277 707 389 776 gradum
407 707 507 764 aitaris.
545 706 587 776 16)
606 705 724 775 Deponit
740 708 843 778 velum,
873 716 900 764 et

100 787 176 836 stans
189 780 301 848 imponit
313 780 451 834 incensum
469 779 498 831 in
513 777 649 832 thuribulo
664 779 721 832 sinc
734 778 897 835 benedictio-

100 865 136 906 ne
154 857 182 908 et
205 852 262 905 sine
280 847 405 919 osculis,
418 849 513 904 deinde
538 847 695 918 genuflexus
717 849 746 903 in
764 850 897 920 suppeda-

105 938 157 977 nco
176 921 376 976 Sacramentum
392 921 520 975 incensat

137 997 204 1046 Art.
230 996 258 1046 5.
295 995 343 1044 De
369 994 488 1054 reliquo
513 993 625 1045 Officio
649 996 682 1043 et
713 993 778 1044 ritu
806 995 902 1046 huius

105 1066 211 1118 feriae.
235 1064 260 1134 1)
281 1063 425 1117 Celebrans
444 1077 556 1130 surgens
582 1062 684 1117 accedit
702 1062 737 1117 ad
755 1063 855 1133 citare,
875 1071 903 1119 ot

99 1133 270 1203 genuflectit;
290 1133 385 1188 deinde
404 1133 484 1189 solvit
502 1139 529 1188 et
543 1142 649 1188 amovet
665 1135 754 1189 velum
774 1151 791 1188 a
809 1135 900 1206 calice,

101 1213 130 1260 et
156 1206 233 1272 ponit
265 1211 391 1273 patenam
421 1217 503 1272 super
534 1205 682 1272 corporale.
725 1206 751 1275 2)
779 1206 898 1276 Accepto

99 1276 192 1344 calice,
206 1275 317 1342 deponit
330 1289 364 1328 cx
378 1289 411 1328 eo
425 1289 529 1328 sacram
538 1275 653 1339 hostiam
666 1291 747 1344 super
760 1285 900 1348 patenam3

102 1345 200 1400 deinde
218 1345 346 1400 ambabus
365 1345 486 1400 manibus
504 1351 629 1412 patenam
654 1347 740 1414 ipsam
758 1350 900 1420 accipiens,
963 1372 965 1379 ·

101 1417 217 1471 collocat
225 1417 340 1472 bostiam
354 1431 436 1485 super
449 1416 597 1485 corporale,
615 1417 681 1470 nihil
693 1417 792 1488 dicens,
810 1434 898 1488 neque

105 1489 229 1556 signans3
248 1494 275 1541 et
291 1495 416 1556 patenam
429 1487 505 1555 ponit
522 1487 569 1540 ubi
587 1488 661 1557 alias,
680 1487 729 1543 sed
747 1505 828 1559 super
842 1507 901 1545 cor·

102 1559 211 1629 potale,
238 1574 293 1612 non
317 1558 419 1612 subtus.
455 1557 482 1627 3)
503 1557 661 1628 Celebrans,
687 1558 758 1613 facta
784 1561 901 1628 genufle-

105 1630 194 1698 xione,
213 1629 309 1697 occipit
318 1629 434 1698 calicem,
449 1636 476 1682 at
486 1627 588 1684 accedit
596 1644 690 1684 versus
700 1645 783 1684 cornu
794 1631 900 1700 Episto-

104 1701 149 1755 lac
168 1707 196 1756 et
213 1699 321 1754 calicem
347 1700 455 1754 sinistra
480 1706 592 1770 tenens,
620 1701 696 1768 ponit
712 1701 741 1754 in
760 1716 792 1756 eo
810 1703 901 1756 vinum

106 1779 136 1826 et
154 1787 250 1840 aquam
263 1772 320 1826 sine
333 1769 532 1840 benedictione,
552 1777 579 1825 et
592 1771 658 1824 nihil
671 1771 778 1838 dicens.¹
788 1773 815 1842 4)
827 1773 904 1828 Calin

104 1858 161 1897 non
186 1843 361 1912 abstergitur,
388 1841 436 1897 sed
460 1842 569 1910 ponitur
591 1842 620 1896 in
643 1843 727 1897 latere
746 1845 901 1912 corporalis.

9 1925 19 1982 ,'
105 1916 135 1982 5)
154 1913 298 1968 celebrans
321 1913 424 1968 accedit
447 1912 475 1966 in
493 1911 623 1982 medium,
652 1921 679 1968 et
696 1913 767 1968 iacta
784 1914 903 1984 genufle-

9 1991 11 2054 g
105 1986 194 2054 xione,
208 1985 315 2052 reponit
333 1983 554 2039 calioeminioco
566 1985 645 2040 solito
655 1985 712 2040 sine
723 1986 798 2054 signo
809 1987 903 2056 crucis,

9 2101 10 2106 ,
105 2063 135 2112 et
153 2055 368 2124 cooperitpalla.
396 2057 424 2124 6)
442 2055 544 2110 Ibidem
556 2063 630 2110 stans
641 2056 755 2124 imponit
767 2056 904 2113 incensum

103 2129 134 2182 in
150 2127 296 2195 thuribulo,
316 2127 417 2194 absque
435 2126 618 2182 benedictione
633 2133 660 2182 et
674 2128 779 2182 osculis.
807 2128 833 2198 7)
854 2129 902 2184 Ge·

9 2255 10 2264 ,
104 2200 221 2267 labrum,
250 2204 359 2267 accepto
377 2199 521 2266 thuribulo,
553 2196 715 2267 genuflectit,
740 2205 767 2253 et
783 2200 906 2255 incensat

106 2271 205 2340 oblata,
224 2269 314 2324 dicens
333 2268 366 2323 dc
384 2284 472 2325 more:
490 2270 633 2339 Inceptum
650 2269 725 2324 istud
742 2275 788 2324 etc.
814 2270 841 2340 8)
860 2271 903 2324 In-

104 2343 222 2397 censatis
241 2340 346 2409 oblatis,
373 2340 470 2395 iterum
488 2338 643 2408 genuflectit
661 2347 689 2395 et
705 2341 826 2396 incensat
844 2358 903 2396 oru-

105 2415 183 2466 cem¹
220 2412 324 2466 dicens:
349 2411 503 2480 Dicebatur,
521 2411 638 2464 Domine
656 2417 713 2479 etc,
744 2418 772 2466 et
789 2413 905 2482 repetita

106 2497 159 2550 gen
198 2484 293 2537 exionc
312 2483 392 2551 cruci,
408 2483 591 2551 prosequitur,
605 2497 679 2536 more
693 2483 771 2538 solito
784 2484 903 2540 incensa-

9 2559 10 2564 ’
105 2553 207 2608 tionem
224 2554 324 2622 altaris,
350 2568 456 2622 semper
474 2552 663 2621 genuflectens,
687 2555 791 2621 quotics
808 2555 904 2610 transit

105 2639 157 2692 per
173 2624 297 2680 medium.
316 2625 344 2693 9)
363 2624 503 2680 Incensato
522 2624 609 2693 altari,
628 2623 675 2678 dat
692 2625 856 2680 thuribulum
876 2626 904 2678 in

106 2710 201 2749 manns
218 2693 390 2766 thuriferarii,
415 2695 517 2750 dicans:
542 2695 683 2750 monendas
699 2696 730 2750 ic
746 2697 823 2751 cobet
841 2701 903 2762 etc.;

119 2855 141 2910 ¹)
156 2856 206 2898 Non
219 2867 272 2896 vero
284 2857 359 2898 iterum
372 2857 406 2901 SS.
417 2858 586 2901 sacromentum.
602 2857 630 2910 (S.
645 2857 670 2903 B.
685 2857 708 2900 Ο.
723 2857 743 2900 5.
758 2859 814 2899 Julir'
827 2855 901 2910 1698.)
