2138 3226
166 187 207 232 182
372 204 374 207 ·
448 188 526 228 Procae
539 187 684 237 vespertinae.

167 307 256 362 meos,
275 290 415 360 omniaque
439 291 486 360 pia
503 306 587 360 opera
605 290 694 346 divino
713 292 867 359 eonepeotui
884 291 966 362 offer,
981 339 988 352 .

170 371 251 432 atque
269 362 356 433 effice,
381 363 456 418 utin
473 362 560 430 gratia
578 377 612 416 ex
628 362 680 416 hao
696 363 852 431 perveniam
870 362 905 416 ad
922 364 965 418 vi·

165 442 221 492 tam
239 441 383 490 aeternam.
419 433 512 488 Amen.

201 506 325 574 Quietem
342 505 459 574 capiam,
483 505 520 558 mi
537 505 616 574 Jesu,
640 510 671 559 ut
687 504 760 559 viros
778 504 898 573 corporis
915 520 959 560 re·

165 584 283 634 murem
314 583 341 631 et
368 575 457 631 divino
479 583 527 630 tuo
552 577 679 644 obsequio
703 576 792 644 aptior
813 575 883 630 iiam.
919 576 962 631 Mi

164 649 247 719 Jeou,
272 648 377 716 quoties
394 647 499 716 respiro
523 655 707 716 pernoctem,
734 647 815 701 toties
832 654 863 701 tu
881 662 898 700 a
915 663 962 703 me

165 721 203 777 sia
220 719 384 789 benedictus,
402 719 442 773 uti
460 719 489 773 in
502 719 584 774 coelio
603 726 631 773 te
645 717 785 786 Seraphim
797 716 964 774 benedicunt

166 798 194 846 et
213 790 362 845 Cherubim.
390 789 430 843 Mi
447 789 521 860 Jesu,
539 790 567 844 in
585 796 612 845 te
631 789 719 858 oredo,
737 790 774 843 mi
791 788 866 858 Jesu,
884 789 913 842 in
931 796 963 845 te

166 871 255 930 spero,
279 861 316 914 mi
333 860 407 930 iesu,
432 867 460 915 te
478 877 538 916 amo
557 860 751 929 superomnia.
788 860 849 914 Tibi
866 860 961 930 vigilo,

165 933 215 989 tibi
228 932 338 1000 dormio,
356 931 484 998 tibivivo‚
501 932 550 986 tibi
559 932 666 1001 morior,
682 931 861 986 amantissimo
875 931 962 987 Jesui

201 1003 259 1058 Noe
277 1019 337 1057 oum
353 1003 430 1071 prole
447 1003 494 1072 pia
510 1002 650 1058 benedicat
666 1003 750 1072 Virgo
767 1002 855 1056 Maria
872 1003 899 1070 †.

201 1085 269 1126 Dum
285 1087 382 1126 vertet
400 1086 494 1136 exuis,
508 1087 577 1126 realta
590 1097 631 1136 pro
645 1085 760 1126 animabus
774 1085 870 1125 iideiinm
884 1086 965 1126 deiun-

166 1152 252 1192 eiorum
265 1151 328 1190 Pater
340 1155 409 1191 notter
422 1154 444 1192 et
458 1153 501 1193 Ave
514 1154 587 1193 Maria
601 1164 649 1194 enm
664 1152 750 1192 Psalmo
764 1153 795 1192 De
806 1151 929 1203 profundit.

201 1216 269 1257 Dum
281 1216 387 1258 loetum
400 1220 493 1259 aubia:
508 1219 534 1260 ln
543 1221 629 1260 nomine
638 1220 725 1274 Domini
736 1220 807 1259 nostri
816 1219 870 1259 Jeau
880 1219 966 1260 Christi

166 1284 265 1324 ornotnxi
278 1284 376 1324 onnitnm
390 1295 429 1336 003
451 1287 489 1327 ille
502 1286 557 1326 mihi
570 1285 690 1336 benedicat,
711 1285 824 1326 custodiet
837 1295 879 1335 me,
898 1273 921 1324 'et
935 1286 966 1326 au

165 1350 235 1390 vitam
247 1350 352 1400 perducat
365 1353 483 1394 aeternam.

201 1415 233 1454 In
246 1413 370 1454 leotozln
378 1425 456 1456 manna
466 1418 524 1464 tuae,
532 1415 763 1464 Domine,oommendo
771 1414 874 1464 opiritnm
881 1423 964 1455 meum.

165 1481 194 1521 In
207 1490 261 1530 paoe
274 1491 324 1520 enm
338 1479 383 1520 Deo
397 1484 420 1520 et
433 1481 558 1522 homiuibus
572 1483 679 1522 dormiam
693 1484 715 1520 ot
729 1481 871 1529 requiescam

200 1547 350 1596 livigiiena
368 1558 420 1587 mox
437 1555 531 1588 mentem
551 1548 579 1588 ad
592 1549 662 1588 Deum
675 1547 748 1596 eleva,
770 1550 795 1586 ut
816 1556 866 1586 enm
880 1547 965 1588 Doride

165 1613 330 1662 pontianum:
343 1623 441 1663 „memor
449 1613 482 1653 iul
492 1615 556 1653 nocte
565 1613 659 1653 nominis
669 1613 710 1662 tui,
717 1613 810 1652 Domine
817 1611 840 1650 :“
856 1615 878 1651 et
887 1613 966 1653 huius·

166 1675 225 1719 moni
239 1679 331 1719 affeetu·
345 1679 410 1718 ellae:
426 1680 541 1730 „Irandne
554 1679 625 1719 Deum
641 1679 674 1718 eol
687 1681 710 1719 et
723 1678 787 1718 luna:
810 1678 901 1718 laudate
915 1690 967 1720 eum

166 1755 241 1784 omnen
255 1745 333 1785 stellae
347 1749 369 1784 et
382 1745 462 1790 lumen,
477 1765 500 1774 —
516 1745 641 1785 benedicite
661 1747 737 1784 noetea
757 1746 779 1784 et
796 1743 842 1784 dloe
856 1744 967 1786 Domino:

164 1811 287 1852 benedicite
299 1811 339 1851 lux
347 1815 369 1850 et
376 1813 481 1852 tenebrae
489 1812 591 1852 Domino.
610 1831 632 1840 -
643 1811 660 1852 0
671 1814 724 1860 quot
734 1811 886 1860 religiosorum
896 1812 968 1853 millia

166 1877 238 1916 media
253 1878 318 1916 nocte
338 1880 433 1926 surgunt
447 1877 475 1917 ati
490 1879 636 1918 confitendum
647 1877 753 1926 Domino,
777 1879 799 1917 et
813 1887 853 1926 ego
866 1878 890 1917 in
904 1879 968 1919 molli

168 1944 239 1982 atrato
252 1943 323 1982 iaoeoi
355 1943 443 1984 Gaudeo
453 1955 479 1983 ex
488 1945 569 1993 animo,
579 1943 901 1994 mineus,qnodtn1auderie;
914 1956 967 1994 par-

165 2008 236 2057 tieepn
255 2018 296 2056 ego
310 2008 353 2047 eim
366 2010 463 2048 omnium
480 2009 604 2048 timentium
620 2009 654 2050 toi
668 2029 694 2038 -
709 2009 726 2049 0
740 2010 794 2058 quot
807 2009 907 2049 nominoe
920 2011 967 2052 hae

166 2076 232 2114 noete
240 2077 333 2114 mortem
342 2077 460 2125 oppetunt}
473 2077 558 2116 utinam
565 2076 664 2117 iolioemi
674 2076 813 2125 omnipoteni
820 2076 919 2116 ranetam
926 2077 967 2118 ‹io-

166 2142 207 2180 net
219 2141 363 2182 morientibus
377 2143 467 2183 horam!
483 2162 506 2172 -
515 2141 539 2182 Si
552 2145 599 2183 tam
608 2143 723 2182 molentum
737 2144 779 2191 ent,
792 2141 901 2182 modicum
916 2144 968 2186 nine

167 2215 245 2244 nomno
257 2206 329 2246 iacere
342 2207 466 2258 iunianis,
480 2217 546 2258 quam
559 2218 626 2258 grave
639 2207 689 2256 erit,
702 2217 743 2257 per
756 2209 827 2248 totam
841 2209 963 2249 aeternita-

165 2271 211 2310 tem
225 2271 297 2310 iacere
309 2271 332 2310 in
348 2273 453 2320 prunia1“
945 2305 959 2332 0

203 2333 390 2386 (Inoipodeniqne
399 2338 493 2378 recitare
500 2339 609 2388 Litaniaa,
622 2337 658 2378 rol
672 2336 726 2377 aliae
740 2347 816 2386 preces
829 2336 969 2390 familiareu

164 2399 199 2440 ita
212 2400 277 2441 iaoile
291 2402 333 2441 tibi
346 2413 445 2443 somnum
459 2404 603 2456 eonetllnbh.)

514 2509 613 2525 ᾺΛΛΛΛΛΛΙ

302 2577 399 2635 ORDO
417 2580 529 2637 vim
548 2579 829 2638 SAOERDOTALIS.

397 2681 439 2726 Pro
451 2681 548 2734 quolibet
561 2681 617 2726 vitae
628 2683 731 2732 aunon

202 2767 224 2824 1.
261 2769 351 2828 Deion
368 2773 480 2843 dimite.
511 2774 599 2829 Deum
615 2785 715 2830 summe
732 2771 839 2840 bonum,
859 2786 967 2830 numme

165 2839 322 2915 perfeetum,
342 2860 442 2902 numme
456 2844 605 2902 beneficum
617 2858 700 2914 snpra
713 2843 802 2899 omnia
814 2849 843 2898 at
856 2857 891 2898 ax
903 2849 965 2902 toto
