2130 3242
166 130 210 175 484
344 134 377 175 De
390 134 581 174 §commentorum
596 133 791 175 administratione.

164 235 290 292 habende
308 241 350 291 est
365 236 435 290 ratio
449 235 605 290 intentionis
618 241 646 289 et
658 233 727 304 finis,
746 249 825 302 quem
841 234 893 290 sibi
907 251 968 303 pro·

167 309 274 378 posuit:
293 323 320 364 v.
340 323 364 375 g.
384 307 408 362 si
425 307 531 361 voverit
547 313 660 374 propter
676 305 851 374 incommoda,
870 306 970 373 quibus

168 379 314 434 obnoxium
331 384 373 433 est
390 377 593 446 matrimonium,
615 377 754 445 probabile
773 383 822 444 est,
842 377 969 432 emissum

167 449 252 506 fuisse
270 457 363 504 votum
380 465 435 503 non
447 448 579 516 nubendi;
599 463 614 502 e
633 455 734 517 conus,
753 449 776 503 si
790 448 850 515 quis
863 449 971 504 voverit

168 537 260 576 amore
278 520 451 588 virginitatis,
470 520 504 574 ob
524 519 674 588 exemplum
691 519 862 574 beatissimae
881 519 971 588 Virgi-

167 594 210 648 nis
225 592 371 646 aliorumve
386 591 551 661 Sanctorum,
566 589 789 659 praesumendum
800 597 850 658 est,
868 589 972 646 facturn

167 662 251 735 fuisse
268 669 361 717 votum
379 661 526 718 servandae
546 663 684 718 castitatis.
716 661 779 730 (Cfr.
793 661 973 730 Augsburger

166 734 329 791 Pastoralbl.
349 749 373 787 a.
393 734 641 803 1865.pag.101.)
671 734 803 801 Ceterum,
823 733 846 786 si
863 748 895 786 re
914 749 973 788 ma·

168 813 228 862 turc
237 820 385 874 perpensa,
399 804 508 860 dubium
521 812 686 874 perseveret,
704 819 788 874 penes
801 803 972 872 Episcopum

166 878 218 933 erit
235 876 400 945 dispensare.

206 947 270 1002 Sine
287 947 407 1015 legitima
425 963 506 1002 causa
517 946 593 1000 nulla
609 945 666 1001 voti
679 946 850 1000 commutatio
865 954 914 1000 aut
933 945 973 1002 di·

169 1018 306 1087 spensatio
332 1018 442 1072 concedi
467 1025 564 1087 potest.
601 1018 676 1072 Haec
699 1017 754 1072 tria
774 1017 889 1072 maxime
909 1026 974 1072 sunt

168 1088 375 1146 conuderanda:
391 1089 458 1158 qaid
471 1089 550 1144 liceat
559 1088 705 1142 secandam
719 1090 889 1156 aequitatem,
904 1089 974 1157 parit

170 1160 264 1216 deceat
282 1159 428 1215 secandam
445 1161 622 1226 honestatem,
650 1159 717 1227 qaid
735 1159 861 1227 ecpeda'ot
878 1175 974 1214 aecan-

170 1231 236 1286 dam
253 1232 405 1287 totalitatem.
435 1231 538 1286 Sufficit
556 1247 606 1299 pro
621 1245 702 1286 causa
720 1229 860 1285 difficultas
873 1247 976 1299 magna

171 1303 200 1357 in
218 1303 398 1372 exsecutione,
416 1303 530 1358 mammo
550 1303 573 1357 si
590 1309 653 1370 post
666 1308 757 1356 votum
776 1304 975 1372 supervenerit,

171 1374 262 1442 mavis
280 1381 367 1429 metus
385 1374 619 1442 transgressionis,
641 1372 789 1440 periculum
805 1373 973 1428 incontinen-

171 1446 235 1514 tiac,
249 1445 306 1500 sive
319 1445 462 1514 proveniat
475 1460 510 1500 ex
522 1446 640 1498 bumana
651 1442 804 1512 fragilitate,
819 1444 877 1498 siva
891 1445 974 1500 etiam

170 1531 204 1571 ex
223 1517 343 1584 nequitie
360 1516 491 1573 voventis.
523 1515 671 1572 Attendere
690 1530 796 1583 quoquo
815 1515 896 1570 debet
909 1532 974 1570 con·

98 1611 106 1629 ·
170 1587 308 1656 fessarius,
327 1603 362 1642 an
378 1595 471 1642 votum
488 1586 589 1642 factum
606 1587 642 1642 sit
658 1587 798 1641 immature
817 1593 899 1654 atque
914 1586 973 1642 sine

171 1658 311 1715 sufficienti
328 1658 529 1728 deliberatione,
548 1665 577 1712 et
592 1658 759 1725 potissimum
777 1673 812 1712 an
829 1659 975 1726 poenitens

171 1731 304 1799 scrupulis
321 1730 416 1784 vexari
434 1730 535 1799 soleat,
561 1728 712 1783 huiusmodi
731 1729 801 1783 enim
818 1727 976 1784 infirmitate

170 1801 354 1856 laborantibus
380 1807 507 1856 votorum
530 1801 662 1856 relaxatio
684 1800 768 1855 multo
791 1799 976 1868 indulgentius

171 1879 213 1928 est
230 1872 409 1928 concedenda.

207 1942 372 2011 Quicumque
397 1943 551 1998 facultatem
576 1942 659 1997 babet
685 1941 848 1997 ordinariam
865 1941 975 2010 dispeu·

173 2013 250 2068 sandi
267 2015 296 2068 in
312 2015 392 2082 votis,
411 2029 444 2069 eo
461 2014 521 2081 ipso
539 2013 622 2069 babet
639 2011 793 2068 facultatem
812 2028 845 2067 ea
856 2029 974 2068 commu-

171 2083 261 2153 tandi,
279 2085 327 2152 qui
345 2086 414 2139 enirn
431 2093 523 2155 potest
540 2084 609 2154 plus,
633 2091 724 2152 potest
741 2084 822 2139 etiam
839 2084 928 2139 minus
946 2085 975 2139 in

172 2155 269 2210 eadem
286 2171 401 2224 genere;
424 2173 439 2211 e
458 2163 552 2211 contra
570 2171 636 2210 vero
655 2155 700 2222 qui
718 2155 801 2210 babet
817 2153 973 2209 facultatem

173 2226 353 2281 commutandi
370 2235 450 2297 vota,
476 2244 530 2282 non
547 2233 639 2296 potest
655 2241 738 2294 super
754 2227 787 2281 iis
806 2226 974 2295 dispensare,

172 2296 221 2353 sed
245 2299 374 2353 materiae
398 2299 455 2353 voti
487 2299 648 2354 substituere
675 2304 783 2351 tenetur
806 2297 879 2351 uliud
904 2312 974 2366 opus

172 2369 300 2438 aequale,
327 2376 374 2424 aut
392 2370 487 2424 saltem
505 2369 585 2424 saluti
602 2369 725 2424 voventis
744 2368 893 2436 aequaliter
910 2384 974 2437 pro·

172 2437 299 2509 futurum,
319 2455 375 2495 uon
392 2455 458 2494 vero
477 2457 545 2510 opus
563 2440 717 2495 notabiliter
734 2439 836 2507 minus;
855 2447 974 2494 attamen

174 2509 288 2566 facultas
303 2510 481 2566 commutandi
493 2519 558 2566 vota
571 2527 625 2566 non
639 2517 681 2566 est
698 2510 766 2565 adeo
785 2511 877 2566 stricte
891 2511 973 2566 inter·

84 2623 89 2634 .
175 2581 321 2650 pretenda,
352 2581 400 2636 sed
418 2597 525 2651 semper
542 2582 651 2650 aliquod
676 2583 791 2651 spatium
814 2582 975 2649 relinquitur

176 2652 335 2720 prudentiae
352 2652 516 2721 confessarii,
533 2654 573 2708 ita
589 2661 620 2708 ut
637 2653 837 2709 commutationi
854 2653 973 2720 eliquan-

175 2724 259 2778 tulam
290 2722 515 2792 dispensationem
540 2724 686 2780 admiscere
711 2732 739 2780 et
760 2725 802 2779 rei
824 2725 974 2793 promissae

177 2794 264 2864 aliam,
283 2802 330 2850 aut
347 2795 494 2866 aequalem,
512 2797 653 2851 autetiam
670 2796 751 2866 paulo
764 2796 895 2870 leviorem
911 2795 972 2854 sub
