2106 3228
149 141 233 183 xv111
463 143 533 182 sodex
546 143 652 193 mptum.
896 197 928 237 P

148 245 195 302 IV
218 245 333 302 Formae
351 244 526 302 absolutionis
541 263 558 302 a
577 247 695 316 peccatis
714 253 742 304 et
759 249 878 305 censuris
896 207 952 304 4781Ι

187 334 211 406 1)
229 334 329 389 Forma
347 334 522 390 absolutionis
549 376 876 393 ........
895 339 947 393 471

185 407 211 476 2)
229 406 330 462 Forma
347 406 522 462 absolutionis
547 407 581 462 ab
606 407 878 466 excommunicatione

225 477 284 530 ιι
301 475 360 532 foro
378 478 506 532 exteriori
551 518 559 534 .
596 518 604 533 .
642 519 650 534 .
678 507 680 512 ·
687 518 877 536 .....
896 481 949 534 472

185 547 212 619 3)
230 549 330 603 Forma
348 548 523 604 absolutionis
549 549 582 602 ab
604 550 878 605 excommunicatione

259 620 288 673 in
305 619 364 675 foro
382 619 504 674 interiori
553 660 879 678 ........
897 623 951 676 474

190 689 218 761 4)
237 690 337 746 Forma
362 690 537 746 absolutionis
555 707 572 746 a
590 691 765 761 suspensione
782 692 827 746 vel
845 692 880 748 ab

260 760 410 830 interdicto,
429 769 506 816 extra
526 763 571 816 vel
587 763 658 817 intra
680 761 880 818 Confessionem
897 764 952 821 474

188 831 214 901 5)
233 831 334 887 Forma
353 831 559 902 dispensationis
585 849 667 903 snper
684 834 880 902 irregularitate
898 829 951 888 475

153 937 188 993 V.
206 937 322 994 Formae
338 941 551 995 commutationis
570 947 597 994 et
610 939 816 1010 dispensationis
834 956 882 996 vo·

232 1017 321 1064 torum
341 1019 369 1066 et
385 1011 636 1078 impedimentorum
653 1011 818 1068 Matrimonii
871 1051 879 1068 .
898 1011 951 1065 475

188 1099 202 1153 1
232 1097 361 1152 Formula
379 1097 512 1154 dilationis
527 1099 654 1168 simplicis
671 1100 729 1155 voti
744 1099 880 1168 religionis
897 1101 956 1180 476·
1044 1135 1045 1176 t

187 1171 204 1222 2
232 1168 361 1224 Formula
374 1168 548 1226 absolutionis
562 1171 803 1239 attansgressione
818 1171 879 1226 sim-

258 1239 334 1309 plicis
352 1241 409 1295 voti
426 1241 563 1309 religionis
597 1281 877 1298 .......
896 1242 950 1296 476

188 1309 214 1381 3)
232 1309 361 1365 Fornula
374 1311 549 1368 absolutionis
567 1327 584 1366 a
601 1313 814 1382 transgresuone
822 1313 881 1367 voti

259 1383 389 1450 ιιιιιιιιι
410 1422 879 1440 ............
899 1384 951 1438 476

180 1453 213 1522 4)
232 1452 360 1508 Formula
378 1454 589 1510 commutationis
612 1455 669 1509 voti
688 1417 816 1526 simplicis
838 1468 880 1509 re·
1044 1495 1045 1498 ,

258 1524 364 1593 ligionis
418 1564 879 1582 ............
897 1526 951 1578 477

189 1596 216 1662 ὅ)
234 1595 362 1650 Formnla
380 1597 592 1652 commutationis
610 1597 667 1652 voti
685 1596 814 1652 castitatis
870 1597 951 1653 477
1045 1657 1046 1682 ¹

188 1667 215 1736 6)
234 1667 362 1723 Formula
379 1669 592 1724 commutationis
616 1668 673 1723 voti
690 1668 818 1737 simplicis
836 1682 880 1722 ca·

261 1739 359 1794 stitatis
377 1745 405 1793 et
421 1738 559 1807 religionis
598 1777 880 1795 .......
899 1739 953 1792 477

189 1809 215 1880 7)
234 1807 362 1864 Formnla
382 1810 595 1869 commutationis
613 1817 738 1865 votorum
762 1808 882 1878 peregri·

261 1880 375 1935 nationis
403 1879 467 1934 Sedi
487 1880 660 1948 Apostolicae
682 1887 882 1937 reservatornm
898 1881 954 1936 478

188 1949 215 2021 8)
233 1949 361 2006 Formula
385 1950 557 2019 dispensandi
581 1966 662 2020 super
692 1951 882 2021 impedimento

261 2023 364 2077 occulto
386 2021 520 2077 affinitatis
538 2023 714 2091 proveniente
733 2037 767 2078 ex
785 2023 883 2091 copula

259 2093 359 2162 illicita,
378 2093 416 2146 cd
434 2093 647 2148 cootrabmtdum
690 2135 698 2150 .
736 2121 751 2151 .·
781 2134 789 2150 .
827 2134 835 2150 ,
872 2094 955 2150 ,478

188 2163 215 2235 9)
232 2163 361 2219 Formada
374 2163 580 2231 dispensationis
594 2179 677 2234 super
693 2163 882 2234 impedimento

259 2236 339 2304 primi
358 2233 492 2290 affinitatis
506 2236 605 2304 gradus
619 2251 654 2292 ex
667 2237 765 2306 copula
777 2236 881 2305 illicita,

259 2305 298 2359 ud
315 2305 510 2360 rennuendum
553 2346 880 2364 ........
899 2307 954 2362 479

172 2377 215 2447 10)
234 2376 363 2431 Formula
381 2376 588 2445 dispensationis
604 2393 704 2448 eornm,
723 2378 769 2446 qui
786 2385 880 2462 peten-

259 2454 302 2507 tes
314 2447 540 2516 dispensationem
550 2464 567 2503 a
577 2448 691 2503 Dataria
706 2463 789 2518 super
797 2449 879 2518 impe-

260 2517 376 2573 drmento
386 2519 501 2587 publico
514 2527 654 2575 tacuerunt
662 2519 880 2590 impedimentum

260 2590 444 2645 occultum-
463 2591 512 2644 cd
519 2591 730 2646 amomacum
870 2591 953 2648 ,479

172 2661 216 2729 11)
234 2659 364 2716 Formula
377 2659 551 2717 absolutionis
565 2668 593 2716 et
610 2661 815 2731 dispensationis
834 2676 880 2717 eo·

260 2748 328 2801 rum,
347 2732 393 2800 qui
410 2733 504 2801 vigore
518 2733 725 2802 dispensationis
739 2733 880 2788 aDataria

260 2803 402 2873 obreptitie
420 2804 464 2858 vel
482 2804 640 2874 subreptitie
656 2805 782 2862 obtentae
798 2819 880 2875 super
