2146 3234
158 229 237 270 Modus
251 229 368 280 recipiendi
382 239 551 270 neo-conversos
564 229 588 268 iu
601 231 708 279 gremium
723 231 833 276 acclesiae.
854 228 894 272 625

99 333 206 404 (hdatth.
220 335 256 401 7.)
289 331 363 400 Opus
380 331 462 400 igitur
480 341 522 388 est
538 332 685 388 intendoue
704 342 892 401 supernatura·

100 406 134 460 lis
147 404 219 474 honi,
238 419 270 457 ac
284 403 416 458 desiderio
431 403 532 471 salutis,
551 419 620 472 quae
639 411 716 458 extra
729 405 823 473 Unam,
841 405 894 459 Ve-

25 471 31 485 “
99 493 166 544 ram,
176 475 308 544 Sanctam,
318 475 616 530 Romano-Catholicam
626 475 764 530 ecclesiam
774 491 806 529 ac
815 474 895 530 fidem

100 547 201 615 acquiri
218 562 272 600 uon
289 553 387 614 potest.
504 559 506 566 ’

138 621 163 672 3.
190 617 295 684 Quanto
321 617 380 684 quis
398 617 593 674 convertendus
616 621 662 672 aut
680 617 785 686 generis
802 616 896 671 nohili-

101 695 166 758 tato,
185 695 232 742 aut
250 687 385 742 doctrinae
404 688 537 758 opinione,
556 695 603 743 aut
614 687 765 742 divitiarum
784 687 893 755 opulen-

102 759 148 828 tia,
167 768 214 814 aut
231 759 340 814 honoris
358 759 448 827 aliquo
466 759 551 828 gradu
565 759 723 814 eminentior
740 773 822 826 snpra
839 759 896 812 vul·

104 847 153 899 gua
168 838 217 899 est,
230 837 305 886 tanto
320 831 485 886 accuratiore
499 831 666 901 probatione,
675 830 896 898 diligentiamque

102 901 275 962 instructione
299 901 408 970 indiget.
444 903 483 958 Et
504 917 556 970 quo
575 903 688 970 quisque
705 901 830 974 capacior
847 907 899 970 est,

102 979 178 1028 tanto
196 973 289 1027 melius
306 988 361 1027 non
379 973 465 1030 solum
477 974 506 1028 in
519 974 697 1043 speculativis,
715 972 824 1028 sedvel
842 987 896 1026 rna

101 1044 173 1098 xime
198 1044 226 1097 in
243 1045 368 1111 practicis
394 1043 429 1100 ad
447 1060 551 1100 omnem
568 1045 739 1100 christianam
756 1043 897 1112 perfectio·

103 1129 165 1170 nem
182 1113 363 1172 informandus
382 1121 432 1172 est
474 1116 512 1170 Et
528 1116 672 1172 universim
694 1120 815 1184 praestat
831 1129 897 1184 pan·

102 1202 150 1240 cos
168 1185 237 1240 bene
253 1186 358 1252 riteque
377 1185 520 1254 dispositos
539 1193 619 1254 atque
632 1187 776 1242 insnuotos
795 1185 898 1240 admitti

102 1256 139 1311 ad
153 1256 383 1310 Sacramentorum
395 1257 633 1326 participationem,
660 1258 841 1325 ecclesiaeque
855 1272 898 1311 ca·

101 1327 218 1382 tholioae
236 1327 379 1394 gremium,
408 1341 487 1393 qnam
504 1327 601 1382 multos
624 1343 679 1382 non
695 1335 767 1382 recte
786 1327 898 1397 disposi·
956 1349 958 1355 ’

101 1406 154 1464 tos,
173 1397 294 1463 maleque
312 1397 340 1450 in
357 1397 437 1452 rebus
455 1396 518 1452 fidei
536 1397 662 1452 eruditos.

139 1470 165 1520 d.
183 1467 227 1520 Ex
245 1482 298 1534 quo
316 1473 436 1534 tempore
455 1469 514 1534 quis
532 1467 566 1522 de
584 1467 637 1522 fids
651 1467 815 1535 capessenda
833 1467 897 1522 deli-

101 1537 194 1604 barat,
221 1537 266 1590 vel
289 1543 353 1606 post
375 1538 481 1605 plenam
508 1537 726 1592 deliberationem
750 1538 898 1608 instruitur,

101 1605 271 1676 quotidianas
288 1607 348 1662 Deo
372 1623 482 1677 preces,
500 1609 606 1677 aliaque
625 1624 708 1678 opera
730 1607 809 1676 hona,
829 1608 899 1662 elea·

10 1679 11 1688 ’
103 1693 237 1747 mosyuas,
255 1679 363 1748 ieiunia,
381 1679 605 1749 mortificationes,
623 1679 791 1736 instructoris
800 1677 898 1738 iudicio

11 1747 12 1754 ’
103 1748 239 1804 humiliter
262 1758 289 1804 et
312 1749 458 1818 prudenter
483 1765 613 1820 peragere
636 1750 730 1818 debet,
757 1763 840 1817 seque
864 1748 899 1804 ad

12 1839 14 1877 i
103 1819 168 1876 fidei
185 1819 379 1888 professionem
397 1829 425 1877 et
438 1821 669 1878 decrementorum
686 1821 792 1889 dignam
810 1834 899 1875 susce·

103 1892 222 1961 ptiouem
240 1888 410 1964 praeparare,
435 1909 468 1948 eo
486 1893 544 1949 fere
561 1893 649 1963 modo,
674 1908 728 1960 quo
747 1891 809 1946 olim
828 1896 898 1946 cate·

14 1991 15 1996 1
104 1963 229 2018 chutaeni
255 1963 290 2018 ad
313 1963 393 2020 fidem
419 1964 637 2034 Baptismumque
662 1961 858 2031 suscipiendum
882 1977 899 2017 a

105 2033 154 2088 SS.
173 2035 298 2090 Patribus
316 2034 439 2104 dispositi
456 2044 525 2106 sunt,
549 2043 580 2091 ut
597 2049 632 2091 ex
649 2035 793 2090 canonibus
812 2040 840 2088 et
857 2049 898 2088 ec·

59 2109 70 2130 '¹
105 2105 255 2161 clamastica
272 2106 385 2164 historia
402 2115 515 2165 constat.

142 2178 167 2230 d.
194 2177 280 2233 Nemo
308 2177 408 2245 absque
435 2179 511 2246 gravi
538 2194 620 2234 causa
646 2177 682 2234 ad
700 2177 899 2232 Sacramentum

105 2246 289 2306 Poenitsntiae
314 2255 342 2303 et
365 2249 551 2306 Eucharistiae
576 2249 754 2305 admittendus
778 2253 899 2303 estante

105 2317 239 2385 pubhcam
258 2326 285 2376 et
302 2319 416 2374 iuratam
439 2319 503 2376 fidei
520 2322 667 2376 catholicae
690 2319 899 2389 professionem

105 2396 162 2443 turn
180 2391 242 2456 quia
260 2405 376 2447 mones
401 2397 429 2447 et
455 2392 564 2460 antiqua
589 2392 717 2448 ecclemae
736 2387 914 2458 consuetudo¹

105 2459 144 2514 ita
161 2458 271 2530 docent,
298 2469 354 2516 tum
372 2463 436 2530 qinia
458 2465 543 2531 magis
567 2462 687 2518 firmatur
705 2469 798 2517 canna
814 2465 901 2516 tenta·

21 2603 22 2606 Ἴ
107 2529 202 2598 dones,
229 2532 275 2600 qui
293 2547 352 2588 eam
369 2539 497 2603 praestat,
525 2541 582 2590 turn
600 2535 663 2603 quia
681 2532 829 2600 estmagni
845 2545 899 2585 me·

108 2598 153 2654 riti
166 2608 193 2654 st
206 2601 270 2657 boni
281 2605 404 2674 exempli.
431 2605 517 2660 Porro
531 2607 603 2660 circa
620 2621 679 2660 eam
696 2603 836 2672 sequentia
854 2602 900 2658 oh·

109 2671 240 2725 servanda
257 2679 332 2729 sunt:
799 2699 801 2704 ,

144 2756 168 2795 a.
187 2740 216 2796 Si
233 2743 324 2810 plures
342 2745 419 2802 simul
437 2753 641 2816 convertantur,
668 2746 712 2802 vel
730 2759 799 2799 nnus
815 2742 901 2798 hono·

108 2817 190 2882 ratus,
208 2820 298 2882 potest
314 2816 446 2884 professio
463 2817 523 2874 fieri
540 2835 600 2874 cum
618 2817 709 2885 aliqua
725 2814 901 2882 solemnitate,

108 2884 226 2940 accensu
238 2884 359 2954 pluribus
373 2888 499 2962 candelis,
518 2898 546 2948 et
562 2906 613 2961 pro
631 2889 757 2946 concione
770 2884 842 2941 iacta
855 2883 901 2938 de·
