2130 3242
159 164 200 208 tte
333 169 366 210 De
380 167 571 212 caementorum
583 168 780 215 commeratione.

156 270 230 329 licite
246 271 428 330 coenabatur.
464 272 496 324 Iu
512 270 600 338 primo
617 285 696 338 casu,
723 271 747 324 ei
763 267 962 337 praevideatur

158 342 299 410 poenitens
311 341 450 398 monitioni
466 341 706 410 obtemperaturus,
724 347 873 409 moneatur,
901 357 963 396 non

158 429 240 482 posse
257 414 315 470 sine
341 413 417 482 gravi
440 419 551 481 percute
568 412 768 468 Matrimonium
795 412 961 468 contrahere

158 485 187 540 in
204 491 277 542 statu
294 485 397 554 peccati
414 484 551 553 mortalis3
579 484 602 539 si
621 499 636 538 c
654 490 748 539 eontra
765 482 965 551 praevideatur

158 557 331 612 monitionem
348 561 555 624 contemptmue,
576 555 604 608 in
621 553 763 610 bonafide
780 553 963 625 relinquatur,

159 634 188 684 et
205 627 383 684 confessarius
401 633 490 681 taceat
515 626 548 680 de
567 626 728 694 obligatione
747 631 833 680 status
851 626 960 694 gratiae

159 698 194 754 ad
207 699 406 756 Matrimonium
418 698 490 752 licite
509 697 726 765 coutruheudum,
744 711 779 751 ne
794 703 889 764 peccet
899 696 964 754 ior·

41 792 47 816 ι
158 771 278 841 molitor,
306 771 353 825 ubi
378 768 494 824 fortesm
516 768 603 823 solum
624 768 798 824 materialiter
823 769 963 836 peccabit.

158 841 239 898 Dicat
251 849 341 896 tamen
357 840 519 909 poenitenti:
539 840 562 894 si
573 839 773 894 Matrimonium
790 839 875 908 ineas,
894 854 964 894 con·

156 913 246 982 tonde,
263 919 294 968 nt
306 927 372 967 vero
387 911 480 966 dolore
493 911 640 966 conteraris
654 917 682 966 et
695 911 881 966 contritionem
895 926 960 979 per·

156 987 253 1040 tectam
270 983 371 1038 habeas
399 989 461 1037 ante
487 981 652 1037 Matrimonii
678 981 901 1051 celebrationem,
931 989 965 1038 et.

156 1055 318 1124 paulopost
336 1053 371 1108 ad
388 1069 430 1108 me
448 1053 600 1122 revertaris,
619 1060 649 1107 ut
667 1051 862 1108 confessionem
880 1059 959 1108 tuam

157 1125 287 1196 perficere
304 1126 401 1195 possis.
437 1125 469 1178 In
487 1123 603 1180 recondo
629 1139 693 1179 casu
712 1121 895 1180 contenarius
912 1123 962 1179 de·

156 1197 204 1252 bet
220 1197 402 1266 poenitentem
424 1211 442 1250 a
463 1195 634 1250 Matrimonia
660 1193 841 1250 contrahendo
869 1201 960 1250 retra·

156 1268 238 1337 here,
265 1283 351 1336 usque
368 1267 431 1322 dum
457 1267 560 1322 absolvi
577 1266 678 1334 possit,
696 1265 802 1320 feriter
818 1265 960 1333 loquendo

158 1339 192 1394 de
202 1339 350 1408 samssegio,
359 1337 432 1406 quod
441 1338 607 1393 committunt
615 1337 815 1392 Matrimonium
831 1337 960 1394 ineuntes
1058 1353 1059 1376 1

157 1411 185 1466 in
204 1417 276 1466 statu
293 1410 396 1479 pcccati
414 1409 542 1465 mortalis.
579 1408 609 1463 Si
625 1409 797 1464 nihilomiuus
814 1407 958 1464 Matrimo-
1058 1433 1059 1468 3

156 1482 232 1538 nium
248 1481 355 1538 differre
372 1487 482 1548 renuat,
509 1480 628 1535 monebit
652 1480 740 1548 ipsum
766 1478 960 1549 confessarius,

157 1561 188 1609 ut
201 1560 276 1608 curet
289 1553 340 1608 sibi
353 1552 538 1607 contritionem
551 1549 697 1620 perfectam
710 1550 853 1606 adciscere.
887 1551 961 1606 Gon·

156 1624 285 1681 ferrarius
302 1625 341 1679 ita
358 1638 388 1679 se
406 1637 510 1692 gerens,
538 1623 590 1677 etsi
606 1637 661 1676 uon
678 1627 756 1690 putet
772 1620 959 1690 poenitentem

157 1696 226 1752 adeo
241 1697 364 1751 eximiam
378 1701 592 1762 comparaturum
606 1707 667 1748 esee
677 1691 888 1762 dispositionem,
901 1708 958 1748 non

158 1775 282 1824 censetur
299 1766 468 1834 sacrfleginm
486 1764 645 1833 approbare,
669 1781 729 1820 cum
747 1763 900 1833 contendat,
926 1770 958 1819 ut

156 1840 257 1894 vitenti·
282 1854 332 1907 per
364 1837 548 1892 contritionem
574 1834 729 1905 perfectam.
771 1835 889 1890 Aliunde
919 1835 960 1890 uic

157 1910 261 1980 nendo
280 1908 448 1977 sacrilegium
464 1908 579 1976 minuet3
607 1907 671 1974 quia
687 1906 837 1975 poenitens,
864 1907 893 1960 in
911 1906 961 1960 illa

158 1979 333 2048 dispoeidone
351 1978 499 2047 aquirenda
515 1993 545 2032 se
563 1993 722 2046 provocans,
747 1977 857 2034 minoris
876 1977 958 2034 secd-

156 2051 221 2119 legii
239 2051 338 2106 crimen
355 2051 480 2106 moueret
498 2049 542 2104 Ad
555 2065 686 2104 summum
699 2047 880 2105 conessnrins
893 2063 957 2116 pos·

157 2129 200 2180 act
217 2121 269 2176 dici
286 2122 425 2177 constrlerc
443 2121 531 2176 minus
548 2120 654 2189 malum,
672 2128 703 2176 ut
720 2121 829 2188 gravius
847 2120 959 2176 vitetur.

193 2192 272 2262 Quid,
302 2193 326 2248 si
344 2208 458 2261 sponsus
477 2190 635 2246 confitentur
652 2192 749 2246 multoe
767 2189 960 2246 fornicationes

158 2262 257 2320 ateste
270 2264 359 2331 aliquo
379 2263 413 2333 (v.
428 2279 453 2331 g.
469 2262 617 2332 Pasehetis)
632 2279 692 2328 cnm
705 2277 806 2330 sponse
824 2277 875 2318 sua
887 2277 960 2316 com·

51 2393 54 2400 ,
157 2335 262 2403 missae,
281 2335 349 2390 haec
362 2349 427 2389 vero
441 2333 592 2390 immediate
606 2341 668 2402 post
684 2335 772 2402 ipsum
790 2331 959 2401 confitentur,

158 2412 187 2462 et
204 2403 238 2460 de
255 2404 474 2460 fornicationibus
488 2405 594 2460 omnino
608 2405 767 2474 nihildicat,
786 2403 869 2460 addet
881 2419 958 2472 vero,

159 2491 188 2531 se
204 2485 267 2532 'cum
291 2491 391 2544 sponso
416 2492 466 2532 eno
493 2476 587 2531 Mimo
605 2476 745 2533 Pescbatis
769 2475 840 2532 festo
864 2475 961 2530 ultma

157 2547 216 2602 vice
231 2547 380 2603 confessam
394 2547 474 2602 esre?
497 2547 532 2602 R.
546 2547 642 2602 Potest
655 2546 834 2604 confessarios
848 2561 865 2600 a
877 2547 960 2614 lengo

156 2617 324 2686 mtetrogure
344 2617 379 2672 de
396 2618 515 2686 peccetis
532 2618 603 2672 inter
616 2634 731 2687 sponsos
749 2617 878 2673 committi
896 2617 958 2672 soli·

157 2689 201 2758 tis,
227 2704 283 2744 non
303 2688 372 2744 'vero
398 2685 584 2744 descendendo
611 2688 647 2744 ed
671 2705 750 2746 cneus
772 2688 958 2758 particulares,

157 2758 333 2828 proponendo
352 2759 447 2827 etiam
466 2759 559 2827 quenti
575 2761 703 2816 momenti
720 2761 766 2828 sit,
784 2767 886 2819 rernm
903 2774 958 2814 mu·

160 2830 337 2904 uimonidem
351 2846 411 2886 eum
422 2831 483 2887 Deo
496 2831 566 2886 bene
579 2838 608 2888 et
620 2839 712 2890 ennete
725 2832 867 2900 inchoare;
880 2827 959 2886 velie
1058 2821 1059 2848 ¹
