2130 3242
164 181 206 224 stt
338 183 371 224 De
385 183 576 224 Semmeutomm
588 181 784 228 administratione.

164 288 237 342 tione
256 285 496 356 Sacramentornm,
519 285 634 356 ideoque
653 287 787 342 absolutio
808 288 841 343 ab
861 303 965 344 excom-

164 359 342 442 municatione
361 373 467 426 semper
484 357 646 427 praecedere
672 359 752 413 debet
771 359 967 416 absolutionem

166 437 387 568 afficffijnuit
403 500 557 555 facultatem
576 498 747 569 absolvendi,
768 515 792 557 e.
811 501 967 569 plenum

167 587 184 626 a
202 587 266 628 casn
284 578 436 640 reservato,
465 587 520 626 non
537 578 628 639 potest
652 573 691 626 uti
715 572 767 625 hac
784 571 914 627 facultate
933 573 967 627 ad

167 640 359 698 absolvendum
377 643 457 696 alium
471 659 497 695 v.
511 659 537 711 g.
551 643 664 696 Paulum
679 659 695 696 a
709 643 788 698 simili
802 658 867 698 casu
880 659 967 699 reser-

166 721 230 769 vato
249 715 283 776 (si
300 714 397 769 Petrus
415 729 469 768 non
487 714 680 782 compareret),
709 714 772 781 qnia
789 712 905 770 facultas
923 715 968 770 illa

166 801 221 840 non
239 793 281 840 est
299 783 361 838 data
378 785 430 840 nisi
449 783 483 838 ad
497 784 687 860 absolvendam
705 793 805 839 certam
822 801 966 854 personam

165 855 228 911 ficto
245 857 351 911 nomine
370 855 543 924 designatam.

203 927 254 994 Qui
267 927 389 995 pluribus
404 928 522 981 censuris
537 927 681 982 obstrictus
693 934 742 996 est,
756 933 848 994 potest
862 927 967 983 absolvi

168 999 202 1052 ab
220 1013 274 1052 una
291 998 490 1053 remanentibus
503 998 570 1066 aliis,
588 1005 653 1067 tum,
673 998 807 1065 quianon
826 999 917 1065 agitur
934 998 967 1053 de

166 1069 253 1136 gratie
271 1068 451 1123 sanctificante
470 1068 639 1138 conferenda,
657 1075 739 1137 prout
755 1069 784 1122 in
798 1069 967 1125 absolutione

166 1155 183 1194 a
200 1140 318 1208 peccatis
335 1140 501 1209 mortalibus,
520 1149 577 1195 tnm
595 1141 659 1208 quia
675 1141 746 1194 inter
763 1141 854 1195 varias
873 1156 967 1196 censu-

165 1227 210 1264 ras
235 1225 290 1264 non
315 1218 357 1265 est
380 1212 534 1266 necessaria
556 1211 695 1267 connexio.
733 1210 824 1281 (aurp
840 1228 869 1266 n.
888 1215 967 1268 1624.

166 1281 495 1350 waffzfflw)

201 1352 244 1406 Ab
256 1354 527 1408 excommunicatione
540 1352 636 1407 minori
653 1353 769 1407 absolvit
783 1353 896 1420 quilibet
905 1370 967 1408 con·

164 1423 293 1479 fessarins
311 1424 425 1478 eundem
442 1425 525 1493 illum,
542 1439 621 1491 quem
640 1424 826 1478 amortalibns
841 1425 966 1481 absolvit.

200 1495 243 1549 Ab
263 1496 532 1550 excommunicatione
546 1495 602 1550 lata
614 1511 632 1548 a
643 1497 711 1562 iure,
726 1495 750 1550 si
762 1510 817 1550 non
831 1496 866 1550 sit
879 1511 968 1551 reser-

164 1573 236 1636 vata,
261 1573 352 1635 potest
376 1567 515 1622 absolvere
534 1567 619 1621 omnis
636 1566 695 1636 ille,
724 1567 769 1634 qui
795 1577 967 1622 censuratum

167 1644 258 1706 potest
276 1637 416 1694 absolvere
435 1653 452 1692 a
469 1638 633 1692 mortalibus.

200 1710 243 1763 Ab
258 1709 528 1765 excommunicatione
543 1708 600 1763 lata
613 1708 837 1777 percontantium
849 1709 968 1764 homines

165 1781 315 1849 peaeralem
339 1796 389 1834 nec
406 1788 546 1835 reservata
563 1786 676 1848 possunt
693 1779 858 1846 probabilius
878 1781 967 1835 absol·

166 1866 230 1906 vere
250 1867 341 1906 omnes
358 1851 405 1920 illi,
424 1852 470 1919 qui
483 1859 595 1920 possent
613 1850 647 1904 ab
666 1849 759 1904 eadem
773 1850 924 1920 absolvere,
944 1851 967 1907 si

166 1921 238 1978 foret
254 1923 310 1977 lata
328 1939 346 1976 a
363 1924 431 1991 iure,
453 1924 516 1990 quia
534 1937 569 1976 ex
587 1921 755 1976 absolutione
773 1921 861 1976 huius*
872 1937 966 1977 censu·

164 2008 213 2118 {aa
239 1994 274 2047 ab
294 1994 352 2048 aliis
377 1993 449 2048 iacta
466 2009 521 2048 non
538 1993 712 2062 perturbatur
735 1992 852 2046 tribunal
869 1993 967 2048 iudicis

176 2065 284 2119 mentis.

200 2135 243 2189 Ab
262 2136 534 2191 excommunicatione
552 2133 646 2188 maiori
665 2134 722 2188 lala
735 2149 789 2202 per·
805 2135 967 2189 coutentium

164 2206 281 2270 bominis
304 2208 460 2277 specialem,
487 2207 551 2260 licet
584 2205 716 2260 absolutio
743 2212 883 2260 reservata
910 2221 966 2260 non

165 2277 254 2346 fuerit,
279 2293 329 2346 per
350 2293 378 2333 se
397 2277 531 2346 loquendo
550 2276 692 2332 absolvunt
709 2275 815 2330 nonnisi
840 2277 887 2343 qui
906 2291 966 2331 eam

167 2349 237 2418 tulit,
244 2349 301 2404 eius
312 2365 457 2417 successor,
466 2349 596 2417 superior,
607 2347 745 2415 delegatus
756 2356 785 2401 et
792 2347 881 2402 nullus
887 2348 965 2403 alins.

202 2419 396 2489 confessarius,
416 2420 527 2475 audiens
541 2435 632 2474 casum
645 2427 820 2486 reservatum,
839 2419 965 2474 siabsol·

165 2491 246 2544 vendi
271 2499 363 2547 careat
387 2491 532 2559 facultate,
558 2504 609 2545 nec
633 2505 711 2545 casus
737 2497 847 2558 urgeat,
875 2491 966 2545 staum

165 2562 257 2616 audito
280 2569 391 2631 peccato
415 2569 569 2629 reservato,
598 2561 661 2628 quin
688 2561 759 2615 ultra
782 2561 967 2628 poenitentem

166 2632 273 2701 ardut,
299 2633 386 2701 ipsum
404 2634 510 2688 mittere
529 2632 610 2686 debet
634 2631 669 2686 ud
692 2633 835 2686 habentem
851 2630 966 2687 faculta-

166 2711 230 2771 tem,
244 2719 332 2770 neque
346 2718 376 2758 se
390 2703 471 2758 debet
484 2703 581 2757 offerre
590 2702 767 2758 adlicentiam
776 2702 966 2770 postulandam

171 2790 188 2828 a
206 2775 358 2842 superiore,
384 2789 418 2828 ne
435 2773 496 2828 finis
514 2774 705 2830 reservationis
722 2773 891 2843 destruatur,
919 2775 966 2841 qui

170 2851 221 2914 est,
238 2852 296 2900 tum
313 2851 344 2900 ut
361 2843 514 2900 difficultate
532 2844 708 2900 absolutionis
727 2845 899 2902 retrahantur
916 2845 966 2901 ho·
