2146 3234
169 141 210 186 tta
279 173 283 178 -
343 145 376 187 ns
390 123 581 187 sacramentorum
594 141 790 184 administratione.

170 248 240 304 solet
257 248 356 316 apponi
373 246 402 301 in
420 245 662 315 dispensationibus
686 259 746 300 cum
764 243 868 313 copula,
896 251 924 301 et
942 245 969 300 vi

169 319 240 373 illius
265 326 420 387 exsecutor,
449 325 591 385 autequam
614 316 737 372 absolvat
762 315 899 384 Oratores,
925 316 970 371 vel

170 406 230 445 cum
249 390 287 444 eis
306 389 450 458 dispenset,
469 387 586 456 eosdem,
610 388 645 455 (si
669 388 697 441 in
722 385 816 442 endem
835 386 914 442 domo
934 388 969 443 si·

169 461 225 516 mul
242 460 405 529 cohabitent)
425 474 553 528 separare
572 458 660 515 debet.

207 534 236 586 6⁰
254 532 298 586 Et
318 539 470 600 recepto
489 531 588 599 prius
613 529 653 584 ab
684 528 733 584 sis
760 528 970 600 iuramento,

171 601 263 672 tuot
288 603 350 658 sub
379 616 440 671 spe
463 601 605 656 facilius
629 598 811 654 habendae
835 598 971 669 dispen·
1057 603 1058 628 ³

171 674 325 730 sationis
351 674 553 743 praemissa
574 688 639 727 non
662 671 907 730 commiserint.
937 671 972 726 tu

170 745 250 801 huius
263 745 398 817 clausulae
417 743 515 800 debent
529 743 656 798 Oratores
670 743 698 796 in
714 741 836 796 manibus
851 741 969 811 delegati

171 817 349 871 iuramentum
366 822 513 885 praestare,
532 813 605 882 quod
622 815 738 884 subsspe
752 812 856 868 facibus
875 827 969 870 conse·

172 886 295 956 quentiae
313 886 519 956 dispensationis
537 903 592 940 non
608 885 751 955 peccarint.
787 883 865 952 Quod
884 884 908 939 si
927 885 972 940 val

172 974 307 1026 unapars
326 957 451 1027 fateatur,
478 972 508 1013 sa
532 973 592 1012 cnm
617 971 666 1025 spe
683 955 787 1010 facilius
805 970 971 1024 consequen-

172 1029 224 1084 dae
242 1029 450 1097 dispensationis
474 1043 609 1097 peccasse,
635 1043 690 1081 uon
714 1032 804 1095 potest
827 1034 971 1082 exsecutor

172 1099 335 1169 dispensare.
372 1099 442 1155 lllud
466 1108 555 1154 tamen
578 1099 622 1153 bic
646 1098 797 1166 specialiter
814 1097 970 1167 notandum,

118 1223 122 1230 .
171 1185 252 1240 posse
276 1171 442 1240 confingere,
465 1177 496 1226 ut
513 1171 595 1239 aliqui
621 1169 738 1224 habeant
762 1168 886 1237 copulam
910 1185 971 1223 cum

172 1257 220 1310 spe
239 1242 419 1309 consequendi
437 1241 670 1310 dispensationem,
693 1241 758 1307 quin
782 1239 834 1293 dici
855 1241 969 1310 possint,

171 1313 298 1368 habuisse
316 1313 440 1380 copulam
458 1313 507 1368 sub
526 1329 574 1381 spe
591 1311 695 1366 facilius
706 1310 842 1365 obtinendi
860 1310 967 1380 dispen-

172 1385 310 1440 sationem.
346 1385 454 1439 Etenim
477 1390 620 1453 peccantes
644 1383 694 1438 sub
713 1397 761 1450 spe
778 1381 883 1437 facilius
902 1382 969 1437 obti-

171 1455 252 1510 nendi
270 1454 496 1524 dispensationem
513 1455 696 1522 intelliguntur
723 1460 826 1508 tantum
849 1453 896 1522 illi,
923 1453 969 1522 qui

171 1526 233 1582 ideo
250 1533 370 1596 peceant,
398 1534 429 1581 ut
445 1525 548 1581 facilius
574 1525 711 1580 obtineant
732 1523 968 1594 dispensationem,

172 1613 222 1656 seu
239 1599 433 1667 quisperant,
453 1597 525 1664 quod
538 1597 647 1651 crimine
662 1595 776 1650 admisso
791 1610 850 1650 eam
864 1594 969 1650 facilius

172 1671 226 1726 sint
244 1668 386 1737 obtenturi,
411 1668 479 1723 adeo
502 1675 533 1722 ut
554 1683 616 1736 spes
641 1666 745 1721 facilius
770 1665 909 1721 obtinendi
935 1666 970 1722 sit

173 1757 254 1796 causa
264 1748 291 1795 et
303 1741 432 1796 motivum
445 1738 624 1794 committendi
637 1739 745 1806 crimen,
765 1744 792 1793 et
805 1752 969 1804 consequen·

172 1819 215 1868 ter
228 1811 382 1868 scandalum
399 1819 428 1866 et
452 1827 518 1866 ausa
530 1809 641 1878 peccati.
667 1808 744 1864 Unde
763 1806 968 1876 observandum,

173 1882 317 1952 aliudesse
330 1899 440 1951 peccare
454 1899 515 1936 enm
527 1897 574 1950 ape
588 1880 805 1949 dispensationis,
820 1878 874 1949 (vel
888 1879 969 1934 etiam

172 1969 294 2024 peccare,
313 1956 378 2022 qnia
390 1969 468 2022 spero
482 1953 728 2020 dispunctionem),
747 1950 820 2005 aliud
830 1965 896 2005 vero
907 1966 969 2018 pen

172 2041 242 2092 care,
256 2030 287 2079 ut
299 2025 363 2079 inde
374 2025 485 2091 facilins
498 2024 723 2092 dispensationem
737 2022 879 2088 obtineam,
900 2020 966 2090 (rel,

173 2097 239 2166 qnia
256 2096 312 2149 seio
325 2097 366 2150 uei
378 2111 456 2164 spero
474 2096 507 2149 ob
526 2095 650 2162 copulam
663 2093 783 2147 bubdam
799 2093 911 2160 facilins
929 2091 971 2146 di-

172 2166 355 2234 epensnndnm
370 2168 452 2234 fore).
486 2167 524 2220 Et
542 2165 575 2220 da
594 2166 646 2219 hoo
663 2165 819 2233 posteriori,
836 2179 891 2218 non
907 2163 972 2218 itam

174 2237 208 2292 de
225 2237 309 2306 priori
333 2237 515 2306 interrogandi
538 2243 688 2305 censentur,
707 2242 734 2290 et
756 2236 846 2290 iurare
872 2234 973 2290 debent

173 2306 310 2364 Oratores.
328 2309 366 2363 Et
378 2307 477 2362 idcirco
496 2307 543 2376 illi,
562 2308 687 2376 quiante
707 2306 838 2374 copulam,
857 2305 902 2359 vel
920 2305 972 2360 sub

173 2379 271 2448 copula
287 2378 439 2434 babuerunt
457 2378 564 2447 quidem
583 2379 663 2433 etiam
681 2393 757 2445 spem
775 2375 913 2432 obtinendi
932 2375 972 2430 di·

173 2451 379 2520 spensationem,
398 2449 447 2505 sed
464 2458 553 2505 tamen
571 2466 625 2504 non
642 2456 794 2518 peccarunt,
818 2455 849 2503 ut
866 2446 974 2504 facilius

174 2521 326 2576 obtinerent
351 2521 585 2590 dispensationem,
603 2527 716 2590 possunt
734 2535 794 2574 cum
812 2519 884 2574 omni
901 2519 974 2572 veri·
1056 2567 1057 2574 ,

173 2599 229 2650 tate
248 2599 276 2648 et
293 2599 352 2646 tuta
369 2593 532 2647 conscientia
544 2593 572 2646 in
585 2591 779 2660 supplicatione
798 2589 895 2657 dicere,
913 2604 973 2644 non

174 2663 281 2732 quidem
290 2663 426 2731 peccandi
438 2663 506 2718 dato
519 2679 611 2731 opera,
630 2663 782 2717 nictimine
794 2661 912 2715 admisso
925 2665 975 2716 etc.

174 2741 202 2788 et
219 2749 309 2788 coram
328 2739 484 2788 exsecutore
503 2734 600 2804 iurare,
625 2733 697 2802 qnod
721 2733 770 2787 snb
798 2747 844 2802 spe
860 2731 975 2799 facilins

173 2803 314 2860 obtinendi
331 2803 557 2873 dispensationem
570 2806 699 2862 incestum
712 2820 768 2860 non
783 2801 973 2860 commiserint.
