<?xml version="1.0" encoding="UTF-8"?>
<!DOCTYPE html PUBLIC "-//W3C//DTD XHTML 1.0 Transitional//EN"
    "http://www.w3.org/TR/xhtml1/DTD/xhtml1-transitional.dtd">
<html xmlns="http://www.w3.org/1999/xhtml" xml:lang="en" lang="en">
 <head>
  <title>
</title>
<meta http-equiv="Content-Type" content="text/html;charset=utf-8" />
  <meta name='ocr-system' content='tesseract 3.04.00' />
  <meta name='ocr-capabilities' content='ocr_page ocr_carea ocr_par ocr_line ocrx_word'/>
</head>
<body>
  <div class='ocr_page' id='page_1' title='image "./manualesacerdot00schngoog_0851.png"; bbox 0 0 2098 3222; ppageno 0'>
   <div class='ocr_carea' id='block_1_1' title="bbox 195 174 888 228">
    <p class='ocr_par' dir='ltr' id='par_1_1' title="bbox 195 174 888 228">
     <span class='ocr_line' id='line_1_1' title="bbox 195 174 888 228; baseline 0.001 -10"><span class='ocrx_word' id='word_1_1' title='bbox 195 179 313 218; x_wconf 73' lang='lat' dir='ltr'><strong>Formulae</strong></span> <span class='ocrx_word' id='word_1_2' title='bbox 327 179 415 227; x_wconf 86' lang='lat' dir='ltr'><strong>petendi</strong></span> <span class='ocrx_word' id='word_1_3' title='bbox 429 178 505 218; x_wconf 77' lang='lat' dir='ltr'><strong>serias</strong></span> <span class='ocrx_word' id='word_1_4' title='bbox 518 179 638 219; x_wconf 70' lang='lat' dir='ltr'>facultates</span> <span class='ocrx_word' id='word_1_5' title='bbox 652 181 674 218; x_wconf 91' lang='lat' dir='ltr'><strong>et</strong></span> <span class='ocrx_word' id='word_1_6' title='bbox 688 179 778 228; x_wconf 83' lang='lat' dir='ltr'><strong>gratias.</strong></span> <span class='ocrx_word' id='word_1_7' title='bbox 847 174 888 219; x_wconf 73' lang='lat'><strong>889</strong></span> 
     </span>
    </p>
   </div>
   <div class='ocr_carea' id='block_1_2' title="bbox 96 278 896 1558">
    <p class='ocr_par' dir='ltr' id='par_1_2' title="bbox 96 278 896 1558">
     <span class='ocr_line' id='line_1_2' title="bbox 100 278 894 349; baseline 0 -15"><span class='ocrx_word' id='word_1_8' title='bbox 100 278 244 334; x_wconf 82' lang='lat' dir='ltr'><strong>Gatharina</strong></span> <span class='ocrx_word' id='word_1_9' title='bbox 256 278 290 332; x_wconf 88' lang='lat' dir='ltr'><strong>N.</strong></span> <span class='ocrx_word' id='word_1_10' title='bbox 305 279 425 333; x_wconf 88' lang='lat' dir='ltr'><strong>similiter</strong></span> <span class='ocrx_word' id='word_1_11' title='bbox 442 279 607 347; x_wconf 88' lang='lat' dir='ltr'><strong>parochiana</strong></span> <span class='ocrx_word' id='word_1_12' title='bbox 624 294 692 349; x_wconf 85' lang='lat' dir='ltr'><strong>mea,</strong></span> <span class='ocrx_word' id='word_1_13' title='bbox 714 280 765 335; x_wconf 91' lang='lat' dir='ltr'><strong>sibi</strong></span> <span class='ocrx_word' id='word_1_14' title='bbox 782 295 894 335; x_wconf 85' lang='lat' dir='ltr'><strong>eonsen-</strong></span> 
     </span>
     <span class='ocr_line' id='line_1_3' title="bbox 99 349 893 419; baseline 0.003 -17"><span class='ocrx_word' id='word_1_15' title='bbox 99 350 196 419; x_wconf 84' lang='lat' dir='ltr'><strong>guinee</strong></span> <span class='ocrx_word' id='word_1_16' title='bbox 211 350 263 415; x_wconf 83' lang='lat' dir='ltr'><strong>(cei</strong></span> <span class='ocrx_word' id='word_1_17' title='bbox 276 349 370 416; x_wconf 52' lang='lat' dir='ltr'><strong>msice)</strong></span> <span class='ocrx_word' id='word_1_18' title='bbox 385 350 413 403; x_wconf 92' lang='lat' dir='ltr'><strong>in</strong></span> <span class='ocrx_word' id='word_1_19' title='bbox 422 351 502 404; x_wconf 90' lang='lat' dir='ltr'><strong>tertio</strong></span> <span class='ocrx_word' id='word_1_20' title='bbox 514 353 693 419; x_wconf 61' lang='lat' dir='ltr'><strong>(aatgcaoto)</strong></span> <span class='ocrx_word' id='word_1_21' title='bbox 709 351 794 418; x_wconf 84' lang='lat' dir='ltr'><strong>gradu</strong></span> <span class='ocrx_word' id='word_1_22' title='bbox 806 351 893 405; x_wconf 87' lang='lat' dir='ltr'><strong>lineae</strong></span> 
     </span>
     <span class='ocr_line' id='line_1_4' title="bbox 98 421 894 490; baseline 0.001 -14"><span class='ocrx_word' id='word_1_23' title='bbox 98 421 271 490; x_wconf 87' lang='lat' dir='ltr'><strong>collateralis,</strong></span> <span class='ocrx_word' id='word_1_24' title='bbox 293 422 380 489; x_wconf 85' lang='lat' dir='ltr'><strong>petita</strong></span> <span class='ocrx_word' id='word_1_25' title='bbox 396 427 486 475; x_wconf 86' lang='lat' dir='ltr'><strong>tamen</strong></span> <span class='ocrx_word' id='word_1_26' title='bbox 503 421 577 490; x_wconf 86' lang='lat' dir='ltr'><strong>prius</strong></span> <span class='ocrx_word' id='word_1_27' title='bbox 596 437 612 476; x_wconf 89' lang='lat' dir='ltr'><strong>a</strong></span> <span class='ocrx_word' id='word_1_28' title='bbox 630 422 711 476; x_wconf 79' lang='lat' dir='ltr'><strong>Ousia</strong></span> <span class='ocrx_word' id='word_1_29' title='bbox 727 422 849 476; x_wconf 84' lang='lat' dir='ltr'><strong>Romana</strong></span> <span class='ocrx_word' id='word_1_30' title='bbox 867 428 894 477; x_wconf 91' lang='lat' dir='ltr'><strong>et</strong></span> 
     </span>
     <span class='ocr_line' id='line_1_5' title="bbox 98 491 893 560; baseline 0 -13"><span class='ocrx_word' id='word_1_31' title='bbox 98 493 131 548; x_wconf 87' lang='lat' dir='ltr'><strong>ab</strong></span> <span class='ocrx_word' id='word_1_32' title='bbox 150 491 243 546; x_wconf 88' lang='lat' dir='ltr'><strong>eadem</strong></span> <span class='ocrx_word' id='word_1_33' title='bbox 262 498 372 560; x_wconf 86' lang='lat' dir='ltr'><strong>accepta</strong></span> <span class='ocrx_word' id='word_1_34' title='bbox 395 491 594 560; x_wconf 86' lang='lat' dir='ltr'><strong>dispensatione</strong></span> <span class='ocrx_word' id='word_1_35' title='bbox 618 493 647 546; x_wconf 91' lang='lat' dir='ltr'><strong>in</strong></span> <span class='ocrx_word' id='word_1_36' title='bbox 669 492 755 547; x_wconf 83' lang='lat' dir='ltr'><strong>forma</strong></span> <span class='ocrx_word' id='word_1_37' title='bbox 773 493 893 548; x_wconf 87' lang='lat' dir='ltr'><strong>commis·</strong></span> 
     </span>
     <span class='ocr_line' id='line_1_6' title="bbox 98 563 893 632; baseline -0.001 -13"><span class='ocrx_word' id='word_1_38' title='bbox 98 563 177 619; x_wconf 85' lang='lat' dir='ltr'><strong>soria</strong></span> <span class='ocrx_word' id='word_1_39' title='bbox 215 563 269 616; x_wconf 84' lang='lat' dir='ltr'><strong>Sed</strong></span> <span class='ocrx_word' id='word_1_40' title='bbox 286 570 348 632; x_wconf 89' lang='lat' dir='ltr'><strong>post</strong></span> <span class='ocrx_word' id='word_1_41' title='bbox 366 563 455 618; x_wconf 88' lang='lat' dir='ltr'><strong>datam</strong></span> <span class='ocrx_word' id='word_1_42' title='bbox 473 564 692 632; x_wconf 83' lang='lat' dir='ltr'><strong>commissionem,</strong></span> <span class='ocrx_word' id='word_1_43' title='bbox 718 579 812 618; x_wconf 89' lang='lat' dir='ltr'><strong>verum</strong></span> <span class='ocrx_word' id='word_1_44' title='bbox 830 570 893 618; x_wconf 86' lang='lat' dir='ltr'><strong>ante</strong></span> 
     </span>
     <span class='ocr_line' id='line_1_7' title="bbox 99 633 894 691; baseline -0.001 -1"><span class='ocrx_word' id='word_1_45' title='bbox 99 634 216 690; x_wconf 87' lang='lat' dir='ltr'><strong>eiusdem</strong></span> <span class='ocrx_word' id='word_1_46' title='bbox 235 635 432 689; x_wconf 76' lang='lat' dir='ltr'><strong>exsecutionem</strong></span> <span class='ocrx_word' id='word_1_47' title='bbox 451 633 578 690; x_wconf 79' lang='lat' dir='ltr'><strong>Oratores</strong></span> <span class='ocrx_word' id='word_1_48' title='bbox 596 650 697 691; x_wconf 86' lang='lat' dir='ltr'><strong>vesana</strong></span> <span class='ocrx_word' id='word_1_49' title='bbox 714 635 823 689; x_wconf 86' lang='lat' dir='ltr'><strong>libidine</strong></span> <span class='ocrx_word' id='word_1_50' title='bbox 841 635 894 689; x_wconf 87' lang='lat' dir='ltr'><strong>acti</strong></span> 
     </span>
     <span class='ocr_line' id='line_1_8' title="bbox 97 707 894 776; baseline 0 -16"><span class='ocrx_word' id='word_1_51' title='bbox 97 708 167 761; x_wconf 88' lang='lat' dir='ltr'><strong>inter</strong></span> <span class='ocrx_word' id='word_1_52' title='bbox 185 720 214 761; x_wconf 90' lang='lat' dir='ltr'><strong>se</strong></span> <span class='ocrx_word' id='word_1_53' title='bbox 232 707 384 761; x_wconf 84' lang='lat' dir='ltr'><strong>habuerunt</strong></span> <span class='ocrx_word' id='word_1_54' title='bbox 402 707 508 761; x_wconf 78' lang='lat' dir='ltr'><strong>omneis</strong></span> <span class='ocrx_word' id='word_1_55' title='bbox 526 708 719 776; x_wconf 84' lang='lat' dir='ltr'><strong>commercium,</strong></span> <span class='ocrx_word' id='word_1_56' title='bbox 742 713 769 760; x_wconf 91' lang='lat' dir='ltr'><strong>et</strong></span> <span class='ocrx_word' id='word_1_57' title='bbox 786 707 894 774; x_wconf 89' lang='lat' dir='ltr'><strong>penitus</strong></span> 
     </span>
     <span class='ocr_line' id='line_1_9' title="bbox 96 777 894 846; baseline 0 -14"><span class='ocrx_word' id='word_1_58' title='bbox 96 779 249 846; x_wconf 77' lang='lat' dir='ltr'><strong>ignorantes</strong></span> <span class='ocrx_word' id='word_1_59' title='bbox 267 778 318 831; x_wconf 88' lang='lat' dir='ltr'><strong>hae</strong></span> <span class='ocrx_word' id='word_1_60' title='bbox 331 778 484 832; x_wconf 88' lang='lat' dir='ltr'><strong>incestuosa</strong></span> <span class='ocrx_word' id='word_1_61' title='bbox 502 778 598 846; x_wconf 87' lang='lat' dir='ltr'><strong>copula</strong></span> <span class='ocrx_word' id='word_1_62' title='bbox 610 779 700 833; x_wconf 88' lang='lat' dir='ltr'><strong>vitiari</strong></span> <span class='ocrx_word' id='word_1_63' title='bbox 719 777 894 846; x_wconf 83' lang='lat' dir='ltr'><strong>dispensatio·</strong></span> 
     </span>
     <span class='ocr_line' id='line_1_10' title="bbox 97 847 894 918; baseline -0.003 -15"><span class='ocrx_word' id='word_1_64' title='bbox 97 864 172 918; x_wconf 91' lang='lat' dir='ltr'><strong>nem,</strong></span> <span class='ocrx_word' id='word_1_65' title='bbox 200 849 271 902; x_wconf 84' lang='lat' dir='ltr'><strong>bone</strong></span> <span class='ocrx_word' id='word_1_66' title='bbox 295 847 348 902; x_wconf 88' lang='lat' dir='ltr'><strong>fide</strong></span> <span class='ocrx_word' id='word_1_67' title='bbox 372 849 571 904; x_wconf 82' lang='lat' dir='ltr'><strong>Matrimonium</strong></span> <span class='ocrx_word' id='word_1_68' title='bbox 596 856 793 903; x_wconf 83' lang='lat' dir='ltr'><strong>contraxerunt.</strong></span> <span class='ocrx_word' id='word_1_69' title='bbox 836 848 894 902; x_wconf 90' lang='lat' dir='ltr'><strong>Iam</strong></span> 
     </span>
     <span class='ocr_line' id='line_1_11' title="bbox 97 919 894 976; baseline -0.001 -3"><span class='ocrx_word' id='word_1_70' title='bbox 97 935 162 974; x_wconf 86' lang='lat' dir='ltr'><strong>vero</strong></span> <span class='ocrx_word' id='word_1_71' title='bbox 181 919 289 974; x_wconf 88' lang='lat' dir='ltr'><strong>Oratori</strong></span> <span class='ocrx_word' id='word_1_72' title='bbox 314 935 348 974; x_wconf 88' lang='lat' dir='ltr'><strong>ex</strong></span> <span class='ocrx_word' id='word_1_73' title='bbox 375 921 514 975; x_wconf 78' lang='lat' dir='ltr'><strong>occasione</strong></span> <span class='ocrx_word' id='word_1_74' title='bbox 539 921 654 976; x_wconf 90' lang='lat' dir='ltr'><strong>innotuit</strong></span> <span class='ocrx_word' id='word_1_75' title='bbox 675 921 783 974; x_wconf 87' lang='lat' dir='ltr'><strong>nullitas</strong></span> <span class='ocrx_word' id='word_1_76' title='bbox 800 919 894 972; x_wconf 84' lang='lat' dir='ltr'><strong>Matri·</strong></span> 
     </span>
     <span class='ocr_line' id='line_1_12' title="bbox 97 990 894 1060; baseline -0.001 -16"><span class='ocrx_word' id='word_1_77' title='bbox 97 991 186 1045; x_wconf 92' lang='lat' dir='ltr'><strong>monii.</strong></span> <span class='ocrx_word' id='word_1_78' title='bbox 222 991 307 1045; x_wconf 88' lang='lat' dir='ltr'><strong>Porro</strong></span> <span class='ocrx_word' id='word_1_79' title='bbox 326 1007 386 1045; x_wconf 89' lang='lat' dir='ltr'><strong>cum</strong></span> <span class='ocrx_word' id='word_1_80' title='bbox 402 992 488 1046; x_wconf 89' lang='lat' dir='ltr'><strong>tribus</strong></span> <span class='ocrx_word' id='word_1_81' title='bbox 505 992 597 1047; x_wconf 88' lang='lat' dir='ltr'><strong>liberis</strong></span> <span class='ocrx_word' id='word_1_82' title='bbox 614 993 668 1046; x_wconf 92' lang='lat' dir='ltr'><strong>iam</strong></span> <span class='ocrx_word' id='word_1_83' title='bbox 686 991 818 1060; x_wconf 86' lang='lat' dir='ltr'><strong>susceptis</strong></span> <span class='ocrx_word' id='word_1_84' title='bbox 837 990 894 1045; x_wconf 90' lang='lat' dir='ltr'><strong>sine</strong></span> 
     </span>
     <span class='ocr_line' id='line_1_13' title="bbox 98 1061 894 1133; baseline -0.005 -15"><span class='ocrx_word' id='word_1_85' title='bbox 98 1061 223 1118; x_wconf 86' lang='lat' dir='ltr'><strong>scandolo</strong></span> <span class='ocrx_word' id='word_1_86' title='bbox 242 1063 363 1130; x_wconf 83' lang='lat' dir='ltr'><strong>separari</strong></span> <span class='ocrx_word' id='word_1_87' title='bbox 380 1078 433 1117; x_wconf 89' lang='lat' dir='ltr'><strong>non</strong></span> <span class='ocrx_word' id='word_1_88' title='bbox 450 1064 563 1133; x_wconf 83' lang='lat' dir='ltr'><strong>possint,</strong></span> <span class='ocrx_word' id='word_1_89' title='bbox 591 1071 618 1118; x_wconf 89' lang='lat' dir='ltr'><strong>et</strong></span> <span class='ocrx_word' id='word_1_90' title='bbox 635 1069 777 1118; x_wconf 87' lang='lat' dir='ltr'><strong>versentur</strong></span> <span class='ocrx_word' id='word_1_91' title='bbox 793 1063 821 1115; x_wconf 89' lang='lat' dir='ltr'><strong>in</strong></span> <span class='ocrx_word' id='word_1_92' title='bbox 838 1077 894 1114; x_wconf 91' lang='lat' dir='ltr'><strong>ma·</strong></span> 
     </span>
     <span class='ocr_line' id='line_1_14' title="bbox 98 1131 895 1204; baseline -0.003 -16"><span class='ocrx_word' id='word_1_93' title='bbox 98 1131 195 1188; x_wconf 83' lang='lat' dir='ltr'><strong>niiesto</strong></span> <span class='ocrx_word' id='word_1_94' title='bbox 205 1133 324 1200; x_wconf 90' lang='lat' dir='ltr'><strong>periculo</strong></span> <span class='ocrx_word' id='word_1_95' title='bbox 334 1133 548 1202; x_wconf 81' lang='lat' dir='ltr'><strong>incontinentiae,</strong></span> <span class='ocrx_word' id='word_1_96' title='bbox 569 1135 592 1188; x_wconf 90' lang='lat' dir='ltr'><strong>si</strong></span> <span class='ocrx_word' id='word_1_97' title='bbox 606 1142 765 1204; x_wconf 78' lang='lat' dir='ltr'><strong>cogerentur</strong></span> <span class='ocrx_word' id='word_1_98' title='bbox 775 1132 895 1187; x_wconf 76' lang='lat' dir='ltr'><strong>aucun·</strong></span> 
     </span>
     <span class='ocr_line' id='line_1_15' title="bbox 98 1201 894 1272; baseline 0 -14"><span class='ocrx_word' id='word_1_99' title='bbox 98 1219 170 1258; x_wconf 90' lang='lat' dir='ltr'><strong>mum</strong></span> <span class='ocrx_word' id='word_1_100' title='bbox 178 1201 334 1258; x_wconf 87' lang='lat' dir='ltr'><strong>Pontificem</strong></span> <span class='ocrx_word' id='word_1_101' title='bbox 342 1218 489 1272; x_wconf 88' lang='lat' dir='ltr'><strong>recurrere,</strong></span> <span class='ocrx_word' id='word_1_102' title='bbox 509 1205 760 1261; x_wconf 85' lang='lat' dir='ltr'><strong>adIllustrissimam</strong></span> <span class='ocrx_word' id='word_1_103' title='bbox 768 1205 894 1260; x_wconf 85' lang='lat' dir='ltr'><strong>Vestram</strong></span> 
     </span>
     <span class='ocr_line' id='line_1_16' title="bbox 101 1274 895 1345; baseline 0.003 -17"><span class='ocrx_word' id='word_1_104' title='bbox 101 1274 221 1328; x_wconf 83' lang='lat' dir='ltr'><strong>Gratiam</strong></span> <span class='ocrx_word' id='word_1_105' title='bbox 237 1281 389 1344; x_wconf 87' lang='lat' dir='ltr'><strong>recurrunt,</strong></span> <span class='ocrx_word' id='word_1_106' title='bbox 407 1275 552 1329; x_wconf 90' lang='lat' dir='ltr'><strong>humillime</strong></span> <span class='ocrx_word' id='word_1_107' title='bbox 571 1278 766 1345; x_wconf 81' lang='lat' dir='ltr'><strong>supplicantes,</strong></span> <span class='ocrx_word' id='word_1_108' title='bbox 784 1283 815 1331; x_wconf 90' lang='lat' dir='ltr'><strong>ut</strong></span> <span class='ocrx_word' id='word_1_109' title='bbox 832 1290 895 1344; x_wconf 85' lang='lat' dir='ltr'><strong>pro·</strong></span> 
     </span>
     <span class='ocr_line' id='line_1_17' title="bbox 99 1345 895 1416; baseline 0 -16"><span class='ocrx_word' id='word_1_110' title='bbox 99 1351 160 1415; x_wconf 88' lang='lat' dir='ltr'><strong>pter</strong></span> <span class='ocrx_word' id='word_1_111' title='bbox 175 1345 293 1400; x_wconf 87' lang='lat' dir='ltr'><strong>rationes</strong></span> <span class='ocrx_word' id='word_1_112' title='bbox 306 1346 360 1400; x_wconf 83' lang='lat' dir='ltr'><strong>iarn</strong></span> <span class='ocrx_word' id='word_1_113' title='bbox 373 1345 468 1401; x_wconf 87' lang='lat' dir='ltr'><strong>allatas</strong></span> <span class='ocrx_word' id='word_1_114' title='bbox 481 1347 595 1415; x_wconf 85' lang='lat' dir='ltr'><strong>benigne</strong></span> <span class='ocrx_word' id='word_1_115' title='bbox 609 1363 668 1402; x_wconf 89' lang='lat' dir='ltr'><strong>cum</strong></span> <span class='ocrx_word' id='word_1_116' title='bbox 680 1347 775 1402; x_wconf 90' lang='lat' dir='ltr'><strong>iisdem</strong></span> <span class='ocrx_word' id='word_1_117' title='bbox 789 1347 895 1416; x_wconf 86' lang='lat' dir='ltr'><strong>dispen-</strong></span> 
     </span>
     <span class='ocr_line' id='line_1_18' title="bbox 100 1415 895 1487; baseline -0.004 -14"><span class='ocrx_word' id='word_1_118' title='bbox 100 1431 160 1473; x_wconf 81' lang='lat' dir='ltr'><strong>sare</strong></span> <span class='ocrx_word' id='word_1_119' title='bbox 190 1415 313 1484; x_wconf 80' lang='lat' dir='ltr'><strong>dignetur</strong></span> <span class='ocrx_word' id='word_1_120' title='bbox 339 1431 421 1487; x_wconf 89' lang='lat' dir='ltr'><strong>super</strong></span> <span class='ocrx_word' id='word_1_121' title='bbox 443 1417 566 1486; x_wconf 85' lang='lat' dir='ltr'><strong>praefato</strong></span> <span class='ocrx_word' id='word_1_122' title='bbox 591 1418 795 1487; x_wconf 89' lang='lat' dir='ltr'><strong>impedimento,</strong></span> <span class='ocrx_word' id='word_1_123' title='bbox 823 1415 895 1484; x_wconf 92' lang='lat' dir='ltr'><strong>quod</strong></span> 
     </span>
     <span class='ocr_line' id='line_1_19' title="bbox 99 1487 896 1558; baseline 0.001 -17"><span class='ocrx_word' id='word_1_124' title='bbox 99 1487 179 1556; x_wconf 88' lang='lat' dir='ltr'><strong>plane</strong></span> <span class='ocrx_word' id='word_1_125' title='bbox 194 1487 325 1542; x_wconf 90' lang='lat' dir='ltr'><strong>occultum</strong></span> <span class='ocrx_word' id='word_1_126' title='bbox 339 1496 387 1556; x_wconf 90' lang='lat' dir='ltr'><strong>est,</strong></span> <span class='ocrx_word' id='word_1_127' title='bbox 406 1503 457 1543; x_wconf 89' lang='lat' dir='ltr'><strong>nec</strong></span> <span class='ocrx_word' id='word_1_128' title='bbox 467 1489 644 1557; x_wconf 84' lang='lat' dir='ltr'><strong>evulgandum</strong></span> <span class='ocrx_word' id='word_1_129' title='bbox 656 1490 772 1558; x_wconf 89' lang='lat' dir='ltr'><strong>timetur,</strong></span> <span class='ocrx_word' id='word_1_130' title='bbox 786 1494 817 1543; x_wconf 92' lang='lat' dir='ltr'><strong>ut</strong></span> <span class='ocrx_word' id='word_1_131' title='bbox 829 1487 896 1556; x_wconf 91' lang='lat' dir='ltr'><strong>ipsis</strong></span> 
     </span>
    </p>
   </div>
   <div class='ocr_carea' id='block_1_3' title="bbox 11 1558 895 1618">
    <p class='ocr_par' dir='ltr' id='par_1_3' title="bbox 11 1558 895 1618">
     <span class='ocr_line' id='line_1_20' title="bbox 11 1558 895 1618; baseline -0.006 0"><span class='ocrx_word' id='word_1_132' title='bbox 11 1611 12 1618; x_wconf 72' lang='grc'>,</span> <span class='ocrx_word' id='word_1_133' title='bbox 97 1559 178 1614; x_wconf 83' lang='lat' dir='ltr'><strong>liceat</strong></span> <span class='ocrx_word' id='word_1_134' title='bbox 195 1558 394 1614; x_wconf 85' lang='lat' dir='ltr'><strong>Matrimonium</strong></span> <span class='ocrx_word' id='word_1_135' title='bbox 417 1560 563 1614; x_wconf 88' lang='lat' dir='ltr'><strong>invalidum</strong></span> <span class='ocrx_word' id='word_1_136' title='bbox 581 1577 651 1616; x_wconf 82' lang='lat' dir='ltr'><strong>novo</strong></span> <span class='ocrx_word' id='word_1_137' title='bbox 670 1573 802 1616; x_wconf 90' lang='lat' dir='ltr'><strong>consensu</strong></span> <span class='ocrx_word' id='word_1_138' title='bbox 818 1573 895 1614; x_wconf 84' lang='lat' dir='ltr'><strong>reve·</strong></span> 
     </span>
    </p>
   </div>
   <div class='ocr_carea' id='block_1_4' title="bbox 96 1629 362 1771">
    <p class='ocr_par' dir='ltr' id='par_1_4' title="bbox 96 1629 362 1771">
     <span class='ocr_line' id='line_1_21' title="bbox 96 1629 190 1686; baseline -0.021 0"><span class='ocrx_word' id='word_1_139' title='bbox 96 1629 190 1686; x_wconf 85' lang='lat' dir='ltr'><strong>lidare.</strong></span> 
     </span>
     <span class='ocr_line' id='line_1_22' title="bbox 135 1699 362 1771; baseline 0.009 -15"><span class='ocrx_word' id='word_1_140' title='bbox 135 1699 221 1771; x_wconf 87' lang='lat' dir='ltr'><strong>Omni,</strong></span> <span class='ocrx_word' id='word_1_141' title='bbox 242 1715 295 1768; x_wconf 84' lang='lat' dir='ltr'><strong>qua</strong></span> <span class='ocrx_word' id='word_1_142' title='bbox 313 1708 362 1758; x_wconf 90' lang='lat' dir='ltr'><strong>etc.</strong></span> 
     </span>
    </p>
   </div>
   <div class='ocr_carea' id='block_1_5' title="bbox 97 1823 896 2016">
    <p class='ocr_par' dir='ltr' id='par_1_5' title="bbox 11 1809 896 2016">
     <span class='ocr_line' id='line_1_23' title="bbox 97 1823 896 1896; baseline -0.009 -5.777"><span class='ocrx_word' id='word_1_143' title='bbox 97 1823 268 1890; x_wconf 71' lang='lat' dir='ltr'><strong>aa&#39;sormuls</strong></span> <span class='ocrx_word' id='word_1_144' title='bbox 277 1841 383 1896; x_wconf 87' lang='lat' dir='ltr'><strong>petendi</strong></span> <span class='ocrx_word' id='word_1_145' title='bbox 392 1843 427 1887; x_wconf 90' lang='lat' dir='ltr'><strong>ab</strong></span> <span class='ocrx_word' id='word_1_146' title='bbox 437 1841 576 1888; x_wconf 88' lang='lat' dir='ltr'><strong>Ordinario</strong></span> <span class='ocrx_word' id='word_1_147' title='bbox 586 1840 805 1896; x_wconf 83' lang='lat' dir='ltr'><strong>dispensationem</strong></span> <span class='ocrx_word' id='word_1_148' title='bbox 815 1848 896 1893; x_wconf 84' lang='lat' dir='ltr'><strong>snper</strong></span> 
     </span>
     <span class='ocr_line' id='line_1_24' title="bbox 120 1904 887 2016; baseline -0.005 -64"><span class='ocrx_word' id='word_1_149' title='bbox 120 1906 200 1952; x_wconf 79' lang='lat' dir='ltr'><strong>tertio</strong></span> <span class='ocrx_word' id='word_1_150' title='bbox 216 1909 242 1952; x_wconf 91' lang='lat' dir='ltr'><strong>et</strong></span> <span class='ocrx_word' id='word_1_151' title='bbox 256 1909 351 1962; x_wconf 82' lang='lat' dir='ltr'><strong>quarto</strong></span> <span class='ocrx_word' id='word_1_152' title='bbox 365 1907 457 2016; x_wconf 63' lang='lat' dir='ltr'><strong>gradile1</strong></span> <span class='ocrx_word' id='word_1_153' title='bbox 458 1907 709 2016; x_wconf 55' lang='lat' dir='ltr'><strong>oclpfflngulnitatls,</strong></span> <span class='ocrx_word' id='word_1_154' title='bbox 724 1904 757 1950; x_wconf 88' lang='lat' dir='ltr'><strong>ad</strong></span> <span class='ocrx_word' id='word_1_155' title='bbox 772 1905 887 1966; x_wconf 62' lang='lat' dir='ltr'><strong>contre</strong></span> 
     </span>
    </p>
   </div>
   <div class='ocr_carea' id='block_1_6' title="bbox 134 2057 896 2198">
    <p class='ocr_par' dir='ltr' id='par_1_6' title="bbox 134 2057 896 2198">
     <span class='ocr_line' id='line_1_25' title="bbox 174 2057 744 2113; baseline -0.004 -1"><span class='ocrx_word' id='word_1_156' title='bbox 174 2057 404 2112; x_wconf 88' lang='lat' dir='ltr'><strong>Reverendissime</strong></span> <span class='ocrx_word' id='word_1_157' title='bbox 422 2058 573 2113; x_wconf 89' lang='lat' dir='ltr'><strong>Vicariatus</strong></span> <span class='ocrx_word' id='word_1_158' title='bbox 591 2057 744 2111; x_wconf 80' lang='lat' dir='ltr'><strong>Generalis!</strong></span> 
     </span>
     <span class='ocr_line' id='line_1_26' title="bbox 134 2122 896 2198; baseline -0.003 -16"><span class='ocrx_word' id='word_1_159' title='bbox 134 2128 231 2184; x_wconf 89' lang='lat' dir='ltr'><strong>Petrus</strong></span> <span class='ocrx_word' id='word_1_160' title='bbox 249 2129 284 2184; x_wconf 90' lang='lat' dir='ltr'><strong>N.</strong></span> <span class='ocrx_word' id='word_1_161' title='bbox 303 2136 331 2184; x_wconf 87' lang='lat' dir='ltr'><strong>et</strong></span> <span class='ocrx_word' id='word_1_162' title='bbox 346 2129 434 2183; x_wconf 84' lang='lat' dir='ltr'><strong>Maria</strong></span> <span class='ocrx_word' id='word_1_163' title='bbox 452 2129 501 2198; x_wconf 89' lang='lat' dir='ltr'><strong>N.‚</strong></span> <span class='ocrx_word' id='word_1_164' title='bbox 531 2129 687 2198; x_wconf 83' lang='lat' dir='ltr'><strong>parochiani</strong></span> <span class='ocrx_word' id='word_1_165' title='bbox 704 2127 771 2196; x_wconf 90' lang='lat' dir='ltr'><strong>mei,</strong></span> <span class='ocrx_word' id='word_1_166' title='bbox 797 2122 896 2180; x_wconf 90' lang='lat' dir='ltr'><strong>infide</strong></span> 
     </span>
    </p>
   </div>
   <div class='ocr_carea' id='block_1_7' title="bbox 11 2169 896 2286">
    <p class='ocr_par' dir='ltr' id='par_1_7' title="bbox 11 2169 896 2286">
     <span class='ocr_line' id='line_1_27' title="bbox 11 2169 896 2286; baseline -0.009 -29"><span class='ocrx_word' id='word_1_167' title='bbox 11 2169 26 2248; x_wconf 40' lang='lat'><strong>,¹</strong></span> <span class='ocrx_word' id='word_1_168' title='bbox 98 2201 244 2268; x_wconf 88' lang='lat' dir='ltr'><strong>catholica,</strong></span> <span class='ocrx_word' id='word_1_169' title='bbox 264 2215 343 2268; x_wconf 87' lang='lat' dir='ltr'><strong>quam</strong></span> <span class='ocrx_word' id='word_1_170' title='bbox 361 2199 535 2286; x_wconf 76' lang='lat' dir='ltr'><strong>profitentur²</strong></span> <span class='ocrx_word' id='word_1_171' title='bbox 553 2201 605 2254; x_wconf 91' lang='lat' dir='ltr'><strong>rite</strong></span> <span class='ocrx_word' id='word_1_172' title='bbox 622 2199 759 2266; x_wconf 86' lang='lat' dir='ltr'><strong>instructi,</strong></span> <span class='ocrx_word' id='word_1_173' title='bbox 783 2196 816 2250; x_wconf 88' lang='lat' dir='ltr'><strong>de</strong></span> <span class='ocrx_word' id='word_1_174' title='bbox 835 2211 896 2250; x_wconf 92' lang='lat' dir='ltr'><strong>con·</strong></span> 
     </span>
    </p>
   </div>
   <div class='ocr_carea' id='block_1_8' title="bbox 98 2267 896 2484">
    <p class='ocr_par' dir='ltr' id='par_1_8' title="bbox 98 2267 896 2484">
     <span class='ocr_line' id='line_1_28' title="bbox 99 2267 896 2340; baseline -0.009 -12"><span class='ocrx_word' id='word_1_175' title='bbox 99 2286 181 2328; x_wconf 86' lang='lat' dir='ltr'><strong>sensu</strong></span> <span class='ocrx_word' id='word_1_176' title='bbox 198 2278 338 2340; x_wconf 90' lang='lat' dir='ltr'><strong>parentum</strong></span> <span class='ocrx_word' id='word_1_177' title='bbox 362 2272 503 2326; x_wconf 90' lang='lat' dir='ltr'><strong>intendunt</strong></span> <span class='ocrx_word' id='word_1_178' title='bbox 526 2273 593 2326; x_wconf 91' lang='lat' dir='ltr'><strong>mire</strong></span> <span class='ocrx_word' id='word_1_179' title='bbox 617 2272 687 2324; x_wconf 88' lang='lat' dir='ltr'><strong>inter</strong></span> <span class='ocrx_word' id='word_1_180' title='bbox 712 2284 741 2324; x_wconf 90' lang='lat' dir='ltr'><strong>se</strong></span> <span class='ocrx_word' id='word_1_181' title='bbox 759 2267 896 2322; x_wconf 85' lang='lat' dir='ltr'><strong>Matrimo-</strong></span> 
     </span>
     <span class='ocr_line' id='line_1_29' title="bbox 98 2340 896 2410; baseline -0.008 -12"><span class='ocrx_word' id='word_1_182' title='bbox 98 2343 181 2399; x_wconf 89' lang='lat' dir='ltr'><strong>nium.</strong></span> <span class='ocrx_word' id='word_1_183' title='bbox 218 2344 317 2398; x_wconf 88' lang='lat' dir='ltr'><strong>Verum</strong></span> <span class='ocrx_word' id='word_1_184' title='bbox 344 2343 433 2398; x_wconf 87' lang='lat' dir='ltr'><strong>obstat</strong></span> <span class='ocrx_word' id='word_1_185' title='bbox 455 2343 551 2401; x_wconf 80' lang='lat' dir='ltr'><strong>tertius</strong></span> <span class='ocrx_word' id='word_1_186' title='bbox 575 2340 811 2410; x_wconf 89' lang='lat' dir='ltr'><strong>consanguinitatis</strong></span> <span class='ocrx_word' id='word_1_187' title='bbox 836 2353 896 2406; x_wconf 85' lang='lat' dir='ltr'><strong>gra·</strong></span> 
     </span>
     <span class='ocr_line' id='line_1_30' title="bbox 99 2410 896 2484; baseline -0.005 -16"><span class='ocrx_word' id='word_1_188' title='bbox 99 2413 159 2484; x_wconf 89' lang='lat' dir='ltr'><strong>dus,</strong></span> <span class='ocrx_word' id='word_1_189' title='bbox 177 2415 205 2468; x_wconf 88' lang='lat' dir='ltr'><strong>in</strong></span> <span class='ocrx_word' id='word_1_190' title='bbox 223 2431 276 2482; x_wconf 90' lang='lat' dir='ltr'><strong>quo</strong></span> <span class='ocrx_word' id='word_1_191' title='bbox 294 2415 408 2469; x_wconf 84' lang='lat' dir='ltr'><strong>invicem</strong></span> <span class='ocrx_word' id='word_1_192' title='bbox 426 2429 486 2469; x_wconf 86' lang='lat' dir='ltr'><strong>sese</strong></span> <span class='ocrx_word' id='word_1_193' title='bbox 506 2413 674 2482; x_wconf 81' lang='lat' dir='ltr'><strong>contingunt,</strong></span> <span class='ocrx_word' id='word_1_194' title='bbox 699 2419 729 2466; x_wconf 92' lang='lat' dir='ltr'><strong>ut</strong></span> <span class='ocrx_word' id='word_1_195' title='bbox 746 2410 831 2465; x_wconf 86' lang='lat' dir='ltr'><strong>rideri</strong></span> <span class='ocrx_word' id='word_1_196' title='bbox 848 2425 896 2478; x_wconf 92' lang='lat' dir='ltr'><strong>po·</strong></span> 
     </span>
    </p>
   </div>
   <div class='ocr_carea' id='block_1_9' title="bbox 97 2481 980 2553">
    <p class='ocr_par' dir='ltr' id='par_1_9' title="bbox 97 2481 980 2553">
     <span class='ocr_line' id='line_1_31' title="bbox 97 2481 980 2553; baseline -0.005 -13"><span class='ocrx_word' id='word_1_197' title='bbox 97 2492 154 2540; x_wconf 84' lang='lat' dir='ltr'><strong>test</strong></span> <span class='ocrx_word' id='word_1_198' title='bbox 171 2486 199 2539; x_wconf 91' lang='lat' dir='ltr'><strong>in</strong></span> <span class='ocrx_word' id='word_1_199' title='bbox 217 2486 352 2541; x_wconf 85' lang='lat' dir='ltr'><strong>schemate</strong></span> <span class='ocrx_word' id='word_1_200' title='bbox 364 2485 435 2540; x_wconf 84' lang='lat' dir='ltr'><strong>inira</strong></span> <span class='ocrx_word' id='word_1_201' title='bbox 452 2485 594 2553; x_wconf 86' lang='lat' dir='ltr'><strong>descripto.</strong></span> <span class='ocrx_word' id='word_1_202' title='bbox 623 2484 712 2551; x_wconf 75' lang='lat' dir='ltr'><strong>Quare</strong></span> <span class='ocrx_word' id='word_1_203' title='bbox 726 2498 808 2551; x_wconf 86' lang='lat' dir='ltr'><strong>super</strong></span> <span class='ocrx_word' id='word_1_204' title='bbox 825 2481 896 2536; x_wconf 90' lang='lat' dir='ltr'><strong>dicto</strong></span> <span class='ocrx_word' id='word_1_205' title='bbox 978 2493 980 2498; x_wconf 58' lang='lat'><strong>⁴</strong></span> 
     </span>
    </p>
   </div>
   <div class='ocr_carea' id='block_1_10' title="bbox 11 2551 896 2698">
    <p class='ocr_par' dir='ltr' id='par_1_10' title="bbox 11 2551 896 2708">
     <span class='ocr_line' id='line_1_32' title="bbox 11 2551 896 2626; baseline -0.043 17"><span class='ocrx_word' id='word_1_206' title='bbox 11 2551 12 2574; x_wconf 18' lang='grc' dir='ltr'>ἶ</span> <span class='ocrx_word' id='word_1_207' title='bbox 100 2555 189 2624; x_wconf 63' lang='lat' dir='ltr'><strong>ffldu</strong></span> <span class='ocrx_word' id='word_1_208' title='bbox 213 2557 449 2626; x_wconf 64' lang='lat' dir='ltr'><strong>⁰⁰n⁸³¹¹8uissiifltit</strong></span> <span class='ocrx_word' id='word_1_209' title='bbox 478 2557 590 2625; x_wconf 71' lang='lat' dir='ltr'><strong>gratim</strong></span> <span class='ocrx_word' id='word_1_210' title='bbox 617 2553 822 2623; x_wconf 81' lang='lat' dir='ltr'><strong>dispensationis</strong></span> <span class='ocrx_word' id='word_1_211' title='bbox 846 2553 896 2606; x_wconf 91' lang='lat' dir='ltr'><strong>hu·</strong></span> 
     </span>
     <span class='ocr_line' id='line_1_33' title="bbox 98 2623 895 2698; baseline -0.021 -4.87"><span class='ocrx_word' id='word_1_212' title='bbox 98 2626 208 2682; x_wconf 81' lang='lat' dir='ltr'><strong>millime</strong></span> <span class='ocrx_word' id='word_1_213' title='bbox 225 2630 377 2698; x_wconf 88' lang='lat' dir='ltr'><strong>postulant,</strong></span> <span class='ocrx_word' id='word_1_214' title='bbox 404 2628 550 2696; x_wconf 85' lang='lat' dir='ltr'><strong>allegantes</strong></span> <span class='ocrx_word' id='word_1_215' title='bbox 571 2643 622 2697; x_wconf 92' lang='lat' dir='ltr'><strong>pro</strong></span> <span class='ocrx_word' id='word_1_216' title='bbox 641 2641 733 2694; x_wconf 88' lang='lat' dir='ltr'><strong>causa,</strong></span> <span class='ocrx_word' id='word_1_217' title='bbox 761 2623 832 2693; x_wconf 84' lang='lat' dir='ltr'><strong>quod</strong></span> <span class='ocrx_word' id='word_1_218' title='bbox 850 2638 895 2677; x_wconf 88' lang='lat' dir='ltr'><strong>ve·</strong></span> 
     </span>
    </p>
   </div>
   <div class='ocr_carea' id='block_1_11' title="bbox 100 2693 991 2768">
    <p class='ocr_par' dir='ltr' id='par_1_11' title="bbox 100 2693 991 2768">
     <span class='ocr_line' id='line_1_34' title="bbox 100 2693 991 2768; baseline -0.011 -14"><span class='ocrx_word' id='word_1_219' title='bbox 100 2713 170 2754; x_wconf 86' lang='lat' dir='ltr'><strong>sana</strong></span> <span class='ocrx_word' id='word_1_220' title='bbox 180 2698 288 2753; x_wconf 90' lang='lat' dir='ltr'><strong>libidine</strong></span> <span class='ocrx_word' id='word_1_221' title='bbox 303 2699 383 2768; x_wconf 91' lang='lat' dir='ltr'><strong>ducti,</strong></span> <span class='ocrx_word' id='word_1_222' title='bbox 410 2715 464 2754; x_wconf 93' lang='lat' dir='ltr'><strong>non</strong></span> <span class='ocrx_word' id='word_1_223' title='bbox 485 2699 572 2754; x_wconf 88' lang='lat' dir='ltr'><strong>animo</strong></span> <span class='ocrx_word' id='word_1_224' title='bbox 585 2698 689 2754; x_wconf 80' lang='lat' dir='ltr'><strong>facilius</strong></span> <span class='ocrx_word' id='word_1_225' title='bbox 708 2694 844 2752; x_wconf 90' lang='lat' dir='ltr'><strong>obtinendi</strong></span> <span class='ocrx_word' id='word_1_226' title='bbox 857 2693 896 2748; x_wconf 91' lang='lat' dir='ltr'><strong>di·</strong></span> <span class='ocrx_word' id='word_1_227' title='bbox 986 2717 991 2728; x_wconf 48' lang='lat'>³</span> 
     </span>
    </p>
   </div>
   <div class='ocr_carea' id='block_1_12' title="bbox 99 2767 897 2839">
    <p class='ocr_par' dir='ltr' id='par_1_12' title="bbox 99 2767 897 2839">
     <span class='ocr_line' id='line_1_35' title="bbox 99 2767 897 2839; baseline -0.01 -13"><span class='ocrx_word' id='word_1_228' title='bbox 99 2770 308 2839; x_wconf 88' lang='lat' dir='ltr'><strong>spensationem,</strong></span> <span class='ocrx_word' id='word_1_229' title='bbox 323 2771 395 2839; x_wconf 86' lang='lat' dir='ltr'><strong>quod</strong></span> <span class='ocrx_word' id='word_1_230' title='bbox 407 2771 556 2825; x_wconf 90' lang='lat' dir='ltr'><strong>iuramento</strong></span> <span class='ocrx_word' id='word_1_231' title='bbox 566 2768 722 2824; x_wconf 88' lang='lat' dir='ltr'><strong>confirmare</strong></span> <span class='ocrx_word' id='word_1_232' title='bbox 729 2767 818 2837; x_wconf 87' lang='lat' dir='ltr'><strong>parati</strong></span> <span class='ocrx_word' id='word_1_233' title='bbox 827 2769 897 2834; x_wconf 88' lang='lat' dir='ltr'><strong>sunt,</strong></span> 
     </span>
    </p>
   </div>
   <div class='ocr_carea' id='block_1_13' title="bbox 11 2840 898 2928">
    <p class='ocr_par' dir='ltr' id='par_1_13' title="bbox 11 2840 898 2928">
     <span class='ocr_line' id='line_1_36' title="bbox 11 2840 898 2928; baseline -0.008 -31"><span class='ocrx_word' id='word_1_234' title='bbox 11 2901 14 2928; x_wconf 52' lang='grc' dir='ltr'>Ι</span> <span class='ocrx_word' id='word_1_235' title='bbox 98 2840 225 2909; x_wconf 88' lang='lat' dir='ltr'><strong>copulam</strong></span> <span class='ocrx_word' id='word_1_236' title='bbox 244 2841 376 2896; x_wconf 87' lang='lat' dir='ltr'><strong>carnalem</strong></span> <span class='ocrx_word' id='word_1_237' title='bbox 401 2841 570 2911; x_wconf 88' lang='lat' dir='ltr'><strong>admiserint,</strong></span> <span class='ocrx_word' id='word_1_238' title='bbox 597 2857 631 2896; x_wconf 85' lang='lat' dir='ltr'><strong>ex</strong></span> <span class='ocrx_word' id='word_1_239' title='bbox 649 2855 704 2910; x_wconf 87' lang='lat' dir='ltr'><strong>qua</strong></span> <span class='ocrx_word' id='word_1_240' title='bbox 720 2853 821 2908; x_wconf 90' lang='lat' dir='ltr'><strong>sponsa</strong></span> <span class='ocrx_word' id='word_1_241' title='bbox 838 2850 898 2905; x_wconf 87' lang='lat' dir='ltr'><strong>gra·</strong></span> 
     </span>
    </p>
   </div>
   <div class='ocr_carea' id='block_1_14' title="bbox 11 2927 14 2940">
    <p class='ocr_par' dir='ltr' id='par_1_14' title="bbox 11 2927 14 2940">
     <span class='ocr_line' id='line_1_37' title="bbox 11 2927 14 2940; baseline 0 0"><span class='ocrx_word' id='word_1_242' title='bbox 11 2927 14 2940; x_wconf 77' lang='lat' dir='ltr'><strong>i</strong></span> 
     </span>
    </p>
   </div>
   <div class='ocr_carea' id='block_1_15' title="bbox 155 2929 835 3002">
    <p class='ocr_par' dir='ltr' id='par_1_15' title="bbox 155 2929 835 3002">
     <span class='ocr_line' id='line_1_38' title="bbox 155 2929 835 3002; baseline 0.016 -32"><span class='ocrx_word' id='word_1_243' title='bbox 155 2930 257 2971; x_wconf 80' lang='lat' dir='ltr'><strong>Manuale</strong></span> <span class='ocrx_word' id='word_1_244' title='bbox 271 2932 415 2972; x_wconf 80' lang='lat' dir='ltr'><strong>sacerdotum.</strong></span> <span class='ocrx_word' id='word_1_245' title='bbox 444 2932 527 2981; x_wconf 83' lang='lat' dir='ltr'><strong>(Editio</strong></span> <span class='ocrx_word' id='word_1_246' title='bbox 541 2931 590 2982; x_wconf 79' lang='lat' dir='ltr'><strong>vt.)</strong></span> <span class='ocrx_word' id='word_1_247' title='bbox 756 2929 792 2982; x_wconf 83' lang='grc'><strong>24</strong></span> <span class='ocrx_word' id='word_1_248' title='bbox 834 2991 835 3002; x_wconf 20' lang='lat'>¹</span> 
     </span>
    </p>
   </div>
   <div class='ocr_carea' id='block_1_16' title="bbox 0 0 1054 3222">
    <p class='ocr_par' dir='ltr' id='par_1_16' title="bbox 0 0 1054 3222">
     <span class='ocr_line' id='line_1_39' title="bbox 0 0 1054 3222; baseline 0 0"><span class='ocrx_word' id='word_1_249' title='bbox 0 0 1054 3222; x_wconf 95' lang='lat' dir='ltr'><strong> </strong></span> 
     </span>
    </p>
   </div>
  </div>
 </body>
</html>
