2152 3234
175 161 217 204 tos
350 163 383 203 De
397 163 588 203 firmamentorum
602 161 801 202 administratione.

173 265 336 322 cessionibus
355 280 387 320 ac
404 266 559 335 privilegiis,
586 280 655 333 quae
674 265 708 320 ab
729 263 887 333 Apostolica
905 262 978 320 Sede

172 336 284 393 concedi
302 337 385 392 cuivis
404 337 553 406 contigerit,
571 337 645 392 nullo
664 335 744 391 mede
764 351 796 392 ac
815 335 920 390 ratione
937 336 979 390 in·

171 409 255 478 telligi
273 423 389 475 unquam
408 407 515 476 debere,
535 416 674 477 autposse
690 406 881 475 comprehendi
893 405 979 462 focul-

171 487 255 536 tatem
273 479 430 535 absolvendi
448 477 597 547 a'casibus,
626 485 655 534 et
674 479 794 534 censuris
812 477 981 545 quibuslibet

172 551 294 608 Romano
319 549 444 604 Pontifici
465 551 620 618 reservatis,
651 550 704 604 nisi
729 549 763 604 de
787 549 821 604 iia
848 547 981 620 formalis,

172 622 306 691 explicite,
325 637 357 676 ac
370 620 507 676 individua
520 622 619 676 mentio
634 620 706 676 facta
719 619 812 676 fueriti
832 635 902 688 quae
910 636 981 678 vero

175 694 317 763 privilegia
344 699 391 747 aut
417 691 559 748 facultates
587 693 643 746 sive
672 708 689 746 a
716 690 980 749 Praedecessoribus

173 765 289 832 Nostris,
308 763 364 820 sive
383 764 463 818 etiam
482 779 500 817 a
516 763 602 818 Nebis
625 762 734 818 cuilibet
751 761 855 832 Coetui,
874 761 980 832 Ordini,

175 835 390 904 Congregationi,
409 834 538 889 Societati
556 841 584 889 et
600 835 734 902 Inusitate,
763 833 842 888 etiam
860 834 983 902 regulari

177 907 293 962 cuiusvis
312 905 419 974 speciei,
439 905 490 960 etsi
507 906 585 960 titulo
599 905 730 973 peculiari
745 905 878 972 praedito,
897 913 983 973 atque

178 979 259 1033 etiam
277 976 387 1045 speciali
400 977 534 1032 mentione
545 976 625 1044 digne
644 992 662 1030 a
678 977 773 1043 quevis
784 982 982 1042 unquamtem-

174 1063 241 1118 pere
259 1048 397 1115 hucusque
418 1063 561 1104 concessae
579 1047 686 1116 fuermt,
714 1061 748 1102 ea
762 1047 858 1115 omnia,
877 1061 982 1116 empus

83 1171 87 1182 ‚
177 1133 269 1176 omnes
286 1118 388 1174 Nostra
405 1119 456 1174 hac
475 1118 670 1174 Constitutione
683 1124 832 1186 revocatas,
851 1134 981 1187 suppres-

177 1206 221 1246 sas
240 1197 268 1246 et
286 1189 399 1245 abolitas
419 1189 627 1259 essevolumus,
652 1195 733 1258 prout
749 1204 847 1257 reapse
865 1204 979 1246 reveca-

174 1277 242 1331 mus,
261 1261 457 1330 supprimimus,
477 1268 504 1315 et
522 1261 668 1330 abolemus,
693 1260 801 1314 minime
818 1258 980 1329 refraganti·

174 1332 225 1388 bus
244 1340 291 1387 aut
308 1333 475 1388 obstantibus
492 1332 639 1400 privilegiis
658 1331 878 1400 quibuscumque,
897 1332 980 1386 etiam

176 1403 336 1473 specialibus
355 1403 563 1472 comprehensis,
590 1403 635 1457 vel
652 1419 706 1458 non
723 1403 752 1456 in
769 1416 884 1471 corpore
902 1403 979 1474 iuris,

175 1482 222 1532 aut
239 1475 401 1544 Apostolicis
412 1474 659 1542 Constitutionibus,
677 1480 705 1528 et
723 1473 818 1540 quavis
836 1471 979 1530 confirma·

176 1547 250 1602 tiene
268 1547 433 1616 Apostolica,
451 1546 496 1600 vel
513 1545 714 1600 immemorabili
733 1544 814 1598 etiam
834 1551 978 1600 consuetu·

175 1617 245 1688 dine,
264 1626 311 1673 aut
329 1618 382 1672 alia
395 1631 561 1685 quacumque
570 1615 695 1671 firmitate
705 1615 847 1684 roboratis,
865 1616 977 1684 quibus-

174 1689 240 1744 libet
260 1690 340 1744 etiam
364 1687 457 1744 formis
480 1703 512 1742 ac
528 1687 675 1754 tenoribus,
700 1693 727 1742 et
752 1703 812 1740 cunr
837 1687 978 1754 quibusvis

175 1760 405 1829 derogatorierum
437 1759 622 1827 derogatoriie,
647 1758 759 1825 aliisque
785 1756 980 1816 efficacioribus

176 1840 203 1888 et
216 1832 329 1888 insolitis
343 1831 476 1897 clausulis,
495 1829 592 1897 quibus
605 1829 735 1897 omnibus,
754 1835 887 1896 quatenus
908 1844 980 1897 opus

175 1904 218 1969 sit,
238 1903 368 1970 derogare
385 1901 555 1969 intendimus,
574 1907 602 1956 et
619 1900 788 1968 derogamus.

210 1973 328 2028 Firmum
338 1981 428 2028 tamen
442 1987 501 2028 esse
515 1972 638 2028 volumus
648 1970 805 2028 absolvendi
821 1969 980 2026 facmtatem
1064 2001 1065 2006 κ

126 2077 138 2088 -
175 2059 193 2097 a
223 2043 380 2102 Tridentino
412 2044 520 2112 Synedo
552 2043 696 2112 Episcopis
726 2055 880 2098 concessam
907 2040 980 2096 Scae.

176 2113 295 2182 XXIV,
314 2131 373 2183 cop.
396 2116 443 2170 VI.
463 2115 497 2168 dc
510 2114 629 2180 Reform.
647 2115 676 2168 in
694 2112 905 2180 quibuscumque
914 2126 979 2168 cen-

175 2186 244 2240 suris
264 2186 434 2254 Apostolicae
453 2185 517 2240 Sedi
542 2185 593 2239 hac
610 2192 704 2240 nostra
721 2184 917 2240 Constitutione
935 2197 980 2238 re-

176 2257 298 2325 servatis,
311 2257 345 2312 iis
358 2265 461 2312 tantum
477 2257 605 2325 exceptis,
620 2271 687 2324 quas
701 2255 788 2310 eidem
801 2254 979 2323 Apostolicae

176 2325 239 2382 Sedi
258 2327 367 2396 speciali
384 2327 464 2382 modo
483 2335 635 2382 reservatas
653 2326 855 2382 declaravimus.
1062 2379 1065 2396 ,

210 2397 393 2455 Decementes
411 2400 461 2454 bas
474 2399 593 2454 Litteras
611 2405 692 2466 atque
708 2397 799 2454 omniu
816 2403 844 2452 et
863 2395 979 2464 singula,
1064 2453 1065 2458 ,

176 2484 244 2536 quae
263 2469 291 2524 in
310 2471 349 2524 eis
367 2471 512 2526 constituta
529 2485 561 2526 ac
579 2469 689 2524 decreta
706 2476 776 2538 sunt,
795 2473 981 2534 omnesqueet
1064 2471 1065 2506 ἒ

175 2540 302 2609 singulas,
321 2556 391 2608 quae
408 2541 437 2595 in
451 2540 551 2595 eisdem
563 2540 650 2594 factae
668 2547 730 2596 sunt
748 2553 782 2594 ex
799 2537 980 2594 anterioribus
1064 2539 1065 2548 ’

177 2611 417 2666 constitutionibus
440 2611 682 2668 Proedecessorum
708 2611 869 2666 Nostrorum
896 2616 979 2676 atque

178 2682 258 2736 otiam
275 2681 391 2751 Nostris,
410 2690 457 2738 aut
475 2698 509 2736 ex
527 2683 586 2738 aliis
605 2683 688 2738 sacris
699 2681 852 2737 Canenibes
869 2679 979 2748 quibus·

179 2767 300 2821 cumque,
328 2753 407 2808 etiam
438 2753 616 2809 Consiliorum
643 2753 822 2822 Generalium,
846 2757 875 2806 et
891 2751 978 2820 ipsius
1064 2777 1065 2798 i

179 2822 335 2894 Tridentini,
359 2825 529 2894 mutationes,
553 2824 750 2896 derogationes,
774 2823 980 2893 suppressiones
