2128 3228
168 164 209 210 758
320 167 354 210 De
368 169 499 220 quibusdam
512 169 561 209 aliie
576 170 715 210 sacerdotnm
729 169 813 209 omelia

172 271 302 330 accendit.
319 271 361 341 10)
375 271 419 326 Ad
431 272 528 326 verba:
546 273 618 341 Apro
630 277 716 326 mater
729 272 830 339 eduxit,
849 273 975 344 quiescit,

172 343 259 398 donec
278 353 389 411 quartus
407 344 519 398 clericus
537 359 571 398 ex
590 359 676 412 cereo,
695 359 746 412 per
759 343 928 398 candelulam
945 346 974 399 in

170 415 257 484 virga,
270 414 421 483 lampadem
433 415 478 468 vel
490 414 628 483 lampades
642 414 778 470 accendat
786 417 805 480 ¹)
826 417 869 483 11)
880 416 975 471 Finito

172 487 321 540 Praeconio
341 487 479 540 celebrans
498 485 597 541 claudit
609 486 728 554 Missala
747 485 881 541 secundus
895 487 975 542 cleri·

173 573 220 612 cus
239 556 327 611 firmat
340 557 496 610 arundinem
515 558 543 610 in
556 573 605 612 sua
618 557 677 611 basi
691 557 804 612 alatera
819 557 974 628 Evangelii,

170 629 267 684 tertius
286 627 400 696 deponit.
414 643 519 682 crucem
536 629 564 682 in
575 628 666 698 latere
684 628 832 696 Epistulae.
857 629 975 698 la)1)e·

169 699 248 768 inde,
276 699 497 767 praecedentibus
523 699 709 768 thuriferario,
738 715 797 753 curn
819 700 918 754 clerico
939 701 973 756 de

171 771 262 839 granis
280 786 297 824 a
315 770 437 838 sinistris,
457 786 488 824 ac
502 770 619 825 secunde
638 777 665 824 et
679 771 760 825 tertio
774 771 880 839 clerico,
900 771 976 840 facta

170 839 356 910 genuflexione
376 841 462 910 altari,
480 842 627 895 revertitur
644 843 671 895 in
691 843 846 896 sacristiam.
872 843 916 911 13)
932 844 974 897 lbi

173 912 302 981 depositis
312 914 474 980 paramentis
488 913 563 981 albis,
578 913 675 981 accipit
687 913 859 982 manipulum,
874 914 973 968 stolam

172 991 201 1038 et
218 984 354 1051 planetam
372 984 468 1038 coloris
486 984 606 1038 violacei.

205 1059 273 1107 Art.
291 1057 320 1108 4.
354 1057 401 1106 De
419 1057 604 1118 Prophettis.
641 1057 667 1123 1)
687 1054 832 1110 Oelebraus
849 1063 974 1126 paratus,

170 1131 201 1180 ut
218 1140 300 1192 supra
318 1125 540 1193 praecedentibus
553 1125 664 1193 clericis,
682 1125 805 1194 procedit
823 1126 857 1180 ad
876 1127 973 1185 altare.

206 1195 233 1264 2)
251 1195 337 1250 Facta
352 1197 505 1252 reverentia
522 1197 602 1266 cruci,
621 1197 742 1252 aseendit
758 1197 795 1251 ad
812 1197 908 1266 altare,
929 1215 972 1253 os·

172 1267 276 1320 culatur
293 1267 360 1320 illud
377 1269 405 1321 in
422 1267 518 1337 medio,
543 1274 570 1322 et
588 1267 690 1322 accedit
708 1268 743 1322 ad
761 1284 844 1322 cornu
860 1269 973 1338 Episto-

171 1337 223 1392 lae.
241 1338 283 1391 lbi
301 1339 356 1392 alta
369 1354 435 1393 voce
453 1340 518 1408 legit
536 1339 676 1393 duodecim
690 1340 860 1408 Prophetias,
867 1341 890 1410 ²)
905 1340 972 1395 Ora·

169 1409 265 1476 tiones,
285 1416 313 1463 et
331 1410 453 1479 Tractus,
478 1409 659 1478 genuflectens
677 1425 737 1464 cunr
755 1410 887 1480 omnibns,
907 1411 970 1466 dum
1048 1463 1049 1482 ,

171 1487 233 1534 ante
248 1481 398 1550 Orationes,
418 1489 531 1550 excepta
547 1482 641 1535 ultima
658 1481 735 1536 dicit:
755 1483 916 1537 Flactemue
927 1499 970 1553 qe

169 1567 244 1619 νικας
261 1559 289 1606 et
299 1552 410 1607 clericus
420 1568 531 1622 surgens
542 1552 701 1620 respondet:
722 1553 829 1608 Levate.
848 1554 876 1623 4)
892 1554 970 1609 Com·

170 1623 245 1691 pleta
262 1623 355 1677 ultima
372 1624 499 1680 Oratione
518 1624 663 1693 celebrans,
686 1622 759 1679 iacta
775 1624 875 1678 ibidem
893 1641 971 1680 reve·
1047 1651 1048 1656 .

75 1705 87 1726 ¹
169 1694 258 1748 rentie
276 1695 361 1762 cruci,
387 1694 524 1749 descendit
543 1694 577 1748 ad
595 1695 741 1750 scabellum
758 1697 786 1749 in
804 1696 886 1764 plano
904 1697 971 1766 Epi·

171 1766 271 1834 stolae,
298 1772 325 1820 et
347 1765 457 1834 deponit
480 1766 614 1834 planetam
639 1773 667 1820 et
683 1767 856 1835 manipulum.
895 1769 922 1836 5)
943 1769 976 1823 Si

172 1837 282 1890 ecclesia
299 1837 423 1891 babuerit
438 1838 539 1904 fontan
557 1837 751 1907 baptremalem,
774 1838 911 1892 cebbruna
929 1856 975 1895 ac·

171 1908 238 1974 cepit
250 1907 373 1975 pluviale
385 1909 539 1977 violaceam,
559 1915 584 1962 ct
602 1909 682 1962 sedet.
714 1908 747 1964 aa·
764 1911 977 1976 attentantem

170 1993 227 2031 noc
243 1977 329 2046 babet,
348 1979 451 2033 accedit
474 1981 532 2034 aiere
550 1980 644 2034 cucata
670 1985 733 2034 anic
751 1981 838 2034 ultore
850 1996 908 2049 pro
926 1983 976 2036 Le'·

171 2049 262 2103 tacita
299 2049 384 2117 (Infra
400 2066 462 2119 pag.
481 2049 551 2120 761.)

205 2122 274 2174 Art.
293 2123 321 2174 5.
339 2123 387 2172 De
405 2123 622 2200 benedictione
640 2118 775 2189 renuat)
809 2121 834 2192 1)
854 2122 977 2179 Sedeute

185 2249 206 2303 1)
222 2253 298 2292 Oratio
317 2263 356 2302 pro
370 2254 517 2296 Romanorum
535 2255 673 2304 Imperatore
692 2255 715 2294 ln
733 2255 776 2295 dne
795 2257 912 2296 Praeconil
934 2269 975 2308 pa·

225 2319 307 2360 ecballe
321 2321 349 2358 ob
364 2320 475 2359 sublatum
484 2321 633 2360 Rornanorum
647 2321 764 2370 imperium
777 2323 926 2372 nouempllne
941 2335 974 2364 re·

224 2382 313 2424 citatur.
341 2383 370 2434 (S.
386 2385 410 2429 R.
425 2384 445 2428 O.
460 2384 495 2428 at.
511 2385 565 2435 cept.
580 2384 650 2433 1860.)

187 2443 209 2496 Ι)
224 2445 265 2488 Pro
279 2447 377 2491 eoeluiie
391 2447 515 2491 martum
528 2451 677 2500 Interrogata,
691 2461 720 2491 eu
733 2452 771 2500 qui
785 2453 862 2492 cantat
877 2453 974 2504 Prophe·

224 2515 276 2563 tiae,
284 2517 593 2565 poreltrlceueuetudinlreee
600 2518 775 2568 relinqueremur
782 2519 977 2560 vincelebrente

225 2589 300 2620 cerum
321 2582 387 2622 lectio
406 2583 508 2623 absoluta
526 2583 570 2624 siti
598 2585 620 2627 fl.
638 2583 665 2624 B.
686 2584 710 2627 O.
729 2581 760 2629 1⁶.
780 2584 846 2624 liert
866 2582 921 2626 tear
940 2597 975 2626 re-

225 2647 325 2694 spondit.-
339 2649 445 2700 Neratiae,
460 2650 504 2690 utri
518 2650 576 2690 adsit
590 2651 729 2692 rationabili·
742 2662 810 2692 cenna
824 2653 853 2692 ab
863 2653 975 2703 Episcopo

224 2713 374 2761 approbanda.

185 2774 208 2827 θ)
221 2777 298 2818 Fontis
312 2780 436 2821 benedictio
450 2783 576 2832 peragenda
590 2785 624 2824 ert
638 2785 846 2834 percelebrantur.
865 2785 896 2834 (E
911 2785 935 2828 a.
951 2785 974 2831 0,

225 2841 242 2880 1.
262 2842 317 2915 Sept.
337 2843 408 2892 1888.)
437 2847 564 2916 Benedictio
584 2859 655 2898 uuae
673 2850 696 2890 ia
715 2849 811 2891 dabbato
832 2855 910 2892 sancto
927 2861 975 2892 neu
1042 2851 1043 2879 l
