2138 3226
152 171 194 216 lta
341 173 421 216 Preces
434 175 487 214 ants
500 175 523 214 et
535 177 587 222 port
601 173 767 216 contessionem.

156 276 202 345 qni
220 291 356 344 nunquam
370 275 528 345 offendatur,
546 275 596 332 sed
608 280 836 344 semperametun
850 273 960 330 colion

153 355 181 404 et
199 348 357 403 honoretur.
376 349 497 416 Ignosce,
510 348 548 401 mi
559 346 643 415 Deus,
661 347 707 414 qui
721 362 775 401 non
784 347 826 401 vis
839 352 955 401 mortem

152 419 311 488 peccatoris,
328 419 445 487 ignosce.
469 419 595 487 Propono
608 417 766 486 firmissime,
784 433 818 472 ex
832 417 884 472 hoc
897 433 954 474 mo·

152 494 242 544 mento
259 505 394 558 nunquam
409 491 506 546 iterum
521 498 549 545 te
563 488 707 543 offendere.
726 489 852 557 Propono
866 488 958 544 vitare

153 568 307 618 constanter
325 569 353 616 et
372 561 499 630 singulari
522 561 610 616 studio
625 559 773 614 deliberate
786 566 898 628 peccata
918 559 955 614 ad

152 649 235 688 unum
253 633 342 688 omnia
366 639 394 686 et
419 633 573 687 occasiones
596 629 725 700 peccandi
749 631 906 699 mortaliter,
927 637 959 686 et

152 719 251 773 magna
267 703 444 763 sollicitudine
462 703 528 757 illud
545 703 680 757 decimare
700 703 863 770 (moriamur
881 701 960 769 qrtod

152 777 259 844 supra).
292 772 446 829 confitebor
457 773 531 828 illud.
564 774 651 842 Agam
663 773 863 841 poenitentiam.
893 772 955 826 Scr-

153 847 224 901 viam
236 845 293 914 tibi,
301 845 361 899 Deo
375 859 444 914 meo,
458 843 572 900 fidelius.
585 846 697 913 Ignosco
710 845 750 899 tui
767 858 856 898 amore
871 844 959 899 omni·

154 917 213 972 bus.
251 915 389 983 Quotquot
406 931 523 984 amquam
536 916 655 984 mevam,
674 914 861 983 scandalizavi,
878 915 958 986 laesi,

154 987 322 1056 contristavi,
348 987 495 1055 contempsi
513 995 560 1042 aut
576 986 708 1056 iudicavi,
737 986 831 1041 abhis
849 985 956 1041 venium

153 1058 289 1112 humiliter
307 1065 380 1126 peto,
399 1058 486 1126 iisque
504 1074 554 1126 pro
572 1057 674 1113 viribus
693 1057 848 1113 satisfacere
866 1058 959 1125 cupio.

153 1129 191 1184 Et
209 1129 273 1196 quia
288 1129 356 1182 haec
374 1127 444 1184 forte
461 1145 516 1183 non
534 1128 666 1184 sufficiunt
679 1129 799 1183 delendis
817 1127 865 1196 cis,
884 1143 958 1195 quae

154 1199 284 1267 contraxi,
299 1199 404 1268 debitis,
419 1201 500 1255 etiarn
509 1200 537 1254 in
548 1199 756 1255 satisfactionem
766 1199 850 1254 offero
859 1200 961 1254 merita

154 1272 222 1327 Jesu
249 1270 359 1339 Ohmsti,
386 1271 417 1326 Β.
440 1271 566 1340 Virginis,
592 1272 760 1338 omniumque
788 1270 958 1341 Sanctorum,

155 1357 240 1411 opera
252 1357 321 1411 mea,
338 1343 473 1410 vitamque
487 1349 579 1397 totam.
607 1343 727 1412 Ignosce,
745 1342 828 1396 Pater
841 1341 956 1396 clemen·

155 1413 265 1483 tissime,
284 1421 312 1468 et
329 1412 412 1467 filiam
425 1413 567 1482 prodigum
579 1414 608 1468 in
621 1415 734 1482 gratim
747 1413 846 1481 recipe,
866 1427 885 1467 a
902 1429 959 1480 qua

155 1500 291 1553 nunquam
303 1499 346 1538 mc
359 1485 432 1539 sinas
445 1484 577 1539 excidere.
610 1484 633 1538 Ο
648 1484 724 1540 Deus
737 1484 845 1556 optime,
863 1483 958 1551 potius

155 1555 221 1610 mihi
238 1563 352 1610 mortem
369 1556 489 1626 immitte,
514 1572 594 1623 quam
609 1556 638 1609 in
657 1561 796 1624 peccatum
810 1569 893 1624 greve
912 1569 957 1610 re·

155 1626 210 1682 labi
227 1628 376 1697 permittas.
411 1627 485 1682 Malo
503 1628 580 1697 mori,
598 1643 679 1695 quam
695 1641 817 1696 peccare.
849 1625 960 1688 Adiuro

155 1697 362 1754 imbecillitatem
379 1713 475 1753 meam.

366 1829 403 1878 Β.
426 1829 501 1878 Prot
513 1831 747 1884 contactam.

193 1909 234 1965 Sit
250 1910 308 1980 tibi,
327 1910 449 1980 obsecro,
476 1911 578 1966 meritis
591 1910 695 1966 Beatae
714 1907 958 1978 semperVirg'nis,

157 1981 293 2050 genitricis
310 1989 382 2051 tuae,
400 1982 504 2036 Mariae
524 1989 552 2036 et
569 1981 686 2036 omnium
705 1981 867 2036 Sanctorum'
878 1986 959 2047 mata

157 2057 186 2108 et
212 2060 323 2121 accepta
349 2053 403 2108 ista
429 2051 561 2108 confessio
585 2067 653 2122 mea,
681 2059 710 2107 et
735 2050 863 2120 quidquid
890 2051 958 2106 milri

159 2121 251 2192 defixit,
269 2139 339 2178 nunc
358 2129 386 2177 et
401 2123 468 2179 elias
493 2123 527 2178 de
546 2122 703 2180 sufficientia
727 2121 902 2190 contritionis,
921 2120 957 2177 de

158 2193 275 2263 puritate
294 2200 322 2249 et
338 2194 491 2263 integritate
509 2193 692 2263 confessionis,
718 2194 843 2263 suppleat
866 2193 958 2261 pictus

159 2271 188 2320 et
205 2265 388 2320 misericordia
404 2273 459 2333 tua,
483 2272 511 2320 et
528 2265 673 2321 secandum
690 2265 763 2320 illem
777 2264 895 2332 digneris
912 2278 957 2318 me

157 2335 258 2392 habere
276 2336 381 2404 plenius
395 2344 423 2392 et
436 2336 580 2406 perfectius
595 2337 746 2391 absolutum
757 2337 786 2390 in
799 2335 891 2402 coelo;
910 2333 959 2402 qui

159 2407 228 2463 vivis
247 2415 275 2462 et
291 2423 389 2476 regnas
401 2408 477 2464 Deus
494 2409 522 2462 in
540 2407 649 2462 saccula
667 2407 842 2462 saeculorum.
861 2407 957 2464 Amen.

194 2477 301 2534 Grotius
318 2479 461 2535 immensas
472 2478 522 2534 tibi
536 2495 596 2548 ago,
610 2478 733 2547 Domine,
752 2479 815 2546 quia
833 2475 960 2544 dirupisti

157 2549 265 2605 vincida
282 2564 351 2618 mea,
370 2551 465 2617 quibus
486 2551 598 2604 tenebar
616 2550 644 2604 in
662 2549 800 2604 daemonis
818 2548 958 2618 servitute,
1066 2597 1067 2600 ,

159 2627 188 2676 et
205 2621 269 2689 quia
286 2621 406 2690 eripuisti
424 2621 538 2676 animam
551 2636 636 2674 meam
650 2619 834 2689 apenditione,
845 2631 959 2686 eamque

159 2693 277 2760 pretioso
297 2691 431 2760 Sanguine
452 2700 499 2748 tuo
520 2689 674 2746 mundatam
691 2691 832 2747 restituisti
851 2689 959 2746 divinae

158 2770 222 2818 siae
241 2764 352 2831 gratioe.
362 2791 396 2804 —
407 2763 451 2818 Ad
463 2771 499 2831 te,
514 2779 530 2817 o
545 2763 733 2831 benignissime
746 2763 822 2830 lesu,
835 2767 960 2816 revertor

159 2840 188 2890 et
205 2835 306 2903 gratim
324 2850 384 2904 ago,
403 2833 477 2903 quod
494 2849 512 2888 c
528 2833 685 2890 foedissima
701 2841 873 2903 peccatorum
885 2846 959 2888 moo-
