2130 3242
161 142 203 186 8⁷8
337 146 369 186 De
383 147 574 188 §commentorum
587 147 784 198 administratione.

200 249 244 306 38.
262 249 408 318 Parochuo,
426 256 554 318 quantum
571 249 631 305 fieri
643 256 742 319 potest,
761 256 844 319 curet,
862 265 897 305 ne
915 265 968 320 por

163 319 256 389 laicos,
274 319 322 374 sed
335 336 386 388 per
397 337 435 390 se,
446 321 490 374 vel
503 337 554 390 per
567 322 648 376 alium
662 320 835 390 sacerdotem,
854 321 899 376 vel
913 323 968 378 sal·

163 397 219 446 tem
236 407 286 460 per
303 391 384 446 adum
409 392 537 448 ecclesiae
562 393 711 450 ministrum
728 392 795 448 haec
814 393 874 448 olea
893 392 968 449 defe-

163 469 272 532 rantur3
291 470 386 518 caveat
398 463 470 532 item,
489 480 523 518 ne
538 463 571 520 de
584 465 618 519 iis
633 463 776 533 quidquam
787 464 835 520 ulli
847 481 968 534 unquam

163 533 272 602 tribuat,
291 536 365 589 cuius
383 535 424 590 rei
440 542 592 603 praetexto

200 607 243 659 39.
263 605 317 674 Sel,
336 604 408 672 quod
424 605 453 660 in
475 622 506 662 oo
528 605 681 675 baptizandi
705 605 898 660 immittendum
917 613 969 678 est,

165 676 200 732 ait
212 674 381 732 benedictum
390 693 440 732 oua
452 678 582 746 peculiari
596 677 789 746 benedictione,
807 692 877 745 quae
895 677 969 734 infra

164 748 382 818 prmcribitm31)
406 763 494 816 neque
512 755 603 805 utatur
621 749 677 812 eale
697 749 848 804 exorcizato
866 749 904 804 ad
921 750 969 806 be·

163 817 338 882 nedioondam
352 835 464 888 aquam;
483 820 570 888 sitque
588 820 663 888 prius
681 820 749 874 bene
762 817 969 878 confractumet

164 890 291 958 attritum,
319 890 418 945 siccum
448 907 479 946 ao
506 892 641 946 mundum.
678 890 724 945 Sal
741 892 780 944 ita
796 890 969 947 benedictum

163 962 262 1015 nemini
279 961 409 1030 tradatm,
428 977 515 1032 neque
534 964 615 1018 etiam
631 963 673 1031 iia,
693 962 739 1031 qui
751 961 966 1018 benedicendum

164 1031 309 1100 attulerint,
327 1032 470 1102 reddatm3
504 1033 553 1088 sed
578 1033 613 1090 ad
630 1035 698 1090 alios
716 1032 891 1103 baptizandos
910 1050 968 1092 aer·

163 1109 250 1172 vetur,
268 1110 315 1158 aut
332 1104 360 1156 in
379 1106 525 1158 sacrarium
542 1105 697 1174 alliciam!

200 1175 243 1226 40.
263 1173 330 1226 Cum
347 1175 428 1242 igitur
447 1175 579 1243 Baptiomi
593 1176 793 1230 Sacramentum
810 1176 864 1230 iam
882 1176 967 1232 admi·

163 1243 330 1300 mutiendum
348 1253 397 1314 est,
415 1246 483 1302 haec
502 1247 674 1317 inpromptu
693 1262 752 1302 asse
771 1246 886 1303 debent:

199 1318 243 1374 41.
261 1315 378 1372 Vascula
395 1318 465 1372 sacri
490 1317 543 1372 olei
566 1319 816 1374 catechumenorum
841 1325 870 1374 et
897 1319 967 1374 chni-

163 1387 264 1442 amatia.

198 1461 241 1513 42.
260 1459 404 1514 Vasculum
423 1476 483 1515 cum
501 1461 557 1516 sule
576 1459 767 1530 benedicendo,
793 1459 918 1531 veliam,
936 1466 969 1516 ut

163 1527 262 1584 dictum
281 1539 331 1601 ost,
349 1530 497 1586 benedicto.

198 1603 241 1658 43.
260 1602 412 1674 Vasculum,
432 1618 481 1658 eeu
500 1603 625 1658 cochleas
642 1617 677 1656 ex
695 1608 816 1672 argento,
841 1603 887 1656 vel
913 1603 967 1660 alio

162 1673 271 1728 metallo
289 1674 410 1742 nitidum,
429 1673 464 1728 ad
483 1689 581 1741 aquam
598 1674 728 1742 Baptiomi
745 1673 909 1736 fundendam
920 1690 970 1746 su·¹

162 1759 213 1869 gra
231 1752 318 1871 capitit
329 1744 491 1814 baptizandi,
512 1745 586 1812 quod
602 1745 668 1800 nulli
679 1751 821 1814 praeterea
839 1745 884 1800 alii
902 1745 965 1800 usui

182 1831 306 1870 enervia.

198 1888 242 1940 44.
261 1887 360 1956 Pelvis,
379 1902 427 1942 seu
446 1887 531 1954 bacile
556 1886 591 1942 ad
610 1886 795 1955 excipiendam
813 1903 911 1956 aquam
929 1903 964 1942 ex

164 1957 251 2024 capite
270 1957 440 2028 defluentem,
460 1959 512 2014 nisi
531 1959 620 2013 statim
638 1959 667 2012 in
684 1959 829 2014 sacrmium
857 1957 966 2014 defluat
1049 1971 1050 1992 i

199 2029 242 2080 45.
262 2028 422 2099 Gossipium,
442 2030 495 2084 alio
513 2030 620 2084 nomine
638 2029 813 2098 bombacium,
832 2028 965 2099 seuquid

164 2097 257 2166 aimile,
277 2099 313 2153 ud
331 2101 510 2170 abstergenda
526 2101 588 2156 loca
606 2101 689 2158 sacris
707 2101 774 2156 oleis
791 2101 910 2160 inuncta

199 2170 353 2226 costulae
379 2171 456 2241 duae,
484 2172 531 2226 ubi
557 2171 694 2228 commode
722 2171 816 2228 haberi
841 2177 964 2241 possunt,

163 2255 218 2294 uua
235 2241 356 2298 violacea
375 2251 402 2298 ot
421 2244 507 2297 altera
524 2243 594 2312 alba,
620 2243 659 2313 (ut
683 2241 754 2298 infra
770 2243 889 2314 notatur)
908 2258 964 2297 mu·

163 2311 260 2382 tauda3
279 2315 321 2368 sin
338 2315 433 2383 minus,
452 2331 506 2370 una
524 2315 619 2370 saltem
635 2314 803 2371 adhibeatur.
810 2314 831 2384 ²)

200 2384 243 2436 47.
262 2384 382 2440 Medulla
399 2386 484 2454 panio,
508 2401 562 2453 qua
586 2386 687 2440 inuncti
712 2385 859 2440 sacerdotio
878 2383 964 2454 digiti,

164 2467 224 2506 cum
241 2471 335 2511 manus
354 2457 435 2526 lavat,
450 2457 638 2525 abstergantur
656 2464 684 2512 et
700 2473 749 2512 vas
768 2473 818 2526 pro
836 2471 962 2510 manuum

160 2535 321 2552 Q

178 2566 200 2620 1)
215 2570 268 2619 Pas.
282 2568 331 2610 381.
345 2581 405 2612 uum.
420 2568 440 2614 6.

178 2630 200 2685 ἵ)
215 2635 277 2676 Licet
290 2638 323 2676 uti
337 2638 396 2677 stolo
409 2637 504 2677 lu'coloid
518 2647 546 2676 ox
559 2648 604 2678 una
622 2639 685 2686 parte
702 2637 801 2678 violaceo
815 2637 838 2676 et
852 2648 880 2677 ox
893 2637 964 2678 altera

217 2699 269 2740 alba
282 2701 345 2743 lutto
365 2703 553 2750 opportunitatem
573 2713 602 2742 ox
619 2713 646 2742 eu
666 2705 730 2752 parce
744 2703 884 2752 invertenda,
907 2713 963 2753 quoe

219 2764 313 2804 colorem
337 2767 450 2882 ιπῖοἰαηι
470 2778 484 2808 ι
503 2767 587 2808 Rituall
604 2768 773 2818 oruamentum.
801 2768 830 2820 (8.
845 2769 906 2814 Μ.
925 2767 962 2810 2⁶.

217 2829 283 2870 Mart.
296 2829 358 2872 1859.
