2152 3234
162 167 204 212 48⁰
338 169 371 209 De
384 169 577 210 sacramentorum
592 167 790 210 administratione.

162 270 195 317 11.
209 269 334 316 Formula
347 268 521 316 absolutionis
542 270 569 314 ot
585 267 789 324 dispensatim
806 277 906 323 eorum,
920 266 967 322 qui

162 338 256 394 vigore
271 335 475 392 dispensatim
489 347 506 380 a
519 334 630 380 Dataria
643 333 784 390 obreptitie
797 333 842 380 vel
856 334 966 389 subrop-

162 401 220 448 titia
234 401 355 447 obtentae
370 410 450 455 anper
463 399 569 455 publico
577 399 761 456 impedimento
770 398 966 444 Matrimonium

397 465 516 512 invalide
530 467 727 510 contraxerunt.

197 549 265 604 Post
290 547 485 604 ιὸιοῑιιιιοιιιιι
508 564 528 602 a
552 547 673 602 ceawrs‘s
696 552 721 602 ci
743 547 863 616 peccatis
889 545 967 602 aaut

161 621 358 688 consecrarint:

198 693 312 760 Insuper
329 691 487 745 auctoritate
505 690 662 759 Apostolica
673 729 679 743 .
692 729 698 744 .
711 729 718 743 .
732 689 797 743 mihi
811 687 966 757 specialiter

122 793 123 814 ι
162 761 286 832 delegata
304 761 430 830 dispenso
449 768 537 818 tecum
555 776 637 830 super
656 759 845 828 impedimento
872 775 907 814 ex
924 759 966 813 in·

163 841 289 889 aestuosa
307 833 457 900 cognitione
475 833 503 886 iu
526 833 623 888 litteris
649 830 864 901 dispensationis,
889 831 967 886 cuius

162 906 256 974 vigore
275 904 439 973 unumne,
457 919 512 959 non
525 919 662 972 expressa,
674 903 858 972 proveniente,
876 901 965 957 atde-

163 992 217 1031 uuo
236 975 436 1030 Matrimonium
453 991 514 1030 cum
530 975 578 1029 illa
590 975 748 1029 contrahere
761 979 889 1028 renovato
904 987 967 1032 cou-

164 1062 253 1114 sensu,
272 1052 300 1102 et
314 1061 496 1102 consummare
510 1046 582 1101 acin
596 1061 628 1100 eo
642 1060 781 1100 remanere
792 1044 863 1100 licite
877 1043 968 1114 possis

164 1133 196 1172 ac
214 1117 313 1172 valeas.
348 1116 381 1171 In
397 1118 504 1173 nomine
522 1117 610 1172 Patris
629 1120 647 1184 †
666 1123 717 1174 etc.

199 1187 305 1242 Pariter
322 1186 417 1242 eadem
435 1189 593 1242 auctoritate
611 1187 724 1257 prolem,
742 1187 765 1243 si
783 1201 863 1256 qaam
876 1201 968 1242 susce·

110 1279 114 1286 ·
164 1259 237 1329 peris
255 1265 283 1315 et
301 1267 474 1328 suscepturus
493 1260 538 1328 sis,
556 1258 703 1327 legitimam
722 1273 781 1313 esse
801 1265 828 1313 et
845 1256 904 1313 fore
919 1255 966 1314 de·
1069 1335 1070 1340 η

164 1345 245 1387 cerno
264 1336 292 1385 et
310 1328 427 1388 declaro.
462 1331 495 1384 ln
511 1331 618 1385 nomine
636 1330 724 1386 Patris
742 1332 761 1395 †
780 1335 830 1384 etc.

165 1440 202 1488 it.
222 1440 348 1488 llorninla
359 1439 563 1496 dispensationis
576 1451 626 1496 pro
640 1437 841 1496 consangnineis
855 1437 899 1482 vel
915 1435 969 1482 atli-
1014 1425 1018 1432 '

165 1507 251 1564 nibus,
274 1507 321 1563 qul
336 1508 491 1564 ignorantes
511 1507 624 1564 gradum
644 1506 815 1562 prohibitum,
836 1504 971 1550 listi-lno-

180 1574 253 1622 nium
266 1576 455 1620 contraxerunt
468 1573 693 1629 publicationibus
706 1573 734 1618 in
748 1571 857 1620 eeclesia
871 1571 960 1618 tactis.

201 1653 969 1721 Poadoromafomoconeaeroaesozaaonoma
1070 1604 1071 1630 1

165 1728 286 1782 ceream
303 1732 328 1782 ct
340 1727 462 1795 peccata
480 1725 554 1782 diem
572 1726 766 1793 wofmemias:

201 1799 316 1866 Insuper
333 1798 492 1852 auctoritate
506 1795 664 1866 Apostolica
676 1837 683 1851 .
694 1838 702 1853 .
713 1837 720 1850 .
733 1797 798 1852 mihi
816 1795 971 1864 specialiter

166 1869 291 1938 delegata
314 1868 440 1938 dispenso
465 1875 555 1923 tecum
578 1883 659 1936 super
682 1866 870 1936 impedimento
895 1867 972 1922 tertii
1069 1925 1071 1932 ,

166 1939 266 2009 gradus
284 1938 428 2009 affinitatis,
456 1946 487 1994 ut
509 1940 556 1996 illo
580 1938 777 1994 nonobstante
796 1955 856 1992 cum
873 1944 971 2006 putata

167 2011 288 2078 coniuge,
305 2011 417 2079 praevia
434 2011 609 2066 renovatione
627 2011 725 2079 prioris
739 2024 894 2078 conseram,
908 2009 970 2064 Ma·

166 2082 318 2137 timonium
336 2089 439 2136 secrete
457 2083 527 2137 inter
550 2088 578 2136 te
596 2089 624 2136 et
650 2081 736 2150 ipsam
765 2081 924 2135 contrahere
942 2087 973 2136 et

167 2167 351 2208 consummare
360 2169 392 2209 ac
405 2153 525 2208 debitum
538 2153 677 2222 coniugale
692 2153 800 2221 exigere
814 2160 843 2208 et
854 2151 971 2208 reddere

166 2221 239 2278 licite
257 2223 357 2278 valeas.
392 2225 425 2279 In
442 2225 549 2279 nomine
566 2223 655 2280 Patria
673 2231 724 2279 etc.

202 2295 241 2349 Et
257 2295 359 2364 pariter
378 2294 473 2350 eadem
496 2297 654 2350 auctoritate
677 2295 782 2364 prolem
809 2299 971 2365 susceptam,

168 2365 191 2420 si
210 2365 324 2434 quasit,
351 2372 379 2420 et
399 2365 603 2436 suscipiendam,
621 2365 767 2434 legitimam
785 2371 853 2423 esse'
866 2375 895 2421 et
910 2364 972 2422 iore

168 2435 283 2493 decerno
301 2443 330 2492 et
348 2436 463 2493 declaro.
499 2439 531 2492 In
548 2437 654 2492 nomine
672 2437 761 2492 Patris
779 2439 798 2506 †
815 2443 866 2492 etc.

167 2538 205 2586 ιιι.
218 2539 343 2590 Pormnla
356 2541 525 2597 ιιιιιιιιιιιιιιι
534 2553 592 2590 orm
600 2542 642 2600 lis,
656 2543 703 2597 qni
715 2543 887 2600 praecedento
896 2540 972 2588 adnl-

168 2606 237 2654 terio
250 2610 278 2654 at
289 2608 340 2654 lida
355 2609 418 2654 data
431 2608 625 2656 Matrimonium
639 2610 796 2656 eontrabore
810 2609 972 2656 desiderant.

204 2690 380 2745 Αὸιοῑιιὲιιι
396 2705 416 2744 a
432 2693 552 2746 ιιιιιιιιιι
569 2697 595 2748 et
607 2693 729 2760 peccatis
741 2692 772 2746 ia
782 2692 876 2760 sonno
888 2691 972 2747 actito

169 2759 238 2815 daia
254 2761 329 2815 dicat
346 2762 545 2828 omiseramus:

204 2831 319 2900 Insuper
335 2832 494 2888 ιιιιιιοιιιιω
506 2832 665 2903 Apostolica
678 2874 685 2889 .
696 2873 722 2894 ..
736 2833 802 2890 mibi
816 2833 971 2904 specialiter
