2124 3230
170 185 212 230 fid
338 189 370 230 lle
384 188 534 229 celebratione
547 187 584 232 88.
597 188 679 229 illesas
692 188 802 230 uerlllcll.

168 291 324 362 Dominicis,
342 292 371 346 in
388 291 465 348 iestis
478 293 501 348 Ι.
516 298 543 346 et
556 291 590 346 11.
609 291 711 359 classis,
730 289 801 346 ieris
817 299 918 359 quarta
933 291 970 346 ci·

168 379 271 433 uerum,
295 361 465 418 hebdomada
487 371 587 432 sancta
610 361 709 431 vigiliis
733 363 889 418 Natiuitatis
913 363 970 418 Do·

168 436 233 490 mini
252 443 280 489 et
296 435 471 490 Pentecostes
485 441 513 489 et
529 434 599 488 infra
617 442 727 489 octavas
739 433 896 489 Nativitatis
913 434 970 489 Ilo-

168 506 437 632 minififflpiphmae'
454 505 604 576 Paschatis,
627 506 802 560 Pentecostes
820 512 848 560 et
866 505 970 574 (iaspo-

167 578 206 633 ris
281 578 333 635 'sti
794 601 796 608 ·

203 651 230 705 4.
268 648 335 703 Cum
351 648 466 716 primum
483 647 613 715 accipitur
629 647 738 702 nuntius
766 645 800 701 de
825 645 902 701 obitu
920 647 969 701 ali·

169 720 245 774 cuius
262 719 291 773 in
307 719 368 774 loco
386 718 488 788 dissito,
515 717 601 774 Missa
625 718 659 773 de
677 718 798 786 requiem
815 718 903 785 primo
923 717 969 772 die

96 807 99 824 ·
168 806 224 845 nou
240 789 377 859 impedito,
402 790 453 846 etsi
478 796 602 845 occurrat
623 788 721 844 festum
746 788 865 857 duplicis*
884 790 969 844 maio·

167 862 206 916 ris
223 862 269 914 vel
285 861 395 916 macris
411 862 488 932 ritus,
512 877 567 916 non
589 867 680 916 amen
707 860 740 915 de
765 866 912 928 praecepto
940 861 969 914 in

168 931 228 987 foro
247 931 403 1000 feriandum,
421 932 531 1000 insuper
549 947 655 1000 quoque
682 931 710 986 in
734 931 826 1000 vigida
842 931 966 1000 Epipha-

167 1003 239 1071 niae,
263 1003 369 1057 minime
394 1017 460 1058 vero
477 1003 547 1058 inira
565 1009 674 1058 octavas
692 1002 884 1071 privilegiatae,
903 1018 968 1057 ean·

166 1075 226 1128 tari
241 1080 340 1141 potest.
375 1073 451 1128 Haec
474 1075 561 1130 Missa
583 1089 637 1128 non
664 1081 755 1142 potest
771 1072 913 1128 transferri
931 1072 968 1128 sd

167 1144 293 1214 uiduam,
311 1142 360 1200 sed
378 1145 533 1213 adprimam
542 1145 613 1200 diem
629 1161 684 1200 uon
700 1144 870 1214 impeditam
888 1145 970 1199 aliter

165 1213 293 1283 eligenda
310 1224 383 1271 esset
400 1215 457 1271 dies
475 1216 649 1284 semiduplex.
669 1215 709 1283 (S.
727 1217 763 1270 R.
783 1216 812 1270 0.
830 1220 873 1270 19.
892 1215 966 1284 Sept.

167 1289 256 1353 1654,
274 1291 300 1342 4.
317 1287 393 1342 Maii
408 1289 487 1342 1686.
506 1294 534 1342 et
544 1291 596 1345 ⁸27.
613 1287 700 1342 Mart.
720 1289 808 1354 1779.)

205 1359 230 1411 d.
249 1358 316 1412 Cum
332 1359 361 1412 in
374 1359 508 1426 exsequiis
521 1373 670 1427 pauperum
689 1358 798 1426 saepius
820 1358 967 1427 contingat,

168 1435 199 1483 ut
216 1443 349 1498 expensas
367 1430 467 1485 Missae
485 1437 607 1484 cantatae
622 1429 764 1484 arubricis
778 1429 966 1498 expostulatae

168 1499 287 1566 (Missae
299 1501 427 1570 pacatae
445 1501 478 1556 de
494 1501 612 1569 requiem
630 1502 711 1555 etiam
726 1505 870 1569 praesente
883 1499 968 1554 eada-

167 1587 228 1626 cere
253 1578 388 1640 nequeant
412 1572 469 1628 dici
492 1572 593 1640 diebus,
621 1572 718 1640 weles
741 1573 821 1626 laeta
842 1571 969 1626 maneas

166 1642 324 1698 huiusmodi
340 1643 481 1698 celebratio
497 1642 652 1712 impeditae,
679 1643 708 1698 S.
726 1642 761 1698 R.
782 1642 810 1698 0.
828 1645 874 1696 23.
891 1643 970 1696 Maii
1050 1705 1051 1710 ἵ

167 1717 258 1782 1835.)
269 1715 375 1770 solvere
385 1723 528 1782 nequeant,
545 1731 595 1782 pro
605 1713 657 1768 hoe
666 1730 731 1769 casu
740 1713 872 1770 toleratur
880 1713 968 1770 Missa

166 1785 274 1852 privata
296 1785 330 1840 de
354 1786 485 1854 Requiem
511 1784 554 1839 die
583 1784 766 1853 depositionis,
784 1781 893 1852 quando
911 1800 967 1839 non

168 1862 210 1910 est
226 1855 325 1911 festum
342 1857 445 1924 primae
463 1856 508 1910 vel
522 1851 654 1910 secundae
668 1856 770 1924 classis,
788 1871 878 1923 neque
895 1854 969 1910 inira

166 1933 277 1982 octavas
294 1927 485 1996 privilegiatae,
512 1941 600 1996 neque
618 1927 766 1996 Dominica,
793 1941 882 1994 neque
908 1926 967 1982 dies

165 1994 264 2052 festum
282 1997 382 2068 duplex
400 1998 553 2054 excludens.
574 1997 615 2064 (S.
634 1999 669 2054 R.
689 1997 717 2053 0.
737 1997 966 2065 semestrem.)

202 2069 228 2120 6.
265 2067 356 2122 Messa
369 2071 399 2122 ia
414 2070 557 2136 distortio,
571 2070 683 2138 septimo
693 2075 721 2123 et
732 2069 877 2139 impssione,
892 2084 909 2123 a
922 2068 968 2122 die

170 2136 258 2193 obitus
281 2139 327 2192 vel
354 2141 509 2209 sepulturae
534 2139 713 2210 numerando,
742 2141 851 2194 cantari
876 2147 970 2208 potest

169 2208 276 2276 quando
295 2209 373 2265 iniis
392 2211 507 2265 occurrit
525 2210 623 2280 duplex
641 2211 727 2266 maius
746 2210 790 2265 vel
807 2211 895 2266 minus
912 2227 969 2265 uon

169 2277 303 2334 feriatum.
324 2279 363 2347 (S.
373 2281 408 2336 R.
420 2281 449 2339 0.
458 2285 502 2336 23.
516 2283 589 2352 Aap,
606 2283 696 2350 1766.)
707 2283 727 2350 ¹)
746 2281 909 2336 Prohibetur
918 2283 968 2336 ita·

172 2365 224 2418 que
241 2351 332 2405 Messa
350 2351 383 2406 de
401 2353 445 2408 die
463 2354 540 2407 testeo
560 2361 610 2411 etc.
634 2353 663 2406 in
679 2351 827 2408 Dominicis
846 2359 874 2409 et
891 2351 970 2408 iestis

169 2421 198 2474 in
216 2420 275 2476 foro
294 2421 404 2492 feriatis,
423 2423 451 2477 in
468 2423 544 2478 iestis
557 2423 707 2492 duplicibus
723 2424 745 2478 I.
765 2430 792 2479 et
809 2424 845 2478 Π.
864 2423 969 2493 classis,

169 2489 240 2546 inira
257 2499 366 2548 octavas
383 2493 575 2563 privilegiatae,
593 2510 696 2550 necnon
713 2495 742 2548 iu
759 2493 883 2550 ieriaIV.
897 2495 969 2550 cine·

134 2599 138 2608 ·
168 2579 236 2631 rum,
260 2579 310 2631 per
328 2571 411 2618 totam
429 2564 625 2621 hebdomadam
642 2573 761 2622 sanctam
779 2573 807 2622 et
823 2567 853 2620 in
870 2566 971 2634 vigiliis
1049 2573 1051 2628 l

166 2632 322 2689 Natiuitatis
340 2642 368 2690 et
384 2636 566 2692 Pentecostes.
1050 2641 1051 2680 3

182 2757 202 2813 ¹)
217 2762 263 2801 Nec
277 2771 332 2810 opus
346 2763 388 2811 set,
401 2764 427 2802 ut
440 2762 555 2803 defunctus
570 2763 602 2804 sie
616 2763 759 2814 ordinaverit,
781 2766 821 2806 ted
835 2763 919 2804 sufficit
932 2773 970 2802 vo·

223 2813 299 2853 luntas
318 2815 542 2864 consanguineorum,
565 2817 686 2858 amleorum
704 2818 738 2858 vel
760 2818 887 2859 testamenti
908 2828 970 2858 exse-

224 2869 329 2913 cutorum.
358 2869 386 2919 (8.
400 2869 425 2914 B.
440 2868 461 2912 0.
475 2867 512 2912 82.
527 2869 591 2910 Mart.
606 2869 676 2920 1882.)
