2128 3228
365 195 486 235 reomau
501 157 643 236 memoriane„
688 175 695 188 ’
864 191 904 237 ue

102 293 177 365 velit,
202 291 336 349 licentiam
361 310 378 348 a
401 295 495 364 Nobis,
521 301 567 350 aut
591 311 608 350 a
633 292 660 350 S.
678 296 781 351 Excell.
801 297 904 354 Nostro

102 365 310 422 Viae-Gerente
338 367 418 420 etiem
446 381 507 435 pro·
526 365 645 422 ecclesiis
672 368 847 438 regularium,
876 375 904 425 et

104 437 353 506 quomodocumque
366 438 542 506 privilegiatis
560 444 654 506 petere
673 438 788 507 debebit,
809 447 835 493 et
848 455 903 495 non

103 508 184 563 modo
217 509 245 562 in
272 509 439 576 expositione
463 508 512 562 XL
530 510 670 579 horarum,
699 509 747 564 sed
771 510 851 564 etiem
874 511 903 564 in

104 580 224 648 quelibet
251 580 433 649 expositione3
462 595 531 648 quae
557 581 665 636 licentia
687 580 746 634 dari
771 580 852 636 debet
873 581 903 635 iu

13 701 14 708 ,
104 651 218 718 scupus
250 650 457 706 Praedicaturus
471 658 560 706 autem
578 651 713 706 inordina
733 651 827 707 saltem
846 651 902 706 dia·

104 722 191 777 conali
209 722 269 791 crit,
289 729 370 790 atque
383 722 577 791 superpelliceo
591 722 708 792 indutus,
727 723 848 791 quamvls
860 737 903 777 re·

104 793 205 862 malens
219 793 261 863 sit,
275 792 323 848 sed
336 794 473 849 sinestola
482 794 578 863 capite,
593 793 770 863 discooperto,
784 794 803 864 ¹)
817 809 902 863 prope

104 863 197 932 altare,
215 864 243 917 in
262 880 315 932 quo
329 865 448 920 esmum.
462 872 552 920 menet
570 866 728 934 expositum,
748 871 827 932 atque
843 871 902 919 ten·

104 935 165 990 dem
182 936 211 988 iu
229 951 261 990 eo
281 936 341 1005 situ,
365 943 394 990 ut
413 937 549 992 auditores
567 953 621 991 uon
640 936 755 990 adducat
774 935 808 990 ad
827 942 902 992 actus

102 1006 303 1073 irreverentiae,
322 1007 502 1062 convertendo
515 1015 593 1076 terge
609 1006 644 1062 ad
658 1007 865 1062 Sacramentum.

139 1077 265 1131 XXXIII.
289 1077 436 1148 Ecclesiae,
462 1079 491 1132 in
509 1079 605 1146 quibus
623 1079 769 1134 instituitur
786 1079 835 1132 XL
854 1079 903 1132 ho·

103 1161 195 1202 rarum
208 1149 302 1218 oratio,
321 1163 434 1216 vespere
448 1149 534 1204 donec
548 1149 633 1204 aderit
646 1151 762 1220 populus
776 1148 811 1203 ed
825 1165 902 1204 cran-

105 1218 176 1287 dum,
196 1225 305 1286 apertae
323 1233 431 1273 munere
446 1220 596 1289 debebunt3
611 1221 735 1288 quonlam
748 1228 838 1275 tamen
851 1221 905 1274 hac

103 1290 133 1344 in
145 1303 177 1344 re
191 1290 280 1357 eliqua
292 1289 477 1345 determinatio
494 1291 577 1345 horae
597 1285 709 1346 siabiliri
727 1293 827 1361 nequit,
845 1299 902 1346 tum

105 1359 140 1414 cb
160 1360 331 1414 ecclesiarum
349 1361 443 1430 situm,
471 1367 527 1415 tum
553 1361 586 1416 ob
610 1369 760 1430 temporum
777 1363 902 1417 mutatic-

105 1443 177 1499 nem,
195 1430 256 1485 ideo
276 1431 346 1484 circa
358 1432 453 1485 horam
466 1433 572 1486 tertiam
585 1440 648 1500 post
662 1433 834 1488 Salutationis
848 1433 903 1488 An·

104 1500 207 1570 gelicee
233 1502 336 1570 sIgnum
362 1503 478 1572 aestivo,
509 1509 536 1557 et
561 1503 631 1558 circa
654 1504 772 1570 quintam
796 1503 904 1558 hiemali

103 1579 227 1640 tempore
262 1572 349 1626 claudi
384 1579 519 1642 poterunt.
561 1573 762 1638 Advertendum
792 1575 904 1643 Interea,

156 1744 212 1783 redii
227 1743 255 1783 ed
269 1743 342 1784 sedem
355 1743 378 1783 in
392 1743 471 1792 choro,
490 1743 525 1782 vel
539 1744 567 1784 ad
583 1745 665 1793 modus
680 1744 757 1783 alteris
772 1744 799 1783 ad
814 1745 904 1783 centen-

157 1809 207 1848 dem
222 1809 354 1851 Orationem.
379 1809 436 1858 (Gir.
451 1808 510 1848 Man.
526 1809 658 1853 ecclesiastic,
673 1821 726 1851 aum.
742 1807 801 1857 568.)
817 1829 840 1838 -
855 1809 903 1850 reon

155 1873 311 1914 thurificentur
326 1873 437 1923 (exposlto
451 1873 487 1914 ss.
502 1873 608 1926 Sacram.)
623 1874 667 1914 alle
679 1884 749 1924 perse
763 1875 850 1923 altario,
864 1883 905 1914 nec

156 1941 270 1988 lmsglnes.
294 1950 332 1980 seu
347 1941 434 1980 statuae
448 1939 584 1984 stnotomm.
612 1941 684 1990 (naor.
699 1941 718 1984 fl.
733 1941 757 1983 Β.
772 1941 794 1980 0.
815 1939 834 1984 7.
848 1941 906 1980 Mete

155 2003 226 2056 1716.)
249 2005 310 2045 Unus
324 2007 358 2044 est
373 2016 444 2052 emus.
458 2005 482 2046 iu
491 2016 534 2054 quo
545 2005 650 2046 Offlclans
660 2007 825 2056 praetorianum
834 2006 904 2046 altare

155 2071 216 2111 allud
238 2070 352 2110 Incensura
372 2072 452 2120 potest,
476 2071 567 2116 sedicet.
588 2071 676 2120 qnando
697 2071 719 2109 ln
741 2069 815 2119 aliquo
834 2071 901 2110 altari

158 2147 227 2188 parvo
242 2137 359 2186 exponitur
372 2137 465 2185 reliquia
480 2137 573 2177 ellcuirrs
588 2135 670 2185 Sancti,
685 2147 741 2186 quae
754 2137 777 2176 ln
787 2137 821 2176 dle
831 2137 918 2176 obitus

109 2255 111 2260 ,
157 2203 227 2253 lpslus
244 2202 335 2251 speciali
353 2202 414 2242 cultu
432 2201 562 2250 honoratur,
583 2205 638 2241 tnnc
650 2202 766 2242 lnceneeto
779 2201 857 2251 elteri,
880 2202 904 2241 lu

90 2261 95 2270 '
156 2280 200 2318 quo
216 2271 251 2309 est
264 2269 303 2310 SS.
318 2266 494 2316 Sacramentum,
515 2268 549 2307 vel
564 2270 665 2317 patenter
680 2269 810 2317 expositum,
833 2267 869 2307 vel
882 2268 905 2308 iu

156 2335 300 2376 tabem-culo
313 2335 457 2383 recondltum,
471 2335 589 2383 procedere
600 2337 675 2384 potest
688 2336 717 2374 ad
731 2336 813 2375 dIctum
826 2336 904 2386 altare,

158 2403 181 2440 et
193 2401 247 2440 illud
261 2401 381 2442 incensare.
409 2400 437 2440 In
455 2399 558 2448 Vesperls
579 2400 713 2440 solemnibus
731 2401 786 2450 (non
805 2401 904 2450 exposlto

156 2463 350 2516 SS.Secrementc)
366 2467 453 2514 praeter
466 2466 537 2505 altere
552 2465 648 2514 chorele,
661 2464 700 2504 ubl
714 2465 749 2505 SS.
764 2475 809 2504 non
822 2465 905 2514 sxlstlt,

158 2529 281 2570 thurificari
295 2531 359 2570 debet
373 2530 443 2570 altere
463 2529 574 2579 ecclesIee,
595 2530 618 2570 ln
632 2539 676 2578 qno
690 2529 725 2572 SS.
740 2529 905 2570 Sacramentum

159 2596 290 2635 damnetur.
319 2595 348 2641 (s.
363 2595 389 2636 B.
405 2594 424 2640 0,
440 2593 477 2638 28.
492 2594 557 2634 Most.
572 2593 643 2643 ieta)

120 2655 142 2705 ι)
156 2657 273 2718 Nunquam
286 2658 338 2698 licet
354 2668 429 2698 eoram
439 2656 509 2698 astro.
525 2659 651 2698 concionari
665 2661 716 2697 tecto
729 2659 804 2708 cupae,
818 2659 905 2698 etiamsi

158 2720 196 2766 88.
212 2721 376 2764 decrementum
388 2723 438 2763 velo
458 2724 528 2764 serico
543 2725 662 2765 obductum
677 2723 743 2764 fuerit
757 2723 786 2774 (S.
798 2725 823 2764 R.
835 2723 856 2766 0.
865 2723 903 2765 22.

159 2786 215 2836 sept.
226 2785 307 2836 1837.);
321 2788 395 2830 velum
408 2789 526 2828 cathedrae
540 2789 604 2831 debet
617 2799 666 2830 esse
680 2788 759 2828 colorls
774 2789 827 2830 slbl.
842 2787 870 2838 (8.
880 2789 905 2833 li.
946 2833 950 2843 Κ

158 2852 181 2893 0.
196 2851 216 2892 9.
232 2853 302 2903 April.
316 2853 387 2906 1808.)
