2108 3226
164 176 205 222 11⁶
358 182 484 223 datiarum
497 183 595 224 cotiones
608 184 659 234 post
672 184 769 227 Miscent.

347 304 447 358 verine
465 304 616 371 oratiarum
635 304 774 384 ¹actiones.

209 408 318 454 mm
332 412 508 464 nacturum
524 413 615 454 acuo.
643 411 686 460 (lix
698 411 785 452 Misssli
798 410 912 460 Romano.)

197 481 326 543 Antiph.
336 478 429 532 Trium
436 494 580 546 puerorum
589 487 724 536 cantemus
733 481 867 552 hymnum,
875 497 956 550 quem

161 548 304 605 cantabant
318 549 408 604 Sancti
429 550 457 604 in
477 551 579 618 comino
599 551 668 620 ignis
686 552 874 609 benedicentes
898 554 957 609 Do·

160 622 268 676 minum.
305 619 448 690 (Alleluia.)

215 710 286 762 (Ques
299 711 426 759 Antiphone
439 711 502 752 festis
518 711 642 762 duplicibus
654 715 743 754 tentum
758 712 899 762 duplicetur.)

197 784 361 835 canticum
378 783 475 833 trium
493 797 669 846 puerorum.
693 783 848 838 Benedicite
867 783 958 838 omnia

161 867 245 921 opere
265 851 373 906 Domini
390 851 519 908 Domino:
538 855 551 880 *
568 853 676 910 laudate
703 862 732 910 et
755 854 957 924 superexaltate

6 981 8 988 ,
74 929 76 934 ’
161 938 223 978 eum
239 923 267 975 in
285 922 400 977 saecule.

195 992 350 1048 Benedicite
367 993 464 1062 Angeli
481 995 589 1050 Domini
607 996 739 1052 Domino:
766 999 779 1024 *
806 995 959 1050 benedicite

161 1065 229 1120 coeli
248 1064 372 1118 Domino.

195 1134 350 1189 Benedicite
368 1149 454 1202 equae
473 1151 573 1206 omnes,
593 1153 661 1205 quae
680 1153 762 1206 super
777 1138 867 1192 coelos
885 1143 958 1208 sunt,

160 1206 292 1290 Domino:
310 1205 490 1262 *benedicite
514 1224 606 1264 omnes
630 1210 743 1266 virtutes
767 1209 876 1264 Domini
900 1209 957 1264 Do-

159 1293 240 1332 mmo.

194 1347 349 1403 Benedicite
367 1350 408 1404 sol
426 1355 454 1403 et
466 1349 530 1404 luna
543 1350 676 1406 Domino:
695 1354 708 1379 *
725 1350 875 1406 benedicite
893 1351 958 1406 stel-

159 1420 203 1474 lae
222 1419 290 1474 coeli
306 1419 430 1475 Domino.

196 1489 350 1546 Benedicite
369 1491 454 1546 omnis
471 1492 557 1546 imber
579 1499 607 1548 et
631 1509 677 1548 ros
694 1493 826 1548 Domino:
845 1495 857 1520 *
875 1493 957 1548 bene·

160 1561 240 1617 dicite
258 1577 349 1617 omnes
367 1563 476 1630 spiritus
493 1564 546 1618 Dei
564 1564 689 1619 Domino.

195 1633 349 1689 Benedicite
374 1635 444 1702 ignis
472 1642 499 1689 et
517 1643 608 1692 aestus
625 1635 755 1690 Domino:
774 1634 955 1691 *benedicite

159 1704 244 1773 frigus
262 1711 289 1759 et
307 1710 397 1760 aestus
414 1706 539 1760 Domino.

194 1776 349 1831 Benedicite
366 1792 443 1832 rores
461 1783 489 1832 et
510 1778 607 1845 pruine
623 1777 757 1834 Domino:
776 1780 788 1805 *
806 1777 958 1833 benedicite

159 1847 222 1914 gelu
242 1853 270 1902 et
287 1847 371 1915 digus
388 1848 513 1905 Domino.
595 1911 597 1918 Ι

194 1917 349 1972 Benedicite
371 1919 471 1986 glacies
489 1925 516 1974 et
537 1919 613 1974 nives
631 1920 758 1975 Domino:
776 1918 960 1974 *benedicite

158 1994 252 2043 noctes
271 1995 298 2042 et
316 1988 373 2044 dies
391 1990 515 2050 Domino.

194 2058 348 2114 Benedicite
366 2061 413 2113 lux
429 2067 456 2114 et
475 2060 602 2116 tenebrae
625 2060 756 2116 Domino:
775 2063 788 2088 ¹*
805 2061 958 2117 benedicite

156 2128 264 2196 fiilguru
281 2137 309 2184 et
325 2131 411 2185 nubes
428 2131 552 2185 Domino.

191 2200 337 2256 Benedicat
354 2208 428 2255 terre
440 2203 598 2258 Dominum:
618 2205 631 2230 ¹*
648 2203 741 2258 laudet
758 2209 786 2259 et
802 2204 958 2273 superexel-

156 2277 196 2326 tet
214 2287 275 2326 eum
292 2273 320 2326 in
338 2274 453 2327 saecule.

191 2343 347 2398 Benedicite
364 2352 469 2398 montes
489 2351 517 2399 et
532 2345 613 2400 colles
625 2344 756 2400 Domino:
775 2348 788 2373 ¹*
805 2345 959 2401 benedicite

156 2414 283 2470 universe
300 2415 474 2482 germinantis
492 2416 520 2469 in
535 2423 609 2470 terre
626 2416 751 2471 Domino.

191 2485 346 2540 Benedicite
364 2485 452 2541 fontes
470 2486 601 2542 Domino:
621 2488 634 2513 *
651 2486 803 2543 benedicite
825 2487 912 2542 menie
929 2493 959 2542 et

155 2554 265 2611 flum‘ma
281 2557 405 2612 Domino.

191 2627 345 2683 Benedicite
360 2636 418 2683 cete
433 2634 460 2682 et
473 2628 569 2698 omnis,
590 2643 659 2696 quoe
673 2635 816 2684 moventur
828 2630 857 2684 in
871 2629 958 2700 equis,

155 2697 286 2755 Domino:
307 2702 319 2726 “
337 2699 486 2754 benedicite
500 2715 591 2755 omnes
605 2701 728 2755 volucres
742 2701 811 2755 coeli
831 2701 954 2755 Domino.

191 2769 346 2826 Benedicite
361 2786 452 2826 omnes
463 2772 566 2826 bestiee
584 2779 612 2826 et
624 2787 723 2840 pecore
736 2772 868 2827 Domino:
883 2775 896 2800 ⁸
909 2772 957 2827 be·

155 2840 271 2897 nedicite
290 2842 338 2897 filii
355 2842 491 2897 hominum
510 2842 634 2898 Domino.
