2108 3226
307 197 382 238 Prima
395 198 539 252 praeparatio
551 199 579 238 ad
593 199 694 240 hllsmm.
877 195 904 242 81

101 299 169 370 ditis,
196 301 357 369 parentibus
374 302 452 371 meis,
479 299 703 369 benefactoribus,
723 301 819 369 quibus
839 319 904 372 quo·

101 387 213 439 cumque
234 371 316 427 modo
332 372 445 440 obligor,
463 373 638 428 morientibus
655 379 683 426 et
695 374 830 430 morituris
852 375 904 431 illis

100 450 126 498 et
142 443 204 498 istis
289 442 423 499 defimctis
442 445 522 498 etiam
540 445 599 499 istis
617 444 662 497 rel
679 444 732 499 illis
747 485 753 498 .
766 485 790 498 ..
837 491 841 498 .

132 514 241 568 Eodem
252 514 334 568 modo
348 513 435 570 offero
454 516 507 570 hoc
526 515 684 570 sacrificium
702 514 738 569 ad
757 513 864 569 laudem
877 521 905 571 et

100 585 214 653 gloriam
226 585 311 640 totius
328 585 418 640 curiae
432 587 630 655 triumphantis,
650 592 733 653 utque
746 585 905 641 Sanctorum

100 657 214 712 virtutes
230 663 258 710 et
277 657 375 711 merita
391 658 477 726 magis
489 659 627 726 magisque
639 658 809 712 innotescant
819 657 905 712 viato-

99 727 182 796 ribus,
201 728 286 794 hique
305 729 473 783 aemulentur
490 729 651 784 charismata
663 729 784 783 meliora.
813 727 905 784 Offero

99 814 150 866 pro
169 799 286 853 ecclesie
303 799 449 869 militante,
476 808 508 854 ut
525 801 606 856 ‚Iesus
633 800 755 856 Christus
780 799 906 868 dignetur

100 869 223 924 eamdem
238 867 390 939 pacificare,
405 871 548 940 custodire,
564 871 691 938 adunare,
704 885 799 940 regere
810 879 838 926 et
850 887 905 925 am·

99 941 195 1008 pliare,
217 941 373 996 iracundiae
386 957 451 997 suae
467 941 576 1011 flagella
595 943 628 997 ab
643 942 736 996 eadem
748 957 904 1012 removere3

100 1012 258 1068 sacerdotes
273 1011 440 1068 sanctificare
459 1021 487 1068 et
499 1015 629 1082 ipsosmet
647 1014 763 1069 hostiam
784 1020 904 1070 sanctam

100 1082 247 1138 offerentes
260 1083 289 1136 in
308 1083 466 1138 sacrificium
480 1091 508 1140 et
520 1086 653 1140 victimam
667 1093 815 1155 acceptare,
830 1085 904 1140 dom·

99 1170 163 1208 oum
181 1154 378 1223 Apostolicum,
402 1156 562 1225 Episcopos,
588 1171 732 1224 omnesque
757 1158 904 1212 animarum

100 1233 223 1281 rectores
244 1225 348 1280 iustitia
367 1226 486 1296 induere,
504 1235 535 1282 ut
553 1227 676 1295 exemplo
696 1228 773 1281 simul
790 1227 905 1282 doceant

101 1304 128 1352 et
145 1297 249 1364 verbo,
268 1295 362 1352 domos
376 1298 444 1367 illas,
462 1298 601 1366 inquibus
617 1299 689 1352 vitae
704 1299 833 1354 clericalis
844 1298 905 1353 fun-

101 1367 230 1422 damenta
247 1376 392 1437 ponuntur,
418 1370 621 1424 clementissime
639 1376 790 1438 protegere,
808 1383 904 1439 regere

102 1443 134 1494 et'
156 1453 335 1509 conservare,
361 1440 534 1509 alumnosque
560 1440 704 1494 earundem
728 1442 860 1508 sapientia
877 1447 906 1495 et

101 1511 190 1579 gratia
207 1509 324 1579 replere,
349 1517 380 1564 ut
398 1512 539 1580 omnigena
564 1513 662 1566 virtute
682 1518 710 1565 et
727 1511 849 1566 doctrina
865 1511 904 1564 iu-

102 1582 207 1650 structi,
226 1581 311 1648 magis
325 1582 463 1650 magisque
477 1583 513 1636 ad
526 1583 654 1637 maiorem
670 1583 785 1637 nominis
796 1583 837 1637 tui
848 1582 904 1649 glo·

100 1653 169 1707 riam
187 1659 217 1706 et
235 1653 364 1707 ecclesiae
382 1660 445 1707 tuae
464 1661 573 1708 sanetae
596 1653 808 1708 aedificationem
824 1651 905 1720 profi·

101 1725 189 1792 ciant;
207 1724 374 1792 principibus
400 1725 550 1780 christianis
577 1739 672 1794 pacem
691 1731 719 1778 et
737 1722 905 1778 concordiam

101 1794 213 1863 donare,
229 1809 375 1862 eorumque
388 1797 508 1864 regimen
521 1796 645 1865 dirigere,
667 1794 797 1864 infideles,
811 1795 905 1849 haere·

101 1867 179 1934 deos,
200 1865 386 1920 schismaticos
400 1874 428 1921 ct
441 1867 683 1922 excommunicatos
706 1867 807 1934 gremio
822 1866 905 1920 eccle·

101 1939 158 1992 siae
178 1952 334 2006 aggregare,
357 1946 514 2006 peccatores
531 1946 696 2006 convertere,
714 1939 800 1993 iustos
818 1937 906 1992 adhuc

102 2006 249 2064 iustificare
268 2016 295 2063 et
312 2010 341 2062 in
355 2017 466 2077 accepta
478 2009 581 2064 iustitia
594 2008 760 2078 confirmare,
779 2015 905 2077 aegrotos

102 2087 149 2135 aut
168 2079 299 2134 ecclesiae
317 2080 408 2134 salvos
434 2087 461 2134 et
486 2081 632 2135 incolumes
649 2079 778 2149 reddere,
805 2078 906 2134 autad
994 2095 996 2100 ’

102 2157 223 2206 sanctam
241 2157 355 2206 mortem
373 2151 516 2220 disponere
535 2159 563 2206 et
580 2166 751 2220 praeparare,
770 2151 905 2206 morienti·

102 2221 153 2277 bus
167 2220 268 2276 donum
278 2221 367 2276 finalis
381 2223 599 2290 perseverantiae
612 2222 759 2290 indulgere,
779 2223 807 2275 in
820 2222 905 2276 uteris

101 2293 231 2347 maternis
249 2293 427 2348 existentibus
444 2293 611 2361 Baptismum
628 2294 727 2363 largiri,
753 2295 782 2346 in
794 2293 905 2347 tribula·

102 2364 175 2420 tione
194 2371 223 2418 et
240 2379 408 2431 quacumque
426 2365 587 2420 necessitate
611 2365 761 2420 constitutis
780 2364 905 2419 solatium

103 2443 130 2490 et
147 2435 277 2490 auxilium
294 2435 435 2503 impertiri,
455 2442 483 2490 et
500 2451 591 2490 omnes
610 2435 716 2490 demum
735 2436 806 2490 omui
823 2435 905 2488 bene·

104 2505 218 2561 dictione
237 2513 265 2561 et
282 2507 372 2574 gratia
389 2507 504 2574 replere.
542 2507 704 2562 Commendo
722 2507 771 2560 tibi
787 2505 905 2572 tandem,

104 2593 119 2632 o
136 2584 217 2646 pater
233 2577 493 2646 misericordiarum,
519 2579 620 2634 ammas
637 2579 666 2631 in
683 2577 839 2646 purgatorio
859 2575 905 2630 de·

103 2655 198 2718 tentas,
226 2656 259 2703 ut
275 2647 386 2704 infinitis
404 2649 472 2704 lesu
490 2649 606 2718 Christi,
633 2649 696 2702 Filii
713 2649 767 2716 tui,
794 2647 905 2716 meritis,

104 2735 172 2788 quae
190 2719 241 2775 tibi
258 2734 309 2787 pro
329 2735 423 2774 earum
440 2718 579 2788 refrigerio
593 2728 622 2774 et
638 2719 797 2773 liberatione
812 2716 905 2786 offero,

103 2791 302 2919 indulgetntiam,
323 2807 404 2859 quam
423 2806 529 2860 semper
546 2797 648 2860 optant,
667 2789 825 2857 quantocius
844 2802 905 2840 con·

105 2877 203 2931 sequan
215 2879 257 2918 ur.
439 2885 445 2896 ·

765 2945 800 2995 3*
