2128 3228
152 189 185 229 De
198 188 350 230 functionibus
363 189 387 230 ln
400 187 458 230 {estc
471 189 634 230 Purificatlonls
646 191 672 230 B.
686 190 716 231 M.
730 188 757 229 V.
771 191 812 234 etc.
847 185 887 232 tat

86 292 115 362 2)
133 289 262 359 Amictos
286 289 355 359 alba,
374 289 514 360 cinmnm,
533 290 610 360 stola,
636 296 663 345 et
679 291 796 360 pluviale
814 291 885 348 colo·

89 363 126 418 ris
144 361 258 445 violacei
280 377 331 430 pro
349 360 509 416 celebrante.
528 361 554 431 3)
567 361 685 418 Focnlns
702 378 762 417 cum
779 362 840 430 igne
858 369 886 418 et

89 431 224 558 roffi·
236 505 285 557 De
291 504 508 557 benedictione
516 503 535 572 ¹)
550 504 761 560 candelarum.
776 502 800 571 1)
810 502 887 558 circa
955 487 958 494 Α

91 574 184 630 horam
202 573 255 629 diei
273 574 407 642 tertiam2)
430 581 487 630 tres
512 573 616 642 clerici,
640 574 719 628 talari
735 573 830 628 habitu
847 574 885 627 in·

89 644 155 715 duct,
169 646 302 714 accipiunt
314 645 508 714 superpellicea
520 645 548 699 in
561 645 691 715 sacristia,
705 651 786 712 atque
797 643 886 713 dispo·

90 724 156 772 nunt
174 717 270 786 omnia,
289 717 364 772 utin
382 717 494 772 nticula
511 715 701 784 praecedente.
729 719 757 785 2)
775 715 886 772 Festive

89 803 280 857 campanarum
305 788 394 844 sonitu
419 794 580 843 convocetur
597 787 721 856 populna
760 786 787 855 3)
811 786 887 842 (lele-

90 858 179 929 brans‚
198 859 270 914 lacta
287 860 494 929 praeparatione
513 858 548 914 ad
565 859 684 928 Missam‚·
703 874 735 914 ac
751 857 814 913 lotis
832 873 887 912 ma·

89 930 168 986 nibus
185 931 214 985 in
231 931 360 1000 sacristia,
388 930 600 986 ministrantibus
626 929 743 986 secundo
761 935 789 983 et
805 929 887 984 tertio

88 1001 195 1070 cleriw,
221 1002 318 1070 accipit
335 1015 417 1070 super
434 1009 534 1056 cottam
550 1002 682 1070 amictum,
710 1000 805 1070 albam,
833 1000 888 1055 cin·

92 1073 192 1141 pulum,
211 1072 314 1141 stolam,
334 1078 362 1128 et
378 1072 496 1141 pluviale
514 1072 611 1129 coloris
629 1073 749 1128 violacei.

128 1143 174 1210 (Si
188 1143 273 1210 faceat
287 1143 344 1197 dics
354 1143 508 1210 Dominam,
522 1144 657 1198 celebrem
669 1145 708 1198 cic
720 1142 834 1197 indatus
846 1141 888 1196 bc-

87 1214 190 1268 miae
201 1230 301 1282 optem
310 1229 365 1282 pro
379 1215 540 1283 aspersione,
553 1219 585 1268 at
597 1215 628 1268 ic
640 1215 770 1282 Ms'eaali.)
795 1215 823 1280 4)
842 1213 885 1268 In·

90 1285 169 1338 terim
186 1285 288 1352 primus
307 1284 419 1339 clericus
433 1293 541 1339 amovet
554 1285 587 1338 ab
602 1285 681 1340 almi
698 1301 765 1341 vasa
782 1283 887 1354 florum,

92 1360 122 1410 et
139 1353 263 1410 candelas
281 1355 310 1408 in
327 1369 360 1409 eo
378 1355 506 1410 accendit.
526 1355 552 1425 5)
569 1355 721 1425 Celebrant,
739 1355 888 1410 saetacum

93 1424 197 1480 clericis
215 1425 306 1480 debita
322 1426 474 1480 reverentia
491 1426 571 1494 cruci,
589 1426 633 1480 vel
651 1442 743 1482 sacrae
762 1426 807 1481 alii
822 1427 887 1480 ima-

89 1495 148 1564 gini
160 1497 189 1549 in
202 1496 331 1567 sacristia,
349 1495 526 1565 praecedente
539 1498 626 1564 primo
644 1497 748 1566 clerico,
766 1497 887 1554 manibus

91 1567 196 1636 iunctis,
215 1566 318 1622 medius
336 1567 568 1623 intersecantium
586 1574 614 1622 et
630 1569 738 1624 tertium
755 1567 887 1636 clericum,

90 1637 229 1694 elevantes
241 1637 359 1694 fimbrias
371 1638 504 1708 pluvialis,
519 1645 590 1694 tecto
604 1640 700 1709 capite,
719 1636 840 1707 precellit
853 1637 888 1692 ad

88 1709 185 1767 altare.
221 1709 247 1779 6)
270 1711 341 1764 Ante
365 1708 484 1765 intimum
508 1709 620 1778 gratim
644 1709 755 1778 deponit
772 1708 886 1762 biretum

92 1780 120 1834 in
138 1779 260 1835 manibus
278 1781 357 1851 primi
376 1780 473 1850 cleriei,
492 1782 546 1850 qui,
565 1796 597 1836 eo
615 1781 745 1850 reposito,
763 1777 889 1836 candelae

7 1875 8 1892 κ
91 1850 262 1920 discooperit.
301 1852 327 1922 7)
347 1852 500 1921 Gelebrnns,
518 1851 590 1907 facte
606 1853 635 1906 in
652 1852 732 1921 plano
750 1850 794 1905 vel
811 1863 888 1904 reve·

89 1922 179 1976 nentia
198 1923 270 1977 cruci
287 1923 332 1978 vel
344 1922 531 1992 genuflexione
549 1939 630 1993 super
647 1922 737 1978 infimo
751 1920 844 1990 gradu,
865 1921 889 1976 si

7 2017 8 2060 1
90 1992 163 2048 adsit
197 1994 397 2048 tabernaculum
428 1995 576 2050 recondens
608 1994 655 2049 SS.
683 1993 888 2062 Eucharistiam,

92 2062 214 2120 ascendit
232 2064 266 2120 ad
284 2066 378 2134 altare,
397 2073 424 2121 et
443 2066 578 2122 osculatur
595 2065 661 2120 illud
677 2066 706 2120 in
723 2064 819 2120 medio.
845 2062 890 2130 (Sc'

7 2167 8 2178 v
89 2135 222 2203 facienda
238 2137 274 2191 ait
292 2138 411 2205 masio
426 2137 686 2206 concatenatione,
700 2137 887 2204 cekbrampe·

88 2208 214 2274 caflenas
226 2208 257 2260 e'c
265 2209 358 2276 primo
370 2207 461 2278 prodo
473 2208 599 2275 inforare
606 2207 731 2276 procedet
744 2206 783 2262 cd
796 2221 886 2273 asper-

87 2278 199 2345 sionem,
217 2283 249 2332 at
265 2281 296 2332 icc
308 2279 426 2346 Messall,
445 2284 470 2334 ct
487 2279 584 2334 deinde
597 2279 717 2334 meede
726 2278 773 2332 ‘ccl
790 2277 885 2345 altare,

88 2353 121 2402 at
138 2351 243 2417 capro.)
279 2349 307 2419 8)
333 2350 492 2419 celebrans,
522 2351 641 2406 osculato
660 2350 754 2418 altari,
783 2345 886 2403 accedit

88 2419 125 2474 ad
143 2435 226 2474 cornu
242 2421 396 2490 epistolae,
424 2435 530 2490 semper
546 2420 657 2476 ¹medius
679 2421 750 2476 inter
774 2418 885 2474 elericos

35 2563 38 2570 ,
104 2529 126 2582 ¹)
139 2531 199 2571 riori
212 2532 276 2574 debet
289 2535 318 2574 ab
332 2535 408 2574 eodem
420 2534 482 2584 ipso,
503 2535 541 2585 qni
556 2535 653 2575 celebrat
665 2535 758 2576 illesam
770 2532 885 2584 parochis·

143 2597 187 2636 lern
207 2608 246 2637 sen
269 2600 447 2650 conventualem
474 2601 531 2640 idem
550 2602 664 2642 dicendum
684 2602 711 2642 da
732 2600 885 2641 benedictione

144 2663 252 2712 clnernm.
275 2666 410 2716 palmarum,
433 2666 501 2707 tontis
514 2667 653 2717 baptismalis
666 2669 689 2708 et
702 2667 729 2708 de
742 2668 881 2716 processione

143 2739 194 2770 cum
207 2728 243 2773 88.
258 2729 398 2772 sacramento
411 2733 434 2772 ln
448 2732 521 2774 Oeena
534 2734 622 2774 Domini
635 2737 658 2774 et
671 2735 694 2775 lri
707 2735 834 2775 Parascsvs.
854 2730 883 2783 (S.

144 2795 170 2838 B.
185 2793 206 2837 0.
220 2793 253 2834 17.
267 2796 330 2840 Most.
345 2797 406 2842 1668.
420 2800 442 2839 et
456 2798 475 2840 1.
489 2799 545 2850 Sept.
559 2799 632 2851 tate.)

103 2857 127 2914 ἱ)
142 2859 183 2901 Vel
196 2859 250 2899 hora
264 2870 368 2912 congrua.
