2152 3234
291 189 323 230 Da
337 189 479 230 flaoramento
493 191 604 228 &tramae
617 188 737 232 ilnedonlu
876 185 918 230 tlt

112 291 200 347 litat'u
217 289 376 359 ingressum,
396 289 443 357 qui
461 295 569 344 sanetus
587 296 616 344 et
632 289 693 357 pius
711 303 750 357 ea,
769 295 797 344 et
813 303 918 358 perma-

112 379 164 418 nes
183 377 244 416 aum
261 361 343 416 Patre
362 367 390 416 et
409 360 510 430 Spiritu
528 368 629 432 saneto,
654 361 682 414 iu
701 360 809 415 saecula
826 375 919 416 saecu-

112 435 212 490 lorum.
248 433 343 490 Amen.

151 504 275 573 Oremue,
294 509 323 558 et
340 502 515 571 deprecemur
530 499 674 555 Dominum
691 509 812 558 nostrum
825 503 919 558 desum

115 575 261 642 Christum,
280 581 311 630 ut
328 572 512 628 benedioendo
530 570 672 626 benedicat
689 575 708 642 †
725 574 776 630 hoo
794 573 918 629 taberna·

114 648 213 716 culum
232 653 259 700 ot
278 657 369 700 omnes
387 645 542 700 habitantes
559 644 588 696 iu
606 657 648 716 eo,
667 651 694 699 et
712 644 759 700 det
776 646 815 700 eis
829 645 918 713 Ange-

113 718 171 772 lum
188 718 289 772 bonum
307 715 454 783 eustodem,
484 723 511 770 et
528 714 611 769 ieoiat
629 728 676 769 eos
694 716 746 771 sibi
763 717 865 772 servire
884 715 919 770 ad

115 788 339 844 considerandum
353 785 485 842 mirabilia
498 786 536 840 ‘de
554 786 614 854 loge
629 801 691 855 eua3
712 794 817 842 evomat
831 787 864 842 ab
879 788 918 842 eia

117 875 212 915 omnes
231 859 379 915 contrariae
402 865 567 926 potestates,
595 856 691 924 eripiat
718 873 765 914 eos
789 858 822 913 ab
848 857 919 914 omni

116 930 274 1000 formidine,
303 936 331 985 et
357 930 391 984 ab
410 930 481 984 omni
498 927 714 998 perturbatione,
743 945 774 984 ao
790 945 873 986 ¹salsos
890 930 920 984 in

118 1003 172 1057 hoc
189 1001 362 1056 tabernaculo
381 1000 516 1056 custodire
535 999 665 1068 dignetur.
699 1001 749 1068 Qui
764 1017 824 1056 eum
838 1002 919 1056 Patre

116 1081 145 1129 et
163 1073 266 1142 Spiritu
284 1079 377 1128 sancto
401 1072 470 1126 vivit
489 1079 517 1127 et
535 1078 639 1140 regnat,
663 1071 738 1134 Dens
756 1073 784 1128 in
809 1072 918 1129 saecula

116 1145 294 1200 saeorrlorum.
330 1144 425 1198 Amen.

156 1215 276 1272 Oramus.
298 1213 406 1269 Exauffi
418 1228 478 1283 nos,
495 1214 612 1268 Domine·
624 1220 724 1283 sancte,
743 1214 825 1269 Pater
836 1214 919 1269 omni·
1017 1279 1019 1285 Α

115 1293 223 1356 potens,
251 1292 359 1340 aeterne
377 1285 461 1353 Deus,
488 1293 516 1339 et
538 1286 644 1339 mittere
663 1284 780 1353 digneris
798 1293 919 1340 sanetum

117 1358 252 1426 Angelum
269 1365 345 1412 tuum
358 1356 392 1410 de
407 1356 497 1423 eoelis,
516 1357 563 1422 qui
579 1355 721 1424 custodiat,
739 1355 839 1426 foveat,
857 1373 919 1425 pro·

117 1435 208 1498 tegat,
232 1429 338 1497 visitet,
369 1435 449 1494 atque
468 1425 594 1488 defendat
611 1441 704 1481 omues
721 1427 873 1482 habitantes
890 1428 920 1481 in

118 1500 172 1625 iffi
197 1500 359 1556 habitaculo.
394 1499 448 1552 Per
467 1498 602 1553 Christum
619 1496 763 1552 Dominum
789 1505 918 1553 nostrum.

173 1586 214 1627 en.
325 1596 328 1606 ·

155 1644 182 1696 6.
210 1641 285 1712 Quae
305 1639 460 1708 Oruianee,
486 1641 512 1694 ei
528 1645 632 1707 manas
648 1653 704 1692 non
717 1639 860 1708 patiatur,
886 1656 920 1694 ea

115 1718 199 1783 parte
216 1713 258 1766 oet
275 1714 306 1766 e'n
323 1718 407 1768 totam
421 1716 551 1780 poterunt
568 1711 663 1764 omitti
709 1712 779 1765 Tum
796 1709 830 1764 de
846 1725 920 1765 more

118 1785 197 1852 faeta
209 1785 375 1851 oanfmuoae
386 1781 514 1852 pennalt,
525 1782 614 1835 totino
627 1781 668 1834 oet
676 1781 785 1851 eulpam·
792 1795 919 1850 emmanu,

119 1855 247 1910 merdae
264 1854 352 1909 dieat:
370 1853 558 1922 Misereatur1)
577 1857 624 1906 eto.
643 1851 847 1921 Indulgentiam,
871 1858 918 1907 ete.

156 1929 184 1982 7.
201 1927 356 1994 Antequam
373 1925 509 1994 parochus
524 1925 641 1992 incipiat
657 1940 757 1993 nupera
773 1923 919 1991 infirmum,

119 2003 228 2051 maaetu
245 1997 392 2064 adamatae,
409 2002 441 2050 ut
454 2011 509 2064 pro
525 1995 573 2048 illo
591 1999 681 2062 orant·
698 2001 724 2049 et
741 1995 790 2048 ubi
806 2009 918 2050 comma

121 2069 187 2122 dum
204 2069 296 2135 fuerit,
310 2083 365 2135 pra
383 2067 441 2121 loeo
459 2073 484 2120 et
501 2071 626 2134 tempore,
646 2071 671 2120 at
684 2067 851 2120 adstantium
868 2081 919 2120 nu-

118 2155 194 2194 mero
211 2140 253 2193 ael
271 2139 415 2207 qualitate,
439 2139 550 2192 reniteat
572 2143 671 2205 septem
688 2138 812 2192 Paulinae
825 2139 920 2206 paeni-

118 2210 242 2265 tentiales
260 2227 320 2264 eum
338 2209 471 2275 Iatania'e,
498 2209 540 2261 oet
558 2209 630 2262 altae
642 2225 751 2276 procae,
779 2208 845 2262 dnm
861 2210 920 2276 ipae

119 2282 257 2336 unutane'e
275 2279 480 2336 Sacramentum
498 2279 679 2334 administrat.
711 2281 781 2334 Mon
794 2279 885 2333 dicat:

155 2353 188 2406 In
216 2352 323 2407 nomine
350 2351 439 2406 Patris
463 2352 490 2419 †,
519 2357 547 2404 et
572 2350 635 2404 Filii
658 2354 684 2418 †,
716 2358 743 2405 et
768 2350 920 2418 Spiritus†

119 2423 219 2490 swod,
247 2423 418 2491 extinguatur
441 2421 469 2474 in
493 2429 520 2475 te
539 2421 625 2475 omnis
649 2422 735 2476 virtus
754 2420 853 2476 diaboli
870 2435 920 2490 per

119 2495 306 2564 impositonem
336 2509 463 2548 manuum
486 2500 650 2560 nostrarum,
683 2501 711 2548 et
735 2507 785 2560 per
813 2493 920 2547 invoce-

118 2567 219 2624 n’onem
238 2565 353 2620 omnium
372 2572 524 2619 sanaturum
541 2563 713 2633 Angelorum,
739 2563 920 2632 Archangelo·

118 2653 186 2706 rum,
218 2636 450 2705 Patriareharum,
481 2634 692 2704 Prophetarum,
721 2635 920 2704 Apostolorum,

118 2745 280 2760 ——1-11

132 2797 155 2850 1)
170 2797 261 2844 Quando
275 2800 380 2846 aegrotus
393 2797 479 2837 Viatloo
497 2799 519 2836 et
530 2799 638 2846 ,extrema
651 2797 760 2836 Unetlona
773 2795 838 2836 mmul
851 2793 921 2833 retici

172 2867 218 2913 tur,
233 2863 335 2914 Confiteor
348 2863 383 2904 bit
397 2864 462 2904 debet
475 2863 571 2904 melum.
585 2862 614 2912 (d
625 2863 647 2902 t'.
658 2862 739 2912 indata.
752 2861 773 2900 5.
782 2861 843 2903 Febr.
853 2858 921 2910 1841.)

763 2930 818 2984 15*
