2124 3230
140 133 183 176 3⁴6
312 137 345 176 De
359 135 506 176 celebratione
520 135 555 178 ss.
570 135 652 176 Missae
665 135 773 175 aamlileli.

140 239 216 293 illum
234 253 294 292 cum
311 245 411 307 patena
429 245 456 292 ct
473 239 563 293 hostia
575 244 730 306 coopertum
747 237 821 305 pulla
839 243 868 291 et
882 237 946 293 velo

144 327 161 364 a
180 310 248 364 collo
267 310 317 365 sibi
335 309 469 378 pendente
486 325 568 363 manu
585 311 693 364 sinistra
708 315 811 376 tenens,
831 315 860 362 et
877 309 945 363 altc-

142 397 201 435 ram
219 395 325 436 manum
344 395 528 449 superponens
556 381 625 450 velo,
656 396 691 434 ne
710 379 809 447 aliquid
828 379 945 449 decidat,

144 452 177 506 de
192 453 329 507 credentia
346 451 449 520 detulit,
467 452 607 506 comitatus
626 451 659 504 ab
674 451 797 520 acolytho
812 451 945 519 ampullas

142 524 199 578 vini
217 531 245 578 ct
263 538 349 591 aquae
362 529 499 592 portantc;
517 523 576 590 ipse
594 522 723 576 diaconus
741 522 850 576 calicem
870 521 945 576 dete·

144 595 184 664 git
201 601 229 649 et
246 595 293 649 dat
305 601 430 663 patenam
444 609 504 648 cum
515 594 605 648 hostia
623 594 775 662 celebranti,
794 593 942 648 osculando

142 667 200 720 ciue
218 681 340 731 mannm3
362 664 540 720 subdiaconus
560 665 675 734 extergit
693 665 802 718 calicem
819 663 945 732 purifica·

143 738 223 806 torio,
242 737 378 805 diaconns,
398 744 509 805 accepta
526 737 643 804 ampulla
662 735 716 788 vini
735 735 768 788 dc
781 751 862 790 manu
882 735 944 790 sub-

143 808 256 877 diaconi,
282 809 395 876 imponit
411 809 502 862 vinum
519 807 547 860 in
563 807 653 876 calice,
679 806 857 861 subdiaconus
875 807 944 860 inte-

142 881 193 933 rim
212 879 354 947 ampullam
373 893 458 948 aquae
478 878 621 934 ostendens
640 878 792 946 celebranti,
812 877 878 932 dicit
890 879 943 932 Be·

145 950 267 1019 nedicite,
282 955 365 1018 pater
379 947 528 1017 roverate,
543 951 588 1016 qui
601 949 672 1004 facto
684 965 779 1003 versus
791 963 851 1002 eam
866 949 942 1017 signo

146 1023 246 1090 crucis,
278 1019 342 1075 dicit
369 1021 523 1080 Orationem
544 1022 637 1089 Deua,
664 1021 712 1088 qai
732 1021 868 1074 aemonae
891 1027 941 1074 etc.

143 1091 253 1146 Interim
271 1090 449 1147 subdiaconus
467 1091 581 1146 infundit
591 1091 729 1160 paululum
747 1106 834 1158 aquae
851 1092 881 1144 in
899 1107 941 1145 ca-

143 1163 228 1231 licem,
244 1163 370 1218 diaconus
384 1164 458 1217 ilhrm
471 1164 617 1218 celebranti
630 1162 684 1231 dat,
703 1169 731 1217 et
741 1163 838 1230 pedem
852 1163 941 1217 calicia

118 1245 120 1250 ·
142 1241 264 1304 tangens,
284 1249 331 1289 seu
349 1235 486 1288 bruchium
504 1235 643 1288 dexterum
660 1233 818 1288 celebrantis
837 1240 942 1288 susten·

142 1313 211 1374 tans,
231 1321 290 1360 cum
309 1321 341 1360 eo
361 1305 424 1359 dicit
440 1305 581 1373 Offeimue
594 1306 651 1372 tabi,
665 1305 784 1360 Domine
797 1311 847 1359 etc.
861 1321 941 1372 quem

142 1383 238 1444 postea
255 1377 372 1445 positum
389 1377 417 1430 in
436 1377 525 1445 alteri,
550 1383 693 1445 utsupra,
722 1376 795 1443 palla
813 1377 941 1444 cooperit.

144 1447 312 1503 Subdiucono
331 1447 426 1502 deinde
450 1455 538 1503 stante
562 1449 591 1501 in
609 1463 692 1502 cornu
708 1447 848 1515 Epistulae
866 1447 943 1515 ponit

142 1519 171 1572 in
189 1519 301 1574 dextera
318 1535 398 1572 manu
415 1526 554 1589 patenam,
582 1533 662 1588 quam
681 1519 801 1586 coopen't
818 1519 941 1572 extremi-

142 1597 199 1645 tate
217 1592 270 1645 veli
290 1591 322 1644 ab
342 1591 400 1650 eius
418 1590 537 1645 humeris
550 1589 706 1658 pendentis;
724 1590 770 1657 qui
787 1589 863 1643 vadit
880 1597 942 1658 post

142 1662 320 1717 celebrantem
335 1668 397 1716 ante
405 1661 521 1715 medium
533 1661 624 1716 altaria
637 1668 664 1715 ct
676 1660 747 1714 facta
756 1660 942 1729 genuflexione

141 1733 180 1788 ibi
198 1741 252 1790 stat
269 1733 430 1802 aasumensi
459 1747 519 1787 eam
545 1733 676 1788 elevatam
701 1747 786 1800 usque
810 1731 845 1786 ad
863 1731 941 1786 finem

146 1839 304 1852 ψ

160 1887 182 1938 1)
197 1889 267 1929 libia
281 1889 416 1930 subdiacono
428 1891 518 1928 tenetur
535 1891 626 1938 patene,
648 1889 702 1929 heco
721 1889 857 1928 observanda
876 1889 940 1928 sunt:

180 1954 255 2002 =apud
268 1955 401 1994 credentiam
415 1955 443 1993 ab
458 1955 560 2004 acolytho
573 1955 671 1994 humeris
689 1955 760 2004 lpslna
773 1953 895 2002 imponitur
907 1963 941 1990 ve·

195 2021 240 2060 lum
251 2022 345 2060 aericum
358 2022 483 2070 oblongum,
498 2023 521 2060 et
534 2031 600 2060 menn
613 2021 703 2060 slnletra
717 2021 814 2069 calicem,
830 2020 892 2059 colus
905 2029 940 2057 vo·

195 2085 241 2124 lum
255 2086 278 2124 ln
292 2087 403 2126 credentia
415 2087 559 2136 relinquitur,
583 2087 611 2126 ad
629 2087 711 2126 nodum
730 2077 811 2134 accipit
828 2094 874 2124 nna
893 2093 940 2124 cum

195 2152 277 2198 patene
291 2153 314 2190 et
326 2151 400 2190 hostie
418 2161 445 2190 ac
465 2154 547 2191 tectum
565 2151 639 2201 palla;
662 2152 752 2192 calicem
773 2149 823 2189 dein
844 2153 940 2190 extrema

194 2220 258 2266 parte
271 2219 315 2257 veli
329 2219 357 2258 ad
371 2219 471 2258 dextram
484 2219 625 2268 dependentia
635 2218 742 2267 cooperit,
757 2227 851 2266 eumque
863 2218 939 2256 dextre

189 2282 288 2332 'desuper
306 2284 381 2332 poaiia
404 2285 432 2324 ad
452 2293 520 2323 cornu
534 2284 648 2334 Epistolae
663 2284 745 2333 defert,
765 2285 803 2324 ubl
824 2295 838 2324 a
858 2284 939 2323 dextris

195 2349 282 2388 diaconi
297 2350 369 2389 omnia
384 2350 477 2398 perlicit,
494 2359 551 2398 qnae
565 2359 633 2399 anpre
646 2350 743 2390 indicate
753 2352 809 2392 etmt.
824 2350 893 2389 recta
902 2349 939 2388 ob·

194 2414 277 2454 latione
291 2413 366 2453 cellola
384 2413 489 2454 diaconus
506 2418 610 2464 patenam
624 2413 733 2463 abstergit
751 2415 903 2462 purificatorio
917 2416 939 2452 et

194 2481 285 2520 dextrae
299 2479 428 2519 subdiaconi
441 2481 541 2520 lmmlttlt
554 2481 600 2529 ita,
619 2482 645 2519 nt
663 2490 715 2530 pars
733 2480 830 2520 eiusdem
844 2489 939 2518 concava

195 2547 224 2586 ad
237 2547 315 2595 pectne
329 2545 457 2585 subdiaconi
470 2549 582 2595 vertatur,
603 2551 626 2586 et
638 2545 777 2586 extremitate
790 2546 834 2585 veli
848 2547 875 2586 ed
889 2547 938 2585 dex·

195 2614 255 2651 trum
270 2612 397 2651 enbdiaoonl
412 2613 471 2651 latua
485 2613 627 2661 dependentia
642 2613 733 2653 eandem
747 2615 857 2662 contegat.
886 2612 938 2652 Sub·

196 2679 300 2718 diaconm
313 2681 416 2727 patenam
434 2681 511 2718 tenens
531 2683 582 2720 ante
595 2683 672 2729 pectus
696 2689 747 2718 mox
760 2681 827 2728 capul
840 2679 940 2726 inclinet,

196 2745 308 2786 descendit
322 2745 348 2784 de
362 2745 428 2784 altari
441 2746 464 2784 et
477 2743 538 2783 vadit
551 2746 610 2784 retro
625 2747 675 2794 poet
684 2745 839 2794 celebrantem,
853 2745 892 2784 nbi
902 2756 938 2794 ge·

195 2811 295 2850 annectit
310 2814 332 2849 et
345 2810 431 2849 erectae
441 2809 536 2848 sustinet
545 2811 647 2858 patenam
662 2810 690 2850 eal
699 2811 777 2850 iaciens
785 2820 855 2860 aeque
869 2810 937 2850 elesa·
