2138 3226
360 145 438 186 Precor
451 154 492 194 pno
505 144 667 186 sacerdotibus.
873 144 914 188 283

8 255 9 262 ’
111 254 183 317 inae,
223 247 300 302 ouius
317 245 442 316 indignus
460 263 518 302 sum
535 247 669 316 minister,
695 247 806 315 eiusque
824 264 914 304 amore

116 321 202 388 gotia
221 325 271 374 tua
289 333 332 372 me
350 318 486 387 indignum
509 318 605 374 faciam
624 318 743 388 dignum,
769 318 803 372 da
820 335 913 388 pecca·

115 397 171 445 tore
189 392 292 446 iustum
309 396 345 444 ¹et
369 397 503 459 sanctum,
529 390 569 445 ita
591 396 622 445 ιιι
644 389 744 444 munda
767 389 864 445 munde
887 397 914 446 et

115 468 207 516 sancta
225 467 319 518 saneta
337 467 467 530 tractare,
491 460 606 528 indeque
629 460 745 516 fructum
761 461 836 514 illum
853 477 914 530 spe·

115 533 217 602 dalem,
232 547 313 601 quem
324 539 355 586 ιιι
367 533 396 586 in
409 532 607 588 admirabilibus
620 532 672 588 illis
686 533 820 609 mysteriis
835 531 913 600 digne

113 605 252 660 utentibus
268 601 389 658 conferre
404 603 534 673 dignaris,
552 604 617 658 mihi
632 611 659 658 et
672 603 731 658 aliis
745 604 854 672 copiose
867 619 913 658 va·

8 707 9 736 1
113 675 182 730 leam
201 675 339 743 obtinere;
364 690 414 743 per
431 676 589 744 ipsummet,
608 676 653 742 qui
672 690 733 730 sese
752 691 783 729 ac
801 675 914 743 gratiam

113 762 188 802 suam
205 747 285 801 nobis
303 745 331 799 in
348 746 422 801 hisce
440 747 513 802 vasis
530 754 586 801 tam
603 747 751 801 liberaliter
769 743 914 801 communi·

112 825 162 888 cat,
187 819 283 872 Jesnm
302 817 437 872 GhrIstum
453 817 552 872 Filium
568 825 652 887 tuum,
678 819 724 884 qui
741 825 830 872 tecum
848 817 914 872 vivit

114 895 140 943 et
155 896 255 957 regnat
272 889 300 942 in
317 889 420 943 unitate
433 888 548 957 Spiritus
566 889 651 944 sancti
664 889 739 944 Deus
757 905 807 958 per
825 889 914 944 omnia

113 961 222 1015 saecula
240 959 416 1016 saeculorum.
453 960 547 1014 Amen.

206 1065 282 1108 Oratio
295 1068 344 1118 poat
356 1065 492 1120 cuiusvis&
566 1065 595 1110 nti
607 1065 819 1110 administrationem.

146 1138 263 1193 Domine
282 1138 349 1193 lesu
362 1138 476 1209 Christe,
492 1077 579 1194 mis
598 1146 701 1194 amator
719 1145 746 1194 et
764 1136 912 1196 sanctifica-

111 1215 156 1264 tor
174 1210 337 1264 animarumt
363 1211 463 1278 gratias
481 1211 530 1265 tibi
548 1225 598 1278 ago
625 1227 675 1280 pro
695 1211 816 1266 omnibus
835 1208 912 1264 donis

112 1287 140 1336 et
157 1281 236 1336 bonis
254 1281 320 1334 mihi
343 1287 455 1350 paterne
480 1282 622 1350 concessit,
648 1283 815 1350 praesertim,
840 1279 913 1348 quod

112 1351 186 1422 mihi,
205 1351 314 1420 indigno
329 1352 449 1407 ministro
469 1360 525 1422 tuo,
543 1353 572 1406 in
589 1353 668 1408 huius
683 1352 847 1406 Sacramenti
866 1350 912 1405 ad-

110 1423 306 1478 ministratione
324 1424 377 1478 tuis
395 1423 500 1478 auxiliis
519 1424 645 1478 assistere
666 1425 792 1478 volueris.
829 1421 912 1476 Obse-

112 1510 156 1548 cro
170 1501 208 1562 te,
228 1495 251 1549 si
265 1493 329 1561 quid
342 1495 370 1548 in
383 1509 492 1549 munere
509 1510 569 1549 meo
584 1495 640 1550 sive
654 1511 703 1563 per
715 1493 911 1562 negligentiam,

112 1565 169 1620 sive
183 1581 234 1634 per
248 1565 425 1634 ignorantiam
441 1566 616 1635 peccaverim,
634 1582 685 1635 pro
703 1571 751 1620 tua
765 1567 865 1633 pietate
886 1569 913 1616 et

112 1635 217 1691 infinita
234 1636 417 1691 misericordia
441 1638 567 1706 supplere
589 1637 714 1705 digneris.
749 1633 912 1689 Commendo

111 1708 139 1762 in
151 1715 201 1762 tua
215 1708 404 1763 amabilissima
422 1709 534 1763 vulnera
547 1708 648 1764 animas
665 1707 781 1762 omnium
794 1704 913 1759 fidelium

112 1794 180 1846 quos
194 1785 242 1833 tuo
259 1779 378 1848 pretioso
393 1779 526 1848 Sanguine
546 1779 724 1848 sanctificasti,
742 1778 822 1832 huius
835 1791 913 1844 prae·

111 1851 191 1919 cipue
204 1850 298 1904 famuli
310 1851 350 1904 tni
368 1850 492 1920 (famulae
506 1853 579 1918 tuae)
600 1851 721 1920 animam,
740 1865 819 1918 qnam
832 1847 911 1902 modo

111 1937 161 1990 per
180 1922 283 1990 gratiae
301 1928 365 1976 tuae
383 1923 602 1977 sacramentalem
619 1922 779 1977 infusionem
797 1917 912 1975 sanctifi·

113 1993 196 2062 casti;
216 1991 322 2047 custodi
339 2007 398 2046 eam
413 1994 567 2062 apeocatis,
586 2000 613 2048 et
630 1995 723 2048 intuo
742 2005 831 2046 amore
851 2005 911 2044 oon-

112 2078 201 2132 serva,
220 2064 293 2118 utin
306 2063 447 2119 virtutibus
465 2064 494 2118 in
512 2065 569 2118 dies
583 2065 667 2134 magis
680 2063 812 2133 proficiat,
831 2068 912 2130 atque

113 2134 147 2188 ad
165 2135 248 2190 vitam
266 2135 429 2204 perducatur
447 2142 591 2194 aeternam.
626 2137 720 2190 Amen.

239 2237 314 2283 Oratio
326 2242 376 2282 anta
389 2238 590 2283 administrationem
604 2239 783 2291 assandunam.

113 2319 116 2324 “
147 2311 264 2366 Domine
282 2312 350 2366 Jesu
368 2311 482 2381 Christe,
508 2314 554 2380 qui
572 2312 662 2368 dixisti
680 2313 820 2382 Apostolis
843 2311 911 2366 tuis:

113 2383 220 2437 Ecmtes
238 2383 328 2437 docete
341 2399 431 2437 omnes
447 2389 545 2454 pratas,
564 2385 732 2452 baptcbantes
754 2399 798 2438 cos
819 2384 849 2437 ιἰι
862 2397 910 2436 no·

113 2455 185 2508 mine
202 2454 297 2508 Patrio
314 2459 340 2508 ct
356 2455 427 2509 Filii
445 2460 470 2510 et
488 2455 607 2523 Spiritm
624 2457 728 2524 smutt-
749 2455 817 2509 haec
835 2453 912 2508 nobis

114 2533 261 2593 praecepta
278 2527 447 2581 servantibus
460 2531 499 2594 tn,
517 2527 591 2582 Deus
602 2528 778 2595 omnipotens,
797 2525 912 2580 clemens

114 2595 225 2663 adest03
243 2603 273 2650 tu
291 2597 421 2666 benignus
434 2597 525 2664 aspira
544 2604 571 2652 et
587 2613 701 2666 puerum
717 2599 799 2652 istum
816 2602 914 2649 natura

112 2665 197 2722 filium
214 2667 279 2736 irae,
298 2683 377 2735 quem
391 2668 425 2722 ad
435 2669 640 2723 inenarrabilem
651 2669 782 2736 Baptismi
799 2667 913 2735 gratiam

114 2753 213 2794 vocare
232 2737 356 2806 dignatus
371 2755 408 2809 es,
425 2740 453 2793 in
466 2738 549 2793 filium
562 2739 713 2808 adoptionis
730 2753 861 2806 regenera
879 2751 913 2790 ex

114 2825 194 2878 aqua,
217 2824 286 2876 quae
299 2809 347 2864 fiat
359 2811 387 2864 in
401 2825 433 2866 eo
446 2810 507 2866 fons
521 2811 618 2866 saliens
631 2811 660 2864 in
672 2811 754 2864 vitam
768 2815 912 2862 aeternam.
