2138 3226
370 171 503 221 Preces-pro
516 171 672 215 cacerdotibus.
879 169 919 213 m

394 271 470 316 enac
482 271 643 316 acclamaris.

151 355 235 410 Pater
252 353 387 423 luminum,
411 369 499 422 aquo
519 369 596 408 omne
622 352 713 408 datum
735 353 863 421 optimum
891 360 918 410 et

117 441 195 480 omne
222 425 320 480 donum
345 424 493 494 perfectum
517 431 644 492 tauquam
670 429 816 492 apaterno
842 423 916 479 iente

117 497 251 565 dimanat;
269 497 373 564 respice
392 495 424 550 de
438 496 505 550 solio
525 496 671 550 maiestatis
689 503 753 550 tuae
774 509 915 562 superma

116 568 255 636 indignum
272 566 399 621 famulum
417 575 499 636 tuum,
518 581 597 634 quem
616 566 650 621 ad
666 565 840 621 concionandi
858 581 914 619 mu·

117 655 168 695 nus
186 653 285 693 vocare
311 638 433 708 dignatus
459 653 502 708 es,
531 644 558 692 et
580 639 679 707 largire
703 637 768 691 mihi
793 637 915 710 spiritum

117 711 266 778 sapientiae
286 716 313 764 et
329 709 488 777 intellectus,
507 709 552 776 qui
566 717 682 763 mentem
695 723 782 763 meam
799 707 915 762 illustret

117 797 149 836 ac
166 782 286 850 linguam
304 780 463 849 moderetur,
482 787 520 848 ut,
539 795 606 848 quae
626 780 660 834 ad
678 779 791 834 nominis
804 779 844 832 tui
857 779 912 847 glo·

116 853 185 906 riam
204 861 232 906 et
250 867 349 919 eorum,
370 853 414 919 qui
428 866 470 905 me
485 851 600 905 audituri
614 858 682 920 sunt,
702 852 815 906 salutem
830 849 914 904 dictu·

116 939 164 978 rus
179 939 246 990 sum,
260 921 373 976 ferventi
387 923 482 990 spiritu
496 923 614 991 eloquar,
631 939 683 990 quo
698 937 752 976 non
764 937 843 976 aures
856 929 914 975 tan·

116 1001 175 1049 tum
192 993 298 1063 feriant,
317 992 365 1048 sed
383 1009 429 1047 cor
446 999 587 1062 penetrent
603 1001 630 1047 et
647 993 761 1047 fructum
781 992 916 1061 optatissi-

116 1081 191 1119 mum
209 1063 331 1121 afferant.
361 1065 434 1118 Pelle
454 1079 470 1118 a
487 1079 529 1118 me
548 1065 728 1132 arrogantiam
746 1070 773 1119 et
791 1063 915 1132 concede,

116 1143 148 1190 ut
161 1135 368 1204 praedicationis
382 1134 495 1190 officium
507 1151 575 1203 pura
594 1135 688 1190 mentis
706 1136 860 1204 intentione,
881 1134 915 1189 ad

116 1214 192 1262 tuam
205 1206 335 1260 duntaxat
350 1207 462 1274 gloriam
474 1206 627 1274 respiciens,
645 1212 725 1274 teque
739 1223 821 1260 unum
835 1221 915 1274 quae·

115 1293 180 1334 rens
194 1279 223 1332 iu
237 1279 367 1346 omnibus,
387 1277 480 1332 sedulo
494 1285 521 1332 ct
534 1284 685 1332 constanter
698 1293 846 1332 exerceam.
878 1277 916 1332 Et

116 1364 161 1420 ne,
181 1365 241 1403 cum
256 1349 314 1404 aliis
326 1348 516 1416 praedicavero
529 1348 588 1416 ipse
606 1349 737 1416 reprobus
751 1348 856 1417 efficiar,
874 1348 917 1402 iac

117 1427 150 1475 ut
167 1420 283 1488 primum
300 1421 428 1475 miserear
440 1420 543 1473 animae
561 1435 636 1473 meae
651 1427 678 1473 et
690 1420 771 1473 talem
792 1435 850 1474 eam
863 1417 917 1474 ior-

116 1507 197 1560 mem,
224 1491 329 1558 qualem
354 1491 383 1544 in
407 1498 454 1544 tuo
480 1491 587 1545 servitio
612 1505 671 1545 esse
696 1497 810 1558 oportet.
847 1489 917 1556 Quid

117 1563 191 1618 enim
209 1561 331 1630 proderit
347 1561 419 1631 mihi,
445 1561 468 1616 si
486 1562 638 1616 universum
656 1560 782 1614 mundum
800 1561 917 1614 lucratus

116 1633 196 1688 fuero
216 1640 243 1687 et
262 1633 364 1687 animae
382 1647 459 1686 meac
476 1632 566 1686 fecero
586 1631 790 1686 detrimentum?
826 1632 915 1698 Atque

117 1705 162 1758 hic
179 1711 255 1759 tuam
273 1703 402 1773 deprecor
419 1703 635 1772 misericordiam,
662 1710 699 1771 ut,
719 1701 847 1770 quidquid
864 1702 917 1756 hac

117 1791 153 1830 ex
171 1782 249 1844 parte
269 1789 285 1828 a
302 1790 345 1829 me
370 1783 509 1843 peccatum
527 1782 581 1843 est,
608 1775 751 1828 clementer
768 1772 915 1842 indulgeas,

116 1847 285 1916 gratiamque
303 1853 378 1900 tuam
394 1846 531 1914 largiaris,
557 1854 587 1900 ut
611 1844 684 1912 quod
711 1844 829 1899 dicturus
848 1860 915 1913 sum,

116 1933 201 1986 opere
221 1932 367 1985 exerceam,
393 1917 470 1971 etde
489 1931 582 1971 eorum
600 1916 698 1970 efficiar
715 1931 834 1983 numero,
864 1917 917 1984 qui,

117 1989 182 2056 quia
199 1989 283 2042 verbo
303 1995 330 2042 et
348 2003 429 2056 opere
447 1988 515 2042 bene
533 1994 669 2055 praesunt,
698 1987 796 2055 duplici
813 1987 915 2042 honore

116 2059 191 2128 digni
209 2059 366 2128 habeantur,
393 2059 464 2126 apud
481 2066 508 2112 te
527 2058 658 2128 videlicet,
684 2059 729 2126 qui
747 2059 866 2112 laborem
885 2073 915 2112 es

115 2139 349 2199 remuneraturus,
375 2136 402 2183 et
420 2129 492 2198 apud
509 2129 643 2198 homines,
670 2130 716 2197 qui
735 2145 768 2182 ex
784 2130 867 2183 verbo
887 2136 915 2184 et

114 2201 193 2256 bonis
213 2201 338 2270 operibns
362 2216 412 2256 nos
437 2200 635 2255 considerantes
663 2208 691 2254 et
714 2201 753 2256 uti
779 2201 914 2254 ministros

114 2279 177 2328 tuos
196 2272 375 2340 aestimantes,
395 2269 542 2340 glorificent
555 2278 582 2324 te
597 2271 711 2340 Patrem,
731 2271 776 2339 qui
790 2271 818 2325 in
832 2271 914 2326 coelis

115 2357 153 2398 es.
189 2343 244 2397 Per
262 2343 397 2397 Christum
415 2342 558 2396 Ilomiuum
575 2349 703 2396 nostrum.
739 2343 833 2396 Amen.

401 2465 476 2511 onita
489 2465 627 2510 catechistae.

148 2545 263 2600 Domine
281 2546 349 2600 Jesu
367 2547 481 2615 Christe,
509 2547 555 2615 qui
583 2547 676 2602 dixisti
696 2547 832 2615 apostolis
850 2547 912 2614 tuis,

113 2615 200 2671 Sinite
215 2619 347 2685 porrulos
363 2620 453 2672 oeaire
470 2619 508 2672 col
525 2635 581 2686 me,
606 2620 702 2672 taliam
729 2624 767 2672 cat
785 2620 855 2671 caim
872 2633 912 2671 re·

111 2703 196 2757 paam
214 2688 361 2756 coeloram
378 2688 420 2758 da,
440 2703 549 2757 quaeso,
568 2697 598 2743 ut
616 2690 677 2757 igne
696 2690 735 2742 tui
751 2689 849 2743 amoris
869 2703 911 2742 ac·

112 2773 216 2827 census,
242 2775 323 2827 opere
342 2768 370 2814 et
386 2761 470 2814 verbo
487 2761 614 2828 parvulos
633 2760 667 2814 ad
685 2765 712 2812 te
731 2759 833 2827 ducam,
861 2773 910 2812 nec

111 2830 195 2884 ullum
212 2830 318 2884 illorum
335 2846 403 2898 quos
420 2831 485 2884 mihi
503 2829 608 2898 dedisti,
628 2829 746 2898 perdam.
783 2829 826 2882 Da
845 2829 912 2882 mihi
