2130 3242
334 198 367 238 De
381 197 522 238 sacramento
536 197 695 237 Poeuitentias.
874 196 915 239 445

111 299 441 370 possitaquibuscumque
451 299 568 368 peccatis
578 305 606 353 et
616 299 734 354 censuris
744 299 911 356 absolvere.“

111 372 270 440 Requiritur
296 378 386 426 tamen
414 372 439 439 a)
467 379 497 426 ut
519 369 692 425 moribundus
717 371 913 427 absolutionem
951 390 954 404 .

112 443 241 514 postulet,
255 442 281 511 b)
293 448 323 496 ut
330 443 469 510 promittat
483 457 512 497 se
528 440 725 496 satisfacturum
739 443 809 509 parti
822 442 913 497 laesae

114 515 151 585 (in
165 515 241 569 ouius
256 512 380 568 damnmn
389 513 558 568 commissum
572 519 613 568 est
623 512 722 566 crimen
734 513 912 582 consumtum)

114 595 150 655 et,
170 586 194 640 si
212 591 324 653 peccato
342 591 480 639 reservato
502 599 608 638 annexa
626 591 667 638 est
685 599 806 652 censura,
815 584 835 652 ¹)
854 599 914 640 sese

114 663 350 727 praesentaturum
368 655 508 724 superiori,
541 656 564 711 si
582 654 754 724 convaluerit,
783 669 832 723 pro
852 656 914 710 obe·

114 728 217 782 menno
240 726 403 796 praestanda
433 733 460 780 et
487 727 653 795 poenitentia
680 741 798 794 congrua
822 726 856 779 ab
882 741 915 780 eo

115 797 299 867 suscipienda,
327 813 405 852 secus
432 798 555 852 reincidit
581 798 610 851 in
637 797 749 852 eandem
777 812 917 852 censuram

117 873 191 939 (cosp).
209 870 294 936 Eos,
314 871 391 938 qai,
410 868 570 923 decantent.
588 884 753 924 excommun.
772 869 802 923 io
816 869 855 936 6⁰)
864 887 874 936 ,·
891 868 915 937 c)

115 949 154 1010 ut,
173 941 197 995 si
215 955 303 995 sermo
323 941 358 995 sit
376 940 410 994 de
429 940 537 994 crimine
555 940 634 994 valde
653 941 763 1010 enormi,
790 946 851 994 ante
870 939 916 994 ab·

115 1013 279 1068 solutionem
296 1011 474 1066 iuramentum
488 1011 614 1066 exhibeat
627 1011 661 1066 de
674 1013 723 1067 tali
740 1012 848 1066 crimine
862 1027 917 1066 nou

116 1083 231 1152 amplius
249 1082 391 1150 patrando.
429 1081 510 1151 (οψ.
528 1083 579 1136 De
603 1089 718 1137 cetero
736 1089 764 1138 et
787 1083 844 1138 Ec
865 1088 915 1137 tc·

117 1170 217 1223 nore,
243 1154 277 1208 de
299 1159 364 1208 seat.
384 1168 547 1208 excommun.
585 1153 638 1208 Cir.
659 1153 772 1209 Scotino·
792 1159 870 1209 tract
889 1157 915 1208 4.

118 1226 190 1294 drop.
208 1229 235 1278 3.
253 1241 313 1292 cop.
332 1228 358 1282 7.
376 1241 420 1292 qa.
439 1227 465 1280 st.
484 1231 511 1279 et
528 1224 585 1279 Ra.
603 1225 693 1294 Rom.)

154 1297 236 1351 Cone.
257 1295 331 1349 Trid.
346 1295 416 1353 Sese.
428 1299 474 1349 24.
489 1296 522 1350 dc
539 1296 647 1362 reform.
661 1313 720 1364 cap.
735 1300 760 1353 6.
778 1295 914 1365 Episcopo

118 1368 223 1422 eteius
239 1367 348 1421 ,Vicario
377 1367 411 1420 ao
435 1367 487 1421 hoc
510 1367 662 1434 specialiter
681 1366 833 1435 deputando
852 1383 915 1421 con·

118 1438 191 1493 cedit
208 1444 370 1506 potestatem
383 1437 540 1493 absolvendi
554 1454 570 1492 a
584 1437 793 1506 quibuscumque
808 1438 915 1493 casibus

118 1510 238 1576 ooealte'e,
261 1510 341 1562 etiam
360 1507 424 1562 Sodi
440 1509 612 1577 Apostolicae
630 1511 783 1577 reservatis,
802 1514 916 1576 excepta

117 1581 235 1650 haeresi,
253 1595 321 1648 quae
336 1580 400 1635 solis
413 1581 555 1648 Episcopis
568 1588 731 1649 reservatur,
749 1594 806 1632 ooo
823 1595 915 1633 eorem

121 1653 249 1708 Vicorv'e'a
294 1651 404 1720 „Liceat
426 1651 570 1720 Episcopis
589 1691 641 1708 ...
660 1652 688 1704 in
706 1651 917 1718 quibuscumque

117 1722 227 1778 casibus
252 1723 374 1791 occultis,
403 1723 484 1776 etiam
509 1721 574 1776 sedi
597 1722 769 1790 Apostolicae
796 1735 920 1776 reserva-

120 1794 194 1864 tis,2)
215 1793 400 1861 delinquentes
414 1808 594 1862 quoscumque
609 1793 661 1849 sibi
672 1792 793 1848 subditos
806 1793 834 1846 in
848 1791 920 1846 dioe-

138 1905 158 1958 1)
175 1906 199 1946 Sl
209 1908 300 1956 peccato
310 1907 422 1946 reservato
432 1915 525 1946 censure
538 1917 582 1946 non
596 1908 631 1946 est
644 1917 737 1955 annexa,
751 1907 866 1956 poenitens
879 1913 924 1944 non

177 1974 267 2012 tenetur
285 1982 308 2014 te
322 1972 400 2012 sistere
415 1971 534 2020 superiori,
555 1973 593 2011 ubi
608 1971 753 2022 convaluerit,
774 1973 820 2010 tum
835 1971 887 2021 quia
900 1971 924 2010 in

177 2037 219 2078 tali
233 2037 328 2077 articulo
342 2037 404 2076 nulla
418 2038 452 2076 est
465 2038 599 2086 reservatio,
620 2048 661 2077 nec
674 2037 766 2086 proinde
785 2037 854 2076 ullum
868 2045 924 2077 onus

153 2119 154 2124 ¹
177 2101 335 2144 reservationis
349 2106 460 2152 remanet,
478 2106 526 2143 tum
540 2104 592 2153 quis
606 2102 684 2143 nullibi
697 2103 749 2143 talis
764 2104 870 2151 obligatio
883 2104 924 2143 im·

177 2171 275 2222 ponitur.
303 2169 356 2216 (Otr.
370 2170 478 2220 Lopmomr
492 2171 528 2213 leb.
542 2169 562 2214 5.
577 2173 636 2213 tract.
650 2168 670 2210 6.
685 2183 731 2221 cup.
747 2169 779 2211 12.
793 2183 814 2210 a.
829 2171 871 2222 15.)

138 2237 161 2291 Ι)
174 2239 303 2286 Quaesitum
317 2238 371 2277 init:
387 2234 410 2287 1)
425 2239 500 2276 utrum
509 2237 631 2286 Episcopus
645 2237 727 2277 hebeat
739 2239 763 2277 in
777 2248 817 2277 sua
830 2237 925 2278 dioecesi

178 2303 475 2345 extroItaliominoultstem
489 2304 534 2343 sire
548 2313 588 2352 per
598 2311 629 2351 so,
643 2303 688 2342 sire
695 2313 735 2352 per
748 2302 873 2352 delegatum
886 2302 925 2342 ab·

179 2369 279 2410 solvendi
292 2368 320 2407 ab
335 2367 560 2407 excommunicatione
580 2367 677 2415 occulto,
699 2378 764 2416 quem
778 2365 925 2406 confessarius

180 2436 291 2475 contraxit
305 2434 439 2475 absolvendo
458 2434 520 2472 extra
538 2432 657 2472 articulum
671 2431 748 2472 mortis
763 2432 889 2482 complicem
902 2433 926 2473 ln

180 2503 272 2543 crimine
285 2501 361 2552 turpii
381 2497 404 2550 2)
417 2501 492 2540 utrum
506 2499 586 2539 saltem
598 2499 682 2539 habeat
694 2499 817 2549 praefatam
834 2498 927 2538 faculta-

179 2572 224 2610 tem
238 2569 260 2608 in
276 2579 336 2617 casn,
352 2577 394 2618 quo
408 2567 500 2617 propter
513 2566 628 2606 imminens
642 2565 763 2615 periculum
777 2565 874 2606 scandali
888 2567 927 2604 ant

179 2635 272 2676 ulterius
282 2634 356 2682 gravis
366 2633 418 2672 mall
429 2642 529 2672 recursus
542 2632 570 2672 ad
580 2633 599 2675 S.
609 2631 685 2672 sedem
699 2632 748 2671 lieri
763 2633 840 2682 nequit
847 2641 926 2680 oppor-

179 2704 234 2741 tuno
255 2698 368 2748 temporei
399 2697 545 2746 congregatio
564 2695 586 2738 S.
601 2697 673 2739 omen
694 2697 808 2746 respondit
825 2694 859 2736 18.
872 2697 927 2737 Julll

179 2761 251 2807 186⁰.=
267 2763 295 2803 ad
308 2765 403 2814 primum
416 2765 549 2814 repetita·
564 2763 592 2803 od
602 2762 732 2803 seeundum:
747 2763 840 2804 coosulat
851 2763 926 2802 Decre-

178 2830 231 2870 ioler
240 2829 350 2869 mammete
363 2827 408 2873 III.
423 2831 442 2869 st
453 2831 550 2878 probatos
564 2833 664 2878 amores,
678 2830 734 2868 inter
747 2828 824 2878 puteas.
835 2827 926 2878 Alphos·

179 2907 225 2936 tam
238 2894 275 2934 tto.
290 2893 309 2936 7.
318 2907 335 2935 o.
346 2894 364 2934 1.
375 2895 401 2934 de
410 2895 508 2935 Oemarr'r
520 2907 542 2935 o.
553 2893 588 2936 ot.
601 2895 629 2934 ad
637 2892 672 2935 92.
684 2893 728 2942 Osr.
737 2895 786 2932 noto
794 2891 812 2932 1.
820 2903 870 2943 poa.
877 2889 926 2934 459.
