2106 3228
435 197 550 242 Praelatio.
840 199 896 241 xm

105 294 166 351 uum
182 299 351 356 sacerdotum
374 301 447 358 festo
467 301 664 359 Purificetionis
681 303 714 358 B.
732 303 771 357 M.
791 303 833 374 V„
857 303 895 360 le·

105 379 140 434 ria
151 381 194 438 IV.
208 383 343 453 cinerum,
361 385 504 439 Domiuica
521 385 682 455 Palmarum,
702 393 730 441 et
742 386 835 441 ultimo
848 389 895 442 trid

105 461 150 518 duo
176 467 282 524 maioris
309 467 499 525 hebdomadae
531 469 682 526 motiones
714 472 895 540 praescriptas

104 561 222 618 peregere
240 567 295 607 uon
313 558 431 621 possunt
449 551 484 606 ad
501 554 626 608 amussim
641 553 760 608 Missalis
773 553 895 627 Romani,

105 635 205 691 accessit
212 637 377 692 Memacenis
386 637 500 691 Ritaam
510 637 649 706 Benedicti
657 638 731 693 Xlll.
744 639 895 696 noussimis
918 701 923 710 ¹

104 713 127 771 S.
141 715 171 773 R.
190 719 219 777 C.
238 720 357 776 decretis
375 709 544 776 illustratum.

135 800 168 856 Ut
179 802 308 859 Manuale
328 804 411 858 etiam
428 804 457 857 in
470 803 603 859 exercitiis
617 804 800 873 spiritualibus
817 805 850 864 a
862 805 895 862 R.

101 879 131 940 Ι).
147 883 179 938 D.
197 886 385 942 sacerdotibus
403 887 490 956 possit
506 886 653 957 inservire,
682 887 803 943 ordinem
823 889 893 944 diur-

99 981 168 1037 num,
194 969 240 1036 qui
257 968 317 1024 fere
336 969 437 1036 ubique
462 969 490 1023 in
514 985 592 1026 sacro
616 986 725 1028 secessu
744 971 893 1043 adhibetur,

99 1064 152 1104 cum
174 1053 336 1109 necessariis
365 1052 488 1123 monitis,
518 1053 696 1123 precibusque
720 1057 895 1111 communiter

97 1135 232 1194 recitandis
251 1143 280 1193 et
297 1136 428 1192 materias
452 1138 581 1193 examinis
605 1139 775 1207 particularis
794 1139 893 1196 addere

98 1216 204 1274 dcuevi.

127 1315 352 1389 Moguntiae,
370 1317 440 1372 ldib.
458 1317 524 1374 Dec.
542 1318 761 1374 MDGCGLXIV.

467 1414 498 1469 Ρ.
519 1413 580 1469 dos.
599 1413 761 1482 Schneider,
781 1413 811 1470 8.
830 1413 858 1470 l.

446 1564 546 1579 WVWW

177 1666 367 1725 Praelatio
389 1667 436 1724 ad
456 1669 594 1724 sextam
615 1667 818 1724 editionem.

126 1757 198 1826 Quae
225 1762 255 1815 in
289 1767 370 1816 sexta
396 1760 476 1815 huius
508 1760 570 1815 libri
597 1760 714 1816 editione
740 1758 896 1816 edomanda

95 1843 198 1912 uuam,
215 1843 288 1898 haec
303 1849 382 1898 sunt:
402 1842 493 1912 „Ordo
511 1844 584 1899 vitae
597 1842 788 1899 sacerdotalis“
806 1844 895 1900 multis

96 1922 139 1979 SS.
156 1927 269 1983 Patrum
298 1927 377 1982 dictis
404 1935 549 1984 exornatus
568 1935 624 1997 est;
649 1929 739 1997 capita
763 1928 815 1998 „de
833 1944 895 1997 par-

95 2007 160 2065 ebus
172 2011 321 2067 mobilibus
334 2011 437 2066 Missae
451 2010 543 2067 Officio
557 2011 727 2081 conformis“,
745 2011 797 2082 „dc
810 2012 896 2068 Missa

94 2091 221 2150 inaliena
241 2094 377 2169 ecclesia“
403 2102 430 2150 et
455 2094 506 2172 „dc
527 2096 620 2152 Missis
644 2097 760 2153 votivis“
784 2104 895 2168 mutam,

95 2177 238 2248 emendata,
258 2185 341 2233 aucta
360 2183 431 2236 sunt

124 2258 155 2314 ln
171 2260 215 2316 his
230 2260 299 2316 locis
318 2267 347 2315 et
360 2275 410 2329 per
422 2267 508 2316 totum
528 2261 625 2316 librum
637 2261 788 2316 recentiora
805 2277 894 2317 sacra·

94 2360 147 2402 rau
165 2348 414 2417 Congregationnm
433 2347 542 2404 decreta
560 2348 653 2419 adieci,
681 2357 709 2404 ct
733 2350 779 2404 ubi
803 2365 895 2405 neees-

94 2431 187 2486 sasinm
200 2433 248 2486 vel
261 2432 329 2486 utile
343 2431 431 2486 visum
445 2439 494 2502 est,
509 2433 643 2502 assignavi
655 2439 711 2488 am
720 2434 748 2488 in
760 2440 895 2504 contextu,

93 2529 167 2582 qnam
185 2517 215 2571 in
233 2517 307 2572 notis
326 2514 424 2585 fontes,
443 2517 489 2570 ubi
502 2515 559 2572 Ra.
579 2516 726 2573 confratres
744 2517 896 2575 uberiorem

92 2595 293 2654 instructionem
314 2597 350 2652 de
368 2600 483 2654 materia
494 2601 532 2654 ibi
546 2606 662 2656 tractae
674 2607 767 2670 petere
782 2601 895 2669 possint

92 2678 213 2751 Denique
233 2682 317 2752 capiti
343 2680 396 2750 „de
414 2683 598 2738 reservatione
616 2681 743 2738 casuum“
765 2683 897 2750 integram

94 2761 317 2820 Gonsdtutionem
348 2762 397 2818 SS.
422 2763 483 2819 DD.
502 2765 538 2820 N.
557 2764 600 2819 Pii
618 2766 673 2821 PP.
691 2765 738 2823 IX.
765 2764 790 2820 d.
805 2763 830 2818 d.
848 2765 896 2818 IV.

92 2841 130 2900 ld.
154 2843 375 2916 Octob.·1869.‚
407 2861 461 2915 qua
491 2861 621 2903 censurae
647 2847 720 2902 latae
749 2847 898 2902 sententiae
943 2905 948 2916 ‚
