2098 3222
165 146 205 190 794
321 148 355 190 De
368 149 498 199 quibusdam
511 149 562 189 allis
576 149 713 190 sacerdotnm
726 149 810 192 omum.

200 251 307 308 Parasti
325 251 353 305 in
371 257 517 320 conspectu
534 265 594 306 meo
608 265 741 306 mensam:
760 249 890 308 adversm
909 265 964 322 eos,

165 323 212 392 qui
229 322 358 377 tribulant
375 337 426 379 mc.
548 327 551 334 '

200 393 376 462 Impinguasti
393 393 421 448 in
439 392 499 448 oleo
518 399 599 462 caput
616 407 722 462 meum3
748 398 776 447 et
801 392 872 447 calix
889 410 964 450 meus

166 466 194 520 in
215 464 330 534 ebriane,
350 463 600 533 quampraeclarus
618 465 674 518 est!
718 485 721 492 ·

201 536 239 591 Et
249 535 431 590 misericordia
443 544 491 590 tua
505 535 682 603 subsequetur
694 550 755 606 me;
773 537 897 592 omnibus
911 535 964 592 die·
1031 575 1032 582 κ

165 608 217 664 bus
233 608 305 661 vitae
323 620 408 661 meae.

201 678 239 734 Et
257 685 287 732 ut
303 677 449 732 inhabitem
472 677 502 731 in
526 676 604 732 domo
622 677 744 734 Domini:
770 679 800 734 in
822 678 966 748 longitudi·
1031 735 1032 752 ,

164 763 227 806 nem
246 748 357 806 dierum.
958 747 962 754 ’
1031 755 1032 780 ¹

204 819 296 875 Gloria
312 819 388 873 Patri
405 825 455 878 etc.
474 817 549 874 Sicut
566 826 625 874 erat
643 825 693 874 etc.

203 891 286 961 Kyrie
305 889 414 946 eleison.
434 889 540 945 Christe
560 891 669 946 eleison.
687 891 771 960 Kyrie
790 892 905 950 eleison.

202 963 285 1018 Pater
302 968 394 1017 noster
412 967 461 1016 etc.
479 966 586 1016 reuco.

208 1034 240 1091 V.
257 1034 295 1088 Et
312 1047 346 1087 ne
364 1048 414 1088 nos
430 1031 541 1088 inducas
559 1033 587 1086 in
604 1033 786 1103 tentationem,
801 1040 852 1088 etc.

207 1104 239 1159 V.
258 1103 353 1159 Salvos
370 1101 413 1158 lac
430 1105 523 1158 serv'os
542 1109 611 1173 tuos,
630 1110 680 1159 etc.

208 1175 239 1232 V.
257 1175 336 1229 Mitte
355 1175 402 1244 eis,
419 1174 542 1244 Domine,
561 1175 688 1230 auxilium
707 1174 740 1230 de
759 1183 861 1246 saneto,
880 1182 933 1232 eto.

207 1246 239 1302 V.
257 1245 332 1300 Nihil
349 1244 472 1314 proficiat
488 1246 609 1302 inimicus
627 1247 655 1299 in
673 1246 721 1315 eis,
739 1253 790 1302 etc.

207 1317 240 1374 V.
257 1316 295 1371 Et
312 1317 336 1372 si
353 1315 520 1372 mortiferum
537 1316 601 1386 quid
618 1317 741 1388 biberint,

203 1388 238 1443 R.
257 1387 320 1442 Non
338 1389 377 1444 cis
394 1389 510 1445 nocebit

207 1459 238 1513 V.
256 1459 379 1527 Domine,
398 1459 495 1513 exandi
513 1465 563 1514 etc.

201 1529 324 1586 Oramus.
360 1530 474 1585 Domine
493 1537 593 1600 sancte,
618 1529 701 1584 Pater
726 1529 904 1600 omnipotens,
922 1543 965 1585 ae·

167 1609 245 1658 terne
262 1602 345 1670 Deus,
371 1602 417 1669 qui
434 1601 533 1656 Filium
557 1608 633 1655 tuum
652 1600 714 1655 Tibi
732 1609 914 1670 coaeternum,
940 1607 966 1656 et

169 1672 421 1729 consubstantialem
439 1671 473 1726 de
492 1672 574 1728 coelis
591 1671 761 1741 descendero,
780 1678 808 1727 et
826 1671 860 1726 de
879 1688 965 1728 sacra·

168 1746 272 1801 tissima
288 1743 398 1812 Virgine
416 1743 504 1797 Maria
528 1744 556 1798 in
573 1743 625 1797 hoo
648 1749 769 1812 tempore
794 1743 966 1812 plenitudinis

169 1815 303 1872 incarnari
326 1815 511 1884 temporaliter
534 1814 651 1883 voluisti,
675 1821 706 1869 ut
731 1829 809 1869 ovem
834 1813 966 1884 perditam

170 1894 198 1942 et
216 1892 349 1942 errantem
374 1893 523 1955 quaereret,
549 1885 628 1940 etin
652 1884 770 1941 humeris
797 1887 915 1956 propriis
933 1884 967 1940 ad

171 1957 241 2013 ovile
251 1964 419 2027 reportaret,
436 1971 541 2012 necnon
558 1963 589 2011 ut
603 1971 672 2027 eum,
691 1957 737 2024 qui
754 1956 782 2010 in
794 1956 916 2012 latrones
928 1956 967 2010 in·

125 2045 126 2052 ¹
170 2027 242 2100 cidit,
261 2045 278 2083 a
294 2028 434 2101 vulnerum
452 2041 560 2084 suorum
579 2026 679 2097 dolore,
697 2026 839 2096 infundens
857 2028 910 2097 ipsi
928 2028 967 2080 ri·

169 2115 233 2154 num
251 2107 279 2155 et
297 2097 392 2168 oleum,
411 2106 532 2168 curaret3
549 2097 679 2165 bene†dic
697 2105 725 2154 et
742 2097 899 2166 sanctifflca
916 2098 968 2154 hoc

169 2173 268 2242 unum,
287 2169 359 2239 quod
377 2169 410 2224 de
428 2171 482 2225 rite
500 2170 528 2224 in
545 2176 639 2239 potum
654 2170 790 2225 hominum
807 2169 967 2240 produxisti,
1031 2167 1032 2184 ¹

170 2250 199 2299 et
216 2249 332 2312 praesta,
350 2248 381 2297 ut
398 2241 518 2310 qusquis
535 2242 565 2296 in
582 2240 633 2296 hac
651 2256 728 2296 sacra
745 2241 914 2296 solemnitate
935 2239 967 2294 de

170 2329 204 2369 eo
223 2314 366 2383 sumpserit
382 2314 427 2367 vel
443 2312 549 2383 biberit,
574 2313 687 2370 salutem
705 2312 808 2368 animae
828 2320 855 2367 et
873 2327 968 2387 corpo·

170 2385 208 2439 ria
227 2391 413 2454 consequatur,
439 2390 467 2439 et
490 2384 514 2439 si
537 2385 566 2438 in
586 2383 801 2453 peregrinatione
820 2381 909 2453 merit,
935 2383 969 2438 ab

171 2453 274 2526 eodem,
292 2463 340 2511 tua
359 2455 446 2527 gratia
457 2454 599 2526 mediante,
618 2454 782 2511 confortatur
807 2455 897 2510 utria
911 2453 969 2510 eius
1031 2479 1032 2482 ¹

170 2527 199 2580 in
217 2528 288 2581 omni
305 2527 483 2597 prosperitate
502 2525 641 2595 dirigatur.
675 2526 730 2582 Per
756 2496 892 2582 cinctum
913 2525 969 2580 Do·

170 2596 271 2650 minum
288 2605 417 2654 nostrum.
435 2628 470 2637 —
489 2597 524 2654 R.
543 2599 637 2652 Amen.

207 2665 267 2721 Alta
286 2669 388 2725 oratio.
428 2667 546 2724 &aaut
571 2669 685 2724 Domine
704 2670 771 2725 Jesu
789 2667 904 2738 Christe,
924 2666 970 2738 qni

170 2743 198 2792 te
216 2737 298 2791 ritem
314 2753 415 2807 reram,
434 2747 462 2795 et
480 2746 586 2796 sanctos
598 2740 746 2809 Apostolos
763 2745 824 2795 tuos
843 2739 971 2808 palmites

170 2807 301 2876 appellari
319 2808 435 2880 voluisti,
455 2817 483 2866 et
500 2810 535 2866 de
554 2811 675 2868 omnibns
694 2819 723 2868 te
742 2810 913 2882 diligentibus
931 2811 971 2866 vi·

1031 3111 1032 3148 l
