2124 3230
146 151 188 194 886
319 153 352 194 Dc
366 123 513 194 celebratione
526 153 561 198 88.
575 153 656 196 Missae
669 154 778 196 maritali

146 255 245 312 libram
263 253 327 310 dicit
345 255 442 326 (capite
460 261 551 310 erecta
570 263 599 310 et
615 255 737 310 manibus
754 255 851 312 iunctis
870 254 900 312 S.
912 255 951 312 R.

151 324 180 382 0.
197 329 240 380 16.
253 327 340 384 Mart.
355 329 444 394 1833.)
466 326 584 394 Oramus,
602 327 742 382 amalliate
755 327 848 395 capita
860 332 953 382 aetra

147 397 216 465 Dea,
247 405 328 466 caput
357 398 486 452 inclinans
518 398 636 452 extensis
665 397 788 452 manibus
814 398 953 466 subiungit

147 467 243 523 eadem
260 485 326 524 vace
345 469 500 524 Orationem
518 485 601 537 super
617 469 746 537 papulum
763 468 862 524 ibidem
875 469 950 537 pasi-

147 546 217 608 tam3
245 556 300 608 qua
321 538 397 595 finita
424 541 558 596 osculatur
583 541 667 594 altare
693 546 721 594 et
737 546 846 596 vertens
865 555 895 596 aa
914 541 952 596 ad

147 610 277 679 papulum
296 611 373 667 dicit:
388 611 524 666 Dominae
541 611 677 667 vobiscum
696 618 724 666 et
742 611 795 665 alia
808 618 838 666 ut
857 627 951 680 supra.

186 685 229 739 12.
255 683 303 736 De
327 682 581 738 benedictione
608 683 646 737 in
670 681 741 737 fine
765 682 895 737 Missae
914 691 964 748 et⁸

147 753 344 822 Evangelia
363 753 391 810 S.
405 754 422 808 J
429 755 561 810 oannis.
580 753 720 822 DiataIte,
734 753 824 808 Missa
837 759 884 820 est,
902 755 949 810 vel

148 825 347 878 Beraeda'camas
363 825 491 894 Domina,
510 832 645 894 utsupra,
664 825 802 879 celebrans
816 831 878 880 ante
893 841 950 880 ma-

149 893 221 948 dium
240 895 336 950 altaris*
351 903 434 964 stans,
451 897 547 950 iunctis
561 896 683 950 manibus
697 912 779 964 super
793 911 834 964 ea,
863 902 892 952 et
906 913 950 952 aa·

147 965 204 1034 pite
222 966 347 1020 inclinata
375 966 510 1035 (sacerdes
532 967 642 1022 madeat
667 967 705 1034 se)
734 967 798 1021 dicit
824 975 949 1023 secreta:

147 1036 262 1092 Placeat
274 1037 332 1103 tadi,
350 1043 446 1092 sanata
461 1038 582 1092 Trinitas
597 1045 656 1106 eta,
675 1053 728 1105 qua
742 1037 813 1094 dicto
828 1039 949 1094 extensis

147 1107 270 1162 manibus
287 1108 349 1162 hinc
375 1108 438 1164 inde
463 1124 544 1176 super
567 1108 651 1164 altare
677 1109 786 1178 positis,
813 1109 902 1178 ipsum
920 1111 949 1164 in

147 1177 236 1232 media
250 1179 401 1248 ascrdatur3
419 1187 475 1234 tum
490 1181 596 1248 erigens
609 1195 647 1248 se,
656 1179 675 1249 ¹)
693 1179 780 1234 adhuc
798 1188 873 1236 stans
887 1196 949 1236 ver·

148 1265 195 1304 sus
212 1248 287 1319 illud,
312 1251 401 1306 elevat
418 1250 453 1304 ad
472 1252 575 1306 caelum
593 1251 685 1306 oculas
703 1259 731 1306 et
749 1267 851 1320 manus,
880 1268 949 1320 quas

148 1319 269 1384 extendit
287 1320 396 1390 (elevat)
415 1329 443 1376 et
459 1322 552 1391 iungit,
576 1329 709 1390 caputque
727 1323 799 1376 araci
816 1323 948 1380 inclinans

149 1391 213 1445 dicit
239 1407 307 1446 vace
331 1393 504 1461 intelligibili:
532 1393 681 1448 Benedicat
709 1409 756 1448 aaa
781 1395 949 1462 amnipotens

148 1462 232 1530 Deras,
251 1470 279 1518 et
297 1463 330 1532 (si
346 1463 394 1520 SS.
409 1465 608 1519 Sacramentum
626 1465 777 1533 expositum
796 1472 846 1532 est,
865 1481 949 1533 genu·

148 1531 273 1605 flectitur,
290 1535 371 1590 Mem.
386 1535 453 1603 Ra.)
473 1535 570 1592 iunctis
588 1537 709 1592 manibus
728 1552 759 1590 aa
778 1535 901 1591 demissis
920 1537 949 1591 in¹

147 1612 248 1660 terram
266 1606 358 1675 aculis,
376 1614 484 1662 vertens
502 1622 532 1661 se
552 1605 586 1662 ad
599 1607 728 1675 papalum
747 1623 764 1662 a
782 1608 890 1662 sinistra
909 1608 948 1662 la·

146 1685 205 1732 tere
224 1676 259 1731 ad
278 1676 415 1747 dextrum,
439 1685 551 1732 extensa
568 1693 649 1732 manu
667 1677 778 1746 dextra,
796 1679 947 1746 iunctisque

148 1747 237 1816 digitis
256 1755 284 1802 et
300 1765 381 1802 manu
399 1749 507 1804 sinistra
531 1747 601 1804 infra
618 1757 712 1817 pectus
731 1749 836 1818 posita,
865 1750 948 1804 semel

147 1818 281 1874 benedicit
298 1821 398 1888 papula
417 1820 521 1876 dicens:
550 1821 636 1874 Pater
654 1825 679 1874 et
695 1821 789 1876 Filiae
806 1822 824 1888 †
842 1827 869 1874 et
886 1820 948 1889 Spi-

146 1891 352 1947 recusatores.
387 1891 420 1946 R.
438 1891 534 1958 Aeaea,
553 1898 581 1946 et
599 1891 725 1946 circulum
743 1890 886 1959 perficiens
904 1907 948 1946 aa·

147 1959 219 2015 aedit
236 1959 271 2014 ad
288 1977 372 2016 cornu
384 1962 534 2032 Evangelii,
553 1961 611 2032 [ἓὸ.
633 1962 804 2018 Sacramenta
823 1963 948 2031 exposita

147 2031 285 2087 celebrans
303 2031 374 2088 dicta
398 2034 511 2090 Placeat
528 2038 575 2088 etc.
602 2034 738 2088 osculatur
756 2034 856 2101 altare,
886 2033 950 2090 dicit

147 2101 296 2156 Benedicat
313 2119 361 2158 aas
378 2106 545 2173 amaegatena
557 2104 634 2159 Deua
652 2105 710 2162 sine
729 2105 824 2174 capitis
837 2105 948 2160 inclina·

146 2173 228 2242 tione,
247 2189 309 2228 max
329 2173 492 2245 genuflectit,
510 2177 592 2230 vertit
610 2191 639 2232 se
658 2174 693 2229 ad
710 2176 847 2244 papulum,
867 2177 949 2230 bene·

147 2242 290 2298 dictorem
307 2261 382 2300 more
401 2247 480 2302 salita
498 2247 657 2315 impertitur,
675 2262 730 2302 nan
743 2246 850 2315 perficit
862 2248 948 2302 airau-

146 2313 210 2383 lum,
228 2331 283 2370 nan
301 2316 405 2372 accedit
418 2317 453 2372 ad
466 2317 582 2372 medium
596 2318 696 2385 altaris,
716 2334 771 2372 nan
784 2317 948 2388 genuflectit,

147 2383 196 2441 sad
210 2385 246 2438 ad
258 2386 343 2442 altare
358 2403 512 2458 conversus,
530 2388 702 2458 progreditur
716 2388 751 2442 ad
763 2405 847 2444 carna
859 2389 950 2444 Evan-

147 2455 210 2524 gelii
226 2455 432 2530 (Gardelliaffl,
459 2460 506 2514 ubi
524 2460 594 2514 dicto
613 2461 750 2514 Dominae
767 2461 903 2516 astaram
922 2465 950 2516 et

162 2633 184 2684 ι)
199 2635 222 2674 st
234 2635 309 2674 antam
322 2633 442 2675 celebravit
455 2645 496 2684 pra
510 2635 628 2684 defunctis,
647 2636 706 2675 dieta
720 2635 806 2676 Placeat
820 2637 860 2676 ttdi
873 2639 915 2680 etc.
929 2637 952 2678 at

201 2699 302 2740 amuleta
314 2699 389 2749 utari,
404 2701 488 2740 accedit
501 2700 530 2741 ad
544 2711 613 2740 carna
624 2701 738 2750 Evangelii
751 2703 774 2740 et
787 2701 843 2742 dicit
852 2701 951 2752 aranga

200 2765 256 2804 llum
269 2765 290 2809 s.
303 2765 405 2815 Jaanntr,
424 2767 581 2816 amtermlssa
594 2767 753 2818 benedictione,
767 2777 824 2815 qaae
837 2768 862 2808 ln
875 2769 951 2810 Kissia

200 2827 354 2870 damnatarum
366 2840 412 2870 nan
425 2831 496 2876 datur.
523 2833 583 2882 (aa,
593 2832 667 2874 uate.
683 2832 744 2876 Mtte.
759 2832 812 2877 ΧΗ.
826 2832 857 2884 4.)
