2130 3242
149 146 191 190 tit
327 149 360 189 De
374 149 565 190 §aeramentorum
583 149 778 193 administratione.

38 283 44 307 t
150 253 208 308 rice
226 251 399 322 confiteatur,
427 253 450 308 si
475 259 579 308 asserat
603 267 633 308 se
659 267 721 310 esse
739 252 896 320 connitum,
926 260 957 308 et

150 323 256 380 aliunde
274 324 397 380 videatur
413 323 467 378 fide
491 332 520 379 et
538 325 629 380 animo
645 332 785 392 constans,
813 330 861 378 aut
877 323 953 380 illico

150 397 238 464 etiarn,-
257 402 304 450 aut
317 396 393 450 brevi
404 395 565 464 interposita
576 395 712 464 dilatione,
731 394 836 450 absolvi
848 401 952 462 potest.

186 467 239 534 Qui
256 467 419 535 gravissimis
437 467 554 535 peccatis
577 466 622 521 diu
646 474 673 522 et
696 465 815 522 effraena
832 481 953 535 propen-

150 538 225 594 sione
243 538 356 606 patratis
375 538 513 607 sordescit,
531 553 586 592 non
600 544 642 592 est
655 537 842 606 absolvendus,
862 538 886 592 si
904 553 956 592 no-

149 610 181 664 lit
198 611 269 666 serio
287 609 420 678 laborare,
438 616 469 664 ut
482 608 701 664 consuetudinem
718 609 813 677 vincat,
833 623 884 662 nec
896 623 955 664 me·

150 680 195 734 dia
218 696 236 734 a
259 679 422 736 confessario
447 680 594 748 prudenter
619 680 759 748 proposita
784 679 850 734 velit
875 679 954 734 adhi-

147 752 229 820 ‘bere;
246 752 315 807 ratio
335 759 384 820 cst,
411 752 474 820 qrria
492 767 524 806 eo
543 753 603 819 ipso
621 767 676 805 non
693 751 752 806 vult
770 751 873 806 sincere
892 766 955 806 cor·

150 823 209 892 rigi,
225 823 345 890 quamvis
360 830 471 892 asserat,
492 837 521 878 se
534 823 604 876 velle
618 823 700 876 vitam
717 828 831 890 mutare,
849 828 878 876 et
889 837 954 890 pro·

150 894 213 948 inde
236 901 278 948 est
304 893 459 960 simpliciter
483 893 665 962 indispositus.
701 893 765 948 lllos
792 895 955 961 ematociae

51 973 53 978 '
151 973 182 1019 ut
198 971 376 1033 revertantur,
396 979 456 1020 esee
474 963 634 1033 invitandos,
659 972 690 1018 ut
706 963 742 1019 ad
759 964 954 1020 sacramentale

149 1035 238 1091 iorum
255 1036 372 1104 regressi
391 1036 566 1091 absolutionis
584 1035 713 1090 beneficio
733 1035 873 1104 donentur,
895 1043 953 1090 mo-

150 1106 310 1162 netBenod.
326 1106 419 1160 XlV.
411 1122 440 1160 rn
452 1107 532 1162 Bulla
544 1107 590 1175 Ap
592 1107 704 1162 aetolico
724 1109 767 1161 26.
783 1106 953 1163 Junii1749.

187 1178 330 1234 Reciditur
349 1185 461 1232 vocatur
479 1179 538 1248 ille,
565 1178 611 1246 qui
635 1176 706 1232 idem
723 1185 863 1246 peecatum
881 1193 953 1232 mor·

149 1248 204 1303 talc
221 1249 310 1316 pergit
327 1249 491 1305 committere
509 1257 572 1318 post
596 1249 763 1318 propositum
788 1247 953 1304 emendatio-

149 1319 200 1388 nis,
218 1327 332 1388 postque
346 1320 438 1389 plures
451 1328 576 1388 peractas
591 1319 781 1388 confessiones,
801 1318 898 1374 eodem
907 1320 956 1374 rel

148 1390 369 1446 maiorennmero
381 1392 513 1461 lapsuum,
530 1391 712 1459 absqneomni
732 1391 812 1446 etiam
826 1391 954 1446 inchoata

150 1461 348 1531 emendatione,
373 1463 436 1518 licet
454 1463 566 1530 aliqum
562 1462 681 1518 remedia
704 1461 740 1517 ad
757 1478 813 1518 non
829 1462 954 1517 relaben-

150 1532 213 1588 dum
231 1533 391 1588 adhibuerit.

186 1605 295 1660 certum
313 1612 369 1673 est,
395 1604 477 1660 etiam
494 1605 616 1674 praecise
633 1603 783 1673 loquendo,
807 1603 954 1660 absolutio·

149 1692 211 1732 nem
229 1675 287 1732 dari
305 1690 385 1745 posse
406 1677 483 1730 toties
502 1677 605 1745 quoae
622 1676 676 1732 illis
694 1674 828 1744 recidivis,
852 1676 900 1742 qui
918 1691 954 1730 ex

149 1763 225 1804 mera
241 1747 387 1816 fragilitate
405 1747 434 1802 in
452 1747 546 1802 eadem
560 1755 672 1815 peccata
686 1761 768 1816 saepe
786 1747 952 1816 relabuntur,

150 1818 292 1874 dummodo
307 1835 366 1873 cum
380 1834 446 1872 vera
464 1817 497 1872 de
516 1819 569 1873 illis
583 1818 741 1874 contritione
761 1825 789 1873 et
806 1817 884 1872 firmo
898 1833 953 1873 non

150 1891 263 1958 amplius
276 1887 404 1959 peccandi
413 1890 551 1959 proposito
564 1889 599 1944 ad
607 1890 799 1957 poenitentiam
813 1888 950 1944 accedant

151 1960 337 2016 Confessarius
351 1967 441 2015 autem
463 1967 526 2015 tunc
539 1960 687 2029 prudenter
702 1960 804 2016 iudicat
816 1959 951 2016 recidivas

149 2047 214 2087 vere
233 2040 295 2086 actu
313 2031 404 2086 dolere
423 2047 454 2086 ae
476 2047 636 2100 proponere,
656 2040 736 2100 atque
754 2031 855 2087 idcirco
874 2046 952 2100 spem

147 2102 237 2158 facere
257 2102 458 2170 emendationis,
478 2101 585 2171 quando
603 2103 655 2171 ipsi
673 2119 727 2158 non
741 2118 787 2158 ore
803 2102 953 2171 dumtaxat,

149 2173 198 2230 sed
216 2189 250 2228 ex
268 2175 355 2228 animo
375 2173 502 2243 dixerint,
525 2173 664 2229 redolere
683 2190 715 2228 ac
732 2189 894 2242 proponere,
923 2181 952 2228 et

107 2289 110 2296 .
149 2245 275 2300 sinulla¹
289 2243 370 2299 fuerit
393 2245 577 2314 praesumptio
597 2245 631 2300 *iu
648 2245 826 2313 carnarium,
857 2259 952 2299 eornm

150 2315 249 2371 dictum
268 2315 383 2384 elidens,
412 2317 451 2370 uti
469 2333 523 2371 non
543 2324 599 2384 est,
627 2316 734 2384 quando
762 2316 815 2371 iam
834 2315 952 2384 aliquam

149 2387 221 2442 vitae
239 2386 451 2442 emendationem
470 2387 623 2442 attulerunt.

187 2457 336 2512 Uenetiam
355 2464 409 2524 est,
439 2465 559 2526 spectato
584 2473 693 2513 munere
720 2457 877 2514 confessarii
895 2472 951 2514 ser·

149 2528 240 2584 viendi
252 2529 347 2584 maiori
360 2529 467 2584 utilitati
481 2530 584 2584 ammae
599 2529 770 2598 poenitentis,
785 2528 893 2584 differre
907 2543 950 2584 re·

149 2599 243 2656 cidivis
261 2600 430 2667 quantumvis
456 2599 607 2670 dispositis,
635 2601 727 2655 habito
754 2601 830 2669 prius
857 2615 953 2655 eorum

150 2686 282 2726 consensu
309 2670 344 2724 ad
368 2671 449 2724 breve
471 2679 576 2738 tempus
607 2670 815 2739 absolutionem,
844 2671 974 2739 quando·

151 2741 281 2796 discretus
296 2749 323 2796 et
335 2740 453 2808 prudens
470 2741 648 2798 confessarius
667 2757 727 2797 eam
740 2743 897 2798 dilationem
915 2741 951 2796 ad
994 2769 997 2777 ·

149 2811 179 2866 id
196 2811 354 2886 iudicaverit
367 2819 544 2880 opportunam
553 2841 587 2852 -
596 2814 650 2869 imo
663 2813 771 2869 ridetur
778 2819 954 2882 praeceptam
