2128 3228
364 185 485 224 Instructlo
499 185 642 226 clamentIns.
670 175 674 182 '⁵
863 182 903 227 'ld’l

7 267 11 278 ’
103 281 337 350 fideles'adsunt);
356 282 483 338 diaconus
500 298 617 352 congrum
635 290 755 352 tempore
775 284 902 354 ascendit,

106 361 134 410 et
147 352 219 408 iacta
231 352 418 422 genuflexione
433 352 632 409 Sacramentum
647 355 765 424 assumit,
783 355 901 424 illudque

104 431 178 481 stans
197 423 339 492 genuflexo
359 425 433 480 dabit
450 424 603 494 celebranti,
623 426 765 493 statimque
783 425 902 494 genufle-

103 496 158 551 ctit.
195 495 355 564 Celebrans,
377 496 498 551 manibus
517 497 685 551 extremitate
707 497 761 552 veli
778 498 899 552 humera·

102 567 141 622 lis.
155 567 298 635 coopertis,
324 567 391 620 illud
409 568 520 623 assumit
538 575 566 622 et
583 568 668 636 surgit
685 569 854 634 (convertens
871 584 901 624 se

104 637 139 692 ad
163 638 310 706 populum).
353 639 465 707 Incepto
490 638 551 693 dein
576 654 593 692 a
618 639 771 694 cantoribus
795 639 900 708 Hymno

101 710 225 777 Pange
249 710 386 780 lingua,
413 717 463 765 etc.
489 709 538 765 sub
562 708 749 764 baldachinum
772 710 902 779 procedit,

105 781 237 835 submissa
263 796 329 835 voce
354 781 476 836 Psalmos
504 788 531 836 et
554 781 674 850 Hymnus
698 781 814 837 recitans
841 798 901 836 oum

103 851 231 906 ministris
249 851 373 920 pluvialis
391 851 509 908 fimbrias
527 853 726 907 sustinentibus.

139 923 200 980 XX.
227 923 368 978 Processio
393 939 427 978 cx
445 931 502 979 toto
521 925 649 978 ecclesiae
668 924 740 978 clero
759 938 901 993 compona-

102 1001 161 1062 tur3
182 993 295 1048 crucifer
312 995 340 1048 in
359 995 410 1048 hac
427 994 563 1050 functione
580 1011 635 1050 non
654 995 836 1050 subdiaconali
853 996 900 1050 ha-

100 1064 173 1134 bitu,
209 1064 257 1120 sed
282 1065 475 1133 siperpelliceo
502 1067 553 1121 erit
582 1066 699 1130 indutus.
748 1067 901 1122 Interernnt
932 1107 935 1110 -

104 1136 298 1205 superpelliceo
316 1135 409 1205 induti,
434 1144 461 1192 et
479 1151 571 1192 cereos
591 1137 715 1193 ardentes
732 1138 760 1192 in
777 1138 900 1194 manibus

117 1207 232 1276 extimis]
258 1214 381 1262 tenentes
401 1215 461 1262 octo
481 1207 642 1278 sacerdotes,
661 1209 707 1276 qui
724 1209 865 1264 hincinde
884 1225 901 1264 a

115 1277 234 1333 uteribus
253 1285 315 1331 ante
333 1277 518 1333 baldachinum
536 1279 627 1348 ibunt;
644 1280 718 1348 ipsos
737 1281 900 1349 subsequen·

105 1355 150 1402 tur
168 1348 221 1402 dno
240 1347 356 1416 acolythi
375 1365 434 1402 oum
451 1349 601 1418 thuribulis,
620 1351 744 1405 continuo
762 1353 899 1420 perviam
960 1397 962 1409 .

105 1417 304 1476 Sanctissimum
318 1419 500 1488 incessantem
520 1419 632 1475 durante
645 1423 817 1489 processione
830 1439 900 1478 oam-

101 1504 189 1558 panae
208 1489 361 1544 solemniter
378 1491 562 1558 pulsabuntur.

137 1561 212 1616 XXI.
231 1561 372 1616 Processio
385 1560 416 1614 fit
428 1563 499 1616 intra
513 1561 666 1630 ecclesiam3
686 1561 757 1629 quod
775 1563 799 1618 si
817 1564 900 1618 cccle-

105 1630 162 1686 siae
188 1632 310 1700 angnstia
335 1633 438 1701 exigat,
465 1647 515 1701 per
532 1634 649 1702 plateam
668 1634 741 1687 exire
765 1640 900 1704 poterunt,

104 1717 174 1771 qnae
193 1711 235 1757 est
252 1711 315 1758 ante
333 1704 479 1773 ecclesiam,
505 1703 552 1759 sed
571 1702 716 1760 curandum
734 1711 783 1773 est,
807 1710 838 1758 ut
856 1713 900 1759 ea-

70 1808 79 1818 ·
104 1772 165 1828 dem
193 1772 276 1828 nitide
300 1773 450 1829 mundetur.
486 1775 538 1830 Ubi
562 1791 628 1829 vero
653 1775 768 1829 occurrit
786 1773 900 1846 officina,

102 1845 148 1900 vel
165 1845 285 1913 taberna,
303 1853 423 1915 tempore
440 1846 620 1915 processionis
639 1847 690 1900 erit
706 1845 863 1914 claudenda,

134 1916 225 1970 XXII.
245 1916 323 1984 Quod
341 1919 365 1972 si
381 1919 497 1973 existant
510 1917 684 1973 saecularium
699 1916 899 1972 confraternita-

103 1994 161 2057 tes,
190 1988 247 2043 sive
266 2003 343 2042 sacco
362 1989 415 2043 alnt
430 1989 529 2058 induti,
558 1989 614 2044 sive
637 2004 706 2058 non,
733 1995 789 2043 tam
807 2004 899 2044 eorum

102 2058 233 2128 praefecti
251 2066 279 2114 ct
297 2059 429 2129 officiales,
448 2075 527 2129 quam
541 2059 696 2129 confratres,
715 2075 807 2116 omnes
821 2061 899 2115 simul

7 2145 8 2154 ¹
101 2132 130 2185 in
148 2147 229 2186 unum
249 2145 346 2199 corpus
365 2132 519 2200 congregati
538 2130 743 2201 progredientur
761 2138 823 2186 ante
841 2147 899 2187 sae·

7 2215 9 2280 j
102 2201 219 2256 ornarem
243 2209 271 2256 ot
288 2201 438 2270 regularem
464 2203 564 2257 clerum
590 2203 628 2257 ibi
646 2205 829 2271 praesentem,
857 2202 899 2256 oui

102 2288 208 2357 semper
226 2273 373 2357 digniorem
390 2274 477 2328 locum
496 2273 592 2328 cedere
611 2273 752 2358 debebunt.
771 2272 899 2356 Prohibe·

101 2344 899 2484 {attan

103 2500 165 2555 que,
191 2495 254 2554 post
271 2486 457 2542 baldachinum
476 2487 599 2542 incedere
617 2494 797 2555 praesumant.
832 2487 898 2542 Pos-

7 2607 8 2616 ,
102 2562 165 2612 sunt
181 2563 272 2612 tamen
290 2557 353 2613 dicti
378 2558 502 2616 officiales
528 2559 645 2614 manicos
668 2557 820 2612 baldachIni
837 2573 899 2627 por·

8 2649 9 2652 ¹
102 2633 169 2696 tare,
195 2627 308 2682 officium
326 2645 390 2684 sane
407 2631 497 2699 magni
514 2630 632 2698 honoris,
657 2628 692 2683 ad
710 2628 790 2699 quod,
814 2635 844 2684 ut
862 2629 900 2683 ait
949 2635 953 2644 ’

7 2699 9 2758 ἲ
103 2697 303 2754 eaeremoniale
321 2700 517 2770 Episcoporum
541 2701 596 2770 (lib.
613 2702 648 2754 II.
667 2715 725 2769 cap.
744 2701 798 2771 33.)
817 2700 898 2768 depu-

7 2837 9 2850 .
102 2775 194 2826 tentur
210 2770 314 2825 nobiles
331 2773 390 2841 virI,
407 2773 531 2842 barones,
551 2779 601 2827 etc.
695 2815 699 2824 .

141 2841 241 2896 XXIII.
260 2841 340 2897 Dicto
358 2843 438 2914 clero,
457 2851 512 2899 tam
530 2843 669 2914 saeculari,
688 2857 767 2911 quam
783 2839 901 2911 retulffl
