2146 3234
350 158 383 198 Da
397 159 538 200 sacramanto
551 159 692 201 Matrimonii.
879 157 920 200 aci

121 261 166 330 tis,
185 268 216 317 ιιι
234 260 313 316 docet
331 260 359 314 S.
377 261 489 329 Lignori
507 260 552 316 lib.
570 263 596 315 6.
614 277 641 315 n.
663 262 750 330 lile,
770 261 793 316 si
812 277 846 316 ex
864 279 920 318 ma·

120 333 292 388 nifastatione
310 332 440 387 ntdlitatis
459 347 604 388 consensus
629 332 773 385 maximum
795 333 921 389 timeatur

119 402 323 472 incommodum,
352 403 375 458 si
398 403 495 456 coniux
519 402 700 470 impedimenti
727 404 848 458 conscius
867 421 922 459 non

121 475 208 544 possit
232 475 333 528 evitare
357 473 533 529 redditionem
558 473 642 528 debiti
672 473 773 541 absque
800 476 920 542 periculo

121 545 248 615 scandali,
272 552 335 600 tnnc
358 546 462 600 radone
488 546 658 600 necessitatis
682 545 834 612 opinionem
853 547 921 604 alias

120 619 239 674 tenuitur
263 616 429 685 probabilem
463 617 626 684 amplectens
657 616 716 684 ipse
742 615 931 672 confessarius

120 689 270 758 poenitenti
288 688 443 756 permittere
462 694 560 757 potest
586 693 617 742 ιιι
643 702 801 742 consensum
820 702 853 741 ex
872 704 921 744 sua

119 767 198 830 parte
216 759 336 828 renovet,
356 765 383 813 et
401 759 506 828 coniugi
523 759 626 827 petenti
644 757 762 813 debitum
779 757 884 817 reddat.

159 829 920 899 112Proiemsusceptammoncamcncxac-

120 901 336 969 ulteri0)vel
354 900 831 970 suscipiendamlagitimam
845 917 920 970 pro·

120 970 329 1028 nuntiando.
366 971 460 1027 Proles
484 979 549 1027 nata
574 987 608 1026 ex
626 972 797 1027 Matrimonia
814 973 920 1040 publico

121 1052 150 1100 ot
167 1041 305 1099 bonafide
327 1049 471 1112 contracto,
490 1043 609 1112 legitima
626 1049 774 1111 reputatur,
792 1043 855 1098 iicet
871 1059 920 1113 po·

97 1122 183 1180 ,stca
208 1114 356 1184 detegatur,
382 1114 448 1169 illud
472 1112 555 1170 fuisse
580 1113 726 1168 invalidum
751 1115 785 1169 ob
811 1114 920 1183 aliquod

121 1187 209 1241 latens
217 1185 450 1254 impedimentum
463 1185 543 1253 idque
557 1201 650 1240 verum
663 1193 705 1240 est
719 1187 798 1242 etiam
812 1185 919 1254 quando

121 1273 192 1313 unus
210 1258 351 1324 coniugum
360 1255 411 1310 fuit
427 1257 456 1311 in
474 1257 554 1326 bona,
572 1257 641 1310 alter
654 1272 718 1312 vero
732 1258 760 1310 in
774 1258 844 1312 mula
856 1257 919 1312 fide.

121 1329 186 1384 Filii
203 1328 339 1383 naturales
354 1328 406 1382 orti
420 1343 454 1381 ex
463 1327 627 1396 parentibus,
646 1327 716 1382 inter
729 1344 796 1394 qnos
809 1330 921 1396 nuptiae

122 1400 269 1454 consistere
293 1405 433 1468 poterant,
459 1414 509 1467 per
534 1399 698 1466 subsequens
720 1399 920 1454 Matrimonium

121 1471 318 1540 legitimantur3
343 1476 406 1524 tunc
432 1471 501 1523 enim
526 1468 633 1524 fictione
650 1471 716 1525 iuris
734 1469 844 1526 effectus
861 1471 920 1524 Ma·

122 1542 241 1597 immonii
257 1540 446 1596 retrotrahitur
463 1540 498 1594 ad
515 1547 629 1610 tempus,
648 1557 700 1608 quo
718 1548 782 1595 nata
800 1547 842 1597 est
858 1557 920 1610 pro-

122 1613 172 1690 les.
208 1613 265 1667 Imo
294 1612 328 1666 ed
353 1613 405 1666 hoc
429 1611 531 1681 sufficit,
556 1618 587 1666 ut
610 1619 737 1680 parent-es
761 1611 861 1667 fuerint
886 1611 921 1666 ed

122 1682 333 1739 contrahendum
346 1682 450 1738 habiles
465 1699 498 1738 eo
515 1689 645 1752 tempore,
664 1698 717 1750 quo
731 1689 861 1750 concepta
879 1690 921 1738 est

122 1755 229 1825 proles3
247 1761 312 1810 tunc
326 1754 396 1808 enim
409 1769 444 1808 ex
461 1754 636 1809 fornicatione
655 1753 770 1824 quidem,
788 1769 843 1808 non
855 1769 920 1809 vero

122 1843 157 1882 ex
176 1826 317 1896 adulterio,
337 1839 424 1893 neque
444 1839 478 1878 ex
494 1827 597 1880 incestu
616 1825 745 1893 procedit.
763 1825 832 1880 Hinc
850 1841 876 1882 v.
895 1841 921 1894 g.

124 1898 205 1953 (laius
224 1897 327 1952 solutus
345 1897 515 1952 rem.habuit
532 1913 592 1950 oum
610 1897 702 1966 Sylria
720 1897 821 1965 soluta3
839 1897 921 1964 paulo

120 1975 184 2038 post
207 1969 329 2022 Flavium
355 1966 431 2022 duxit
454 1983 581 2037 uxorem,
606 1983 719 2035 quacum
750 1983 800 2036 per
823 1968 921 2023 multos

122 2055 207 2095 annos
225 2046 404 2094 commoratus
429 2046 485 2108 est3
510 2054 543 2094 ea
567 2053 632 2094 vero
657 2039 713 2094 vita
736 2038 828 2094 iuncta
845 2039 922 2094 duxit

122 2111 249 2181 Sylviam.
285 2110 379 2165 Proles
406 2109 469 2164 olim
494 2125 528 2164 ex
545 2121 587 2164 ‘ea
610 2117 675 2164 nata
691 2125 741 2179 per
758 2111 810 2164 hcc
827 2110 921 2165 Matri·

121 2183 239 2238 monium
266 2181 442 2250 legitimam,
467 2187 561 2248 utpote
592 2189 721 2249 concepta
752 2196 787 2235 ex
818 2181 921 2238 solutis.

122 2253 186 2323 (Gir.
206 2253 313 2307 Scarini
330 2259 394 2306 tom.
413 2252 459 2308 1v.
478 2251 549 2321 626.)
568 2251 664 2306 Utrum
681 2267 747 2308 vero
765 2251 800 2307 ad
814 2251 921 2320 praedi-

64 2347 67 2352 ·
121 2332 191 2380 ctam
204 2325 422 2394 legitimationem
440 2324 506 2378 satis
525 2338 631 2390 quoque
655 2323 698 2392 sit,
716 2330 842 2391 parentes
860 2337 921 2378 esse

122 2397 156 2450 ab
166 2397 238 2451 omni
246 2395 352 2450 vinculo
363 2394 465 2450 solutos
479 2400 609 2464 tempore,
627 2409 680 2460 quo
690 2395 808 2448 nascitur
821 2394 920 2464 proles,

121 2467 192 2522 inter
210 2467 361 2522 canonistas
380 2465 594 2520 controvertitur.
619 2465 834 2533 Propositionem
852 2464 921 2520 affir-

122 2544 238 2592 mantem
255 2538 331 2592 multi
349 2536 456 2604 quidem
470 2542 648 2605 propugnant,
666 2537 814 2605 propositio
829 2544 920 2592 tamen

122 2623 224 2676 negans
241 2606 406 2676 probabilior
429 2607 544 2676 videtin,
571 2607 599 2660 1⁰
627 2607 690 2675 quia
714 2615 835 2675 spectato
860 2608 919 2662 iure

121 2685 243 2748 naturae,
260 2679 305 2733 iile
322 2693 419 2734 revera
436 2679 543 2747 spurius
561 2685 611 2746 est,
638 2679 684 2746 qui
702 2685 775 2733 certo
795 2693 829 2734 ex
847 2677 920 2733 adul-

121 2749 191 2806 terio
208 2749 259 2804 fuit
277 2756 436 2818 concaptus;
460 2751 490 2804 2⁰
508 2749 571 2817 quia
588 2751 630 2804 ius
649 2749 725 2804 civile
742 2757 849 2805 nostras
867 2764 921 2803 non

122 2820 238 2878 attendit
254 2819 289 2875 ad
307 2827 413 2890 tempus
431 2821 587 2892 nativitatis,
615 2819 664 2876 sed
680 2827 783 2877 tantum
802 2819 837 2875 ad
854 2826 920 2875 tem·
