<?xml version="1.0" encoding="UTF-8"?>
<!DOCTYPE html PUBLIC "-//W3C//DTD XHTML 1.0 Transitional//EN"
    "http://www.w3.org/TR/xhtml1/DTD/xhtml1-transitional.dtd">
<html xmlns="http://www.w3.org/1999/xhtml" xml:lang="en" lang="en">
 <head>
  <title>
</title>
<meta http-equiv="Content-Type" content="text/html;charset=utf-8" />
  <meta name='ocr-system' content='tesseract 3.04.00' />
  <meta name='ocr-capabilities' content='ocr_page ocr_carea ocr_par ocr_line ocrx_word'/>
</head>
<body>
  <div class='ocr_page' id='page_1' title='image "./manualesacerdot00schngoog_0841.png"; bbox 0 0 2098 3222; ppageno 0'>
   <div class='ocr_carea' id='block_1_1' title="bbox 198 237 890 288">
    <p class='ocr_par' dir='ltr' id='par_1_1' title="bbox 198 237 890 288">
     <span class='ocr_line' id='line_1_1' title="bbox 198 237 890 288; baseline 0.006 -10"><span class='ocrx_word' id='word_1_1' title='bbox 198 239 314 278; x_wconf 75' lang='lat' dir='ltr'>Formulaa</span> <span class='ocrx_word' id='word_1_2' title='bbox 329 239 417 287; x_wconf 82' lang='lat' dir='ltr'>petendi</span> <span class='ocrx_word' id='word_1_3' title='bbox 431 239 504 280; x_wconf 76' lang='lat' dir='ltr'>varin</span> <span class='ocrx_word' id='word_1_4' title='bbox 516 239 634 280; x_wconf 78' lang='lat' dir='ltr'>facultates</span> <span class='ocrx_word' id='word_1_5' title='bbox 649 243 671 279; x_wconf 85' lang='lat' dir='ltr'>at</span> <span class='ocrx_word' id='word_1_6' title='bbox 685 241 775 288; x_wconf 84' lang='lat' dir='ltr'>gratlas.</span> <span class='ocrx_word' id='word_1_7' title='bbox 849 237 890 282; x_wconf 78' lang='lat' dir='ltr'>ala</span> 
     </span>
    </p>
   </div>
   <div class='ocr_carea' id='block_1_2' title="bbox 85 339 905 1618">
    <p class='ocr_par' dir='ltr' id='par_1_2' title="bbox 87 339 886 829">
     <span class='ocr_line' id='line_1_2' title="bbox 89 339 886 410; baseline 0.005 -16"><span class='ocrx_word' id='word_1_8' title='bbox 89 339 247 410; x_wconf 78' lang='lat' dir='ltr'>differatur).</span> <span class='ocrx_word' id='word_1_9' title='bbox 268 383 270 390; x_wconf 93' lang='lat'><em>.</em></span> <span class='ocrx_word' id='word_1_10' title='bbox 284 340 339 396; x_wconf 84' lang='lat' dir='ltr'>Sed</span> <span class='ocrx_word' id='word_1_11' title='bbox 356 341 419 409; x_wconf 78' lang='lat' dir='ltr'>qudo</span> <span class='ocrx_word' id='word_1_12' title='bbox 442 346 504 394; x_wconf 82' lang='lat' dir='ltr'>coto</span> <span class='ocrx_word' id='word_1_13' title='bbox 517 345 665 409; x_wconf 74' lang='lat' dir='ltr'>perpetuae</span> <span class='ocrx_word' id='word_1_14' title='bbox 688 343 822 396; x_wconf 77' lang='lat' dir='ltr'>meditatie</span> <span class='ocrx_word' id='word_1_15' title='bbox 839 342 886 398; x_wconf 90' lang='lat' dir='ltr'>cb·</span> 
     </span>
     <span class='ocr_line' id='line_1_3' title="bbox 89 411 885 482; baseline 0.003 -16"><span class='ocrx_word' id='word_1_16' title='bbox 89 413 205 480; x_wconf 88' lang='lat' dir='ltr'>strictus,</span> <span class='ocrx_word' id='word_1_17' title='bbox 224 411 386 466; x_wconf 86' lang='lat' dir='ltr'>desiderium</span> <span class='ocrx_word' id='word_1_18' title='bbox 410 428 487 467; x_wconf 89' lang='lat' dir='ltr'>suum</span> <span class='ocrx_word' id='word_1_19' title='bbox 510 413 566 466; x_wconf 89' lang='lat' dir='ltr'>hac</span> <span class='ocrx_word' id='word_1_20' title='bbox 584 413 613 466; x_wconf 92' lang='lat' dir='ltr'>in</span> <span class='ocrx_word' id='word_1_21' title='bbox 637 419 715 481; x_wconf 86' lang='lat' dir='ltr'>parte</span> <span class='ocrx_word' id='word_1_22' title='bbox 740 412 885 482; x_wconf 89' lang='lat' dir='ltr'>adimplere</span> 
     </span>
     <span class='ocr_line' id='line_1_4' title="bbox 87 481 886 552; baseline 0.005 -16"><span class='ocrx_word' id='word_1_23' title='bbox 87 499 144 538; x_wconf 89' lang='lat' dir='ltr'>nou</span> <span class='ocrx_word' id='word_1_24' title='bbox 153 489 251 552; x_wconf 85' lang='lat' dir='ltr'>potest,</span> <span class='ocrx_word' id='word_1_25' title='bbox 265 481 399 540; x_wconf 84' lang='lat' dir='ltr'>humiliter¹</span> <span class='ocrx_word' id='word_1_26' title='bbox 408 483 548 552; x_wconf 74' lang='lat' dir='ltr'>supplicat,</span> <span class='ocrx_word' id='word_1_27' title='bbox 563 483 695 550; x_wconf 72' lang='lat' dir='ltr'>quatenus</span> <span class='ocrx_word' id='word_1_28' title='bbox 703 483 886 540; x_wconf 84' lang='lat' dir='ltr'>Illustrissima</span> 
     </span>
     <span class='ocr_line' id='line_1_5' title="bbox 87 554 886 623; baseline 0.003 -15"><span class='ocrx_word' id='word_1_29' title='bbox 87 555 188 610; x_wconf 85' lang='lat' dir='ltr'>Vestra</span> <span class='ocrx_word' id='word_1_30' title='bbox 206 555 299 610; x_wconf 85' lang='lat' dir='ltr'>Gratia</span> <span class='ocrx_word' id='word_1_31' title='bbox 317 570 427 612; x_wconf 82' lang='lat' dir='ltr'>cumen</span> <span class='ocrx_word' id='word_1_32' title='bbox 446 554 602 622; x_wconf 83' lang='lat' dir='ltr'>dispensare</span> <span class='ocrx_word' id='word_1_33' title='bbox 626 554 758 623; x_wconf 86' lang='lat' dir='ltr'>dignetur,</span> <span class='ocrx_word' id='word_1_34' title='bbox 785 563 815 610; x_wconf 89' lang='lat' dir='ltr'>nt</span> <span class='ocrx_word' id='word_1_35' title='bbox 838 556 886 610; x_wconf 93' lang='lat' dir='ltr'>im·</span> 
     </span>
     <span class='ocr_line' id='line_1_6' title="bbox 88 625 883 696; baseline 0 -16"><span class='ocrx_word' id='word_1_36' title='bbox 88 625 242 694; x_wconf 87' lang='lat' dir='ltr'>pedimento</span> <span class='ocrx_word' id='word_1_37' title='bbox 251 625 382 693; x_wconf 76' lang='lat' dir='ltr'>praedicti</span> <span class='ocrx_word' id='word_1_38' title='bbox 393 627 450 680; x_wconf 86' lang='lat' dir='ltr'>voti</span> <span class='ocrx_word' id='word_1_39' title='bbox 463 642 517 680; x_wconf 90' lang='lat' dir='ltr'>non</span> <span class='ocrx_word' id='word_1_40' title='bbox 526 626 658 695; x_wconf 89' lang='lat' dir='ltr'>obstante,</span> <span class='ocrx_word' id='word_1_41' title='bbox 676 625 883 696; x_wconf 70' lang='lat' dir='ltr'>Matrimonium,</span> 
     </span>
     <span class='ocr_line' id='line_1_7' title="bbox 87 695 796 822; baseline -0.001 -68"><span class='ocrx_word' id='word_1_42' title='bbox 87 697 325 822; x_wconf 49' lang='lat' dir='ltr'>servatavilgucilii</span> <span class='ocrx_word' id='word_1_43' title='bbox 344 696 493 752; x_wconf 83' lang='lat' dir='ltr'>Tridentini</span> <span class='ocrx_word' id='word_1_44' title='bbox 509 695 596 752; x_wconf 84' lang='lat' dir='ltr'>forma</span> <span class='ocrx_word' id='word_1_45' title='bbox 614 737 621 751; x_wconf 92' lang='lat'>.</span> <span class='ocrx_word' id='word_1_46' title='bbox 640 737 648 755; x_wconf 87' lang='lat'><strong>.</strong></span> <span class='ocrx_word' id='word_1_47' title='bbox 668 735 703 754; x_wconf 79' lang='grc'>..</span> <span class='ocrx_word' id='word_1_48' title='bbox 753 713 757 722; x_wconf 91' lang='grc'><strong><em>·</em></strong></span> <span class='ocrx_word' id='word_1_49' title='bbox 791 751 796 759; x_wconf 86' lang='grc'><strong>,</strong></span> 
     </span>
     <span class='ocr_line' id='line_1_8' title="bbox 223 785 751 829; baseline 0 -7"><span class='ocrx_word' id='word_1_50' title='bbox 223 785 262 822; x_wconf 84' lang='lat' dir='ltr'>e:</span> <span class='ocrx_word' id='word_1_51' title='bbox 747 821 751 829; x_wconf 91' lang='grc'><em>,</em></span> 
     </span>
    </p>

    <p class='ocr_par' dir='ltr' id='par_1_3' title="bbox 93 838 735 897">
     <span class='ocr_line' id='line_1_9' title="bbox 93 838 735 897; baseline -0.008 0"><span class='ocrx_word' id='word_1_52' title='bbox 93 888 97 897; x_wconf 26' lang='lat' dir='ltr'>r</span> <span class='ocrx_word' id='word_1_53' title='bbox 160 838 393 894; x_wconf 86' lang='lat' dir='ltr'>Reverendissime</span> <span class='ocrx_word' id='word_1_54' title='bbox 409 839 561 894; x_wconf 67' lang='lat' dir='ltr'>dionisam</span> <span class='ocrx_word' id='word_1_55' title='bbox 580 838 735 894; x_wconf 73' lang='lat' dir='ltr'>Generalis!</span> 
     </span>
    </p>

    <p class='ocr_par' dir='ltr' id='par_1_4' title="bbox 85 909 905 1618">
     <span class='ocr_line' id='line_1_10' title="bbox 126 909 886 978; baseline 0.001 -13"><span class='ocrx_word' id='word_1_56' title='bbox 126 910 271 966; x_wconf 81' lang='lat' dir='ltr'>Oaia&#39;ante</span> <span class='ocrx_word' id='word_1_57' title='bbox 289 910 357 966; x_wconf 90' lang='lat' dir='ltr'>duos</span> <span class='ocrx_word' id='word_1_58' title='bbox 375 910 471 964; x_wconf 85' lang='lat' dir='ltr'>abhinc</span> <span class='ocrx_word' id='word_1_59' title='bbox 489 925 574 966; x_wconf 86' lang='lat' dir='ltr'>annos</span> <span class='ocrx_word' id='word_1_60' title='bbox 591 910 716 978; x_wconf 87' lang='lat' dir='ltr'>privatim</span> <span class='ocrx_word' id='word_1_61' title='bbox 735 909 822 965; x_wconf 84' lang='lat' dir='ltr'>emisit</span> <span class='ocrx_word' id='word_1_62' title='bbox 839 926 886 966; x_wconf 87' lang='lat' dir='ltr'>vo·</span> 
     </span>
     <span class='ocr_line' id='line_1_11' title="bbox 86 979 889 1050; baseline 0.001 -14"><span class='ocrx_word' id='word_1_63' title='bbox 86 989 146 1036; x_wconf 89' lang='lat' dir='ltr'>tum</span> <span class='ocrx_word' id='word_1_64' title='bbox 163 988 311 1050; x_wconf 76' lang='lat' dir='ltr'>perpetuae</span> <span class='ocrx_word' id='word_1_65' title='bbox 329 981 467 1036; x_wconf 86' lang='lat' dir='ltr'>castitatis.</span> <span class='ocrx_word' id='word_1_66' title='bbox 493 981 602 1036; x_wconf 88' lang='lat' dir='ltr'>Interim</span> <span class='ocrx_word' id='word_1_67' title='bbox 619 995 684 1036; x_wconf 78' lang='lat' dir='ltr'>vero</span> <span class='ocrx_word' id='word_1_68' title='bbox 704 979 830 1036; x_wconf 81' lang='lat' dir='ltr'>defuncta</span> <span class='ocrx_word' id='word_1_69' title='bbox 847 988 889 1038; x_wconf 89' lang='lat' dir='ltr'>est</span> 
     </span>
     <span class='ocr_line' id='line_1_12' title="bbox 87 1051 887 1131; baseline 0.001 -23"><span class='ocrx_word' id='word_1_70' title='bbox 87 1053 147 1108; x_wconf 86' lang='lat' dir='ltr'>eius</span> <span class='ocrx_word' id='word_1_71' title='bbox 166 1069 243 1107; x_wconf 90' lang='lat' dir='ltr'>soror</span> <span class='ocrx_word' id='word_1_72' title='bbox 260 1053 345 1121; x_wconf 86' lang='lat' dir='ltr'>unica,</span> <span class='ocrx_word' id='word_1_73' title='bbox 363 1053 402 1107; x_wconf 90' lang='lat' dir='ltr'>ita</span> <span class='ocrx_word' id='word_1_74' title='bbox 420 1059 450 1106; x_wconf 89' lang='lat' dir='ltr'>ut</span> <span class='ocrx_word' id='word_1_75' title='bbox 469 1051 534 1131; x_wconf 76' lang='lat' dir='ltr'>(laia</span> <span class='ocrx_word' id='word_1_76' title='bbox 550 1052 689 1120; x_wconf 87' lang='lat' dir='ltr'>praedium</span> <span class='ocrx_word' id='word_1_77' title='bbox 707 1053 887 1114; x_wconf 84' lang='lat' dir='ltr'>rasticnmsa·</span> 
     </span>
     <span class='ocr_line' id='line_1_13' title="bbox 87 1123 886 1192; baseline 0 -14"><span class='ocrx_word' id='word_1_78' title='bbox 87 1125 123 1178; x_wconf 86' lang='lat' dir='ltr'>tis</span> <span class='ocrx_word' id='word_1_79' title='bbox 143 1123 259 1191; x_wconf 88' lang='lat' dir='ltr'>amplum</span> <span class='ocrx_word' id='word_1_80' title='bbox 277 1139 346 1178; x_wconf 88' lang='lat' dir='ltr'>nunc</span> <span class='ocrx_word' id='word_1_81' title='bbox 364 1123 509 1190; x_wconf 86' lang='lat' dir='ltr'>possideat.</span> <span class='ocrx_word' id='word_1_82' title='bbox 545 1124 614 1178; x_wconf 90' lang='lat' dir='ltr'>Hinc</span> <span class='ocrx_word' id='word_1_83' title='bbox 638 1130 717 1192; x_wconf 90' lang='lat' dir='ltr'>pater</span> <span class='ocrx_word' id='word_1_84' title='bbox 741 1139 828 1179; x_wconf 87' lang='lat' dir='ltr'>senex·</span> <span class='ocrx_word' id='word_1_85' title='bbox 842 1141 886 1178; x_wconf 90' lang='lat' dir='ltr'>ur·</span> 
     </span>
     <span class='ocr_line' id='line_1_14' title="bbox 87 1193 886 1262; baseline 0.004 -14"><span class='ocrx_word' id='word_1_86' title='bbox 87 1201 144 1262; x_wconf 86' lang='lat' dir='ltr'>get,</span> <span class='ocrx_word' id='word_1_87' title='bbox 162 1201 192 1250; x_wconf 91' lang='lat' dir='ltr'>ut</span> <span class='ocrx_word' id='word_1_88' title='bbox 211 1195 276 1248; x_wconf 85' lang='lat' dir='ltr'>Gaia</span> <span class='ocrx_word' id='word_1_89' title='bbox 299 1195 372 1248; x_wconf 89' lang='lat' dir='ltr'>ineat</span> <span class='ocrx_word' id='word_1_90' title='bbox 389 1193 588 1248; x_wconf 77' lang='lat' dir='ltr'>Matrimonium</span> <span class='ocrx_word' id='word_1_91' title='bbox 612 1211 672 1249; x_wconf 90' lang='lat' dir='ltr'>cum</span> <span class='ocrx_word' id='word_1_92' title='bbox 701 1195 781 1250; x_wconf 87' lang='lat' dir='ltr'>Titio.</span> <span class='ocrx_word' id='word_1_93' title='bbox 819 1196 886 1251; x_wconf 81' lang='lat' dir='ltr'>Cum</span> 
     </span>
     <span class='ocr_line' id='line_1_15' title="bbox 89 1264 885 1334; baseline 0.005 -16"><span class='ocrx_word' id='word_1_94' title='bbox 89 1265 177 1322; x_wconf 86' lang='lat' dir='ltr'>Titius</span> <span class='ocrx_word' id='word_1_95' title='bbox 194 1264 273 1320; x_wconf 87' lang='lat' dir='ltr'>valde</span> <span class='ocrx_word' id='word_1_96' title='bbox 291 1265 372 1320; x_wconf 88' lang='lat' dir='ltr'>etiam</span> <span class='ocrx_word' id='word_1_97' title='bbox 389 1265 478 1332; x_wconf 87' lang='lat' dir='ltr'>instet,</span> <span class='ocrx_word' id='word_1_98' title='bbox 497 1265 563 1318; x_wconf 85' lang='lat' dir='ltr'>Gaia</span> <span class='ocrx_word' id='word_1_99' title='bbox 579 1266 607 1318; x_wconf 91' lang='lat' dir='ltr'>in</span> <span class='ocrx_word' id='word_1_100' title='bbox 619 1267 739 1332; x_wconf 82' lang='lat' dir='ltr'>periculo</span> <span class='ocrx_word' id='word_1_101' title='bbox 756 1267 885 1334; x_wconf 88' lang='lat' dir='ltr'>peccandi</span> 
     </span>
     <span class='ocr_line' id='line_1_16' title="bbox 87 1335 887 1406; baseline 0.006 -18"><span class='ocrx_word' id='word_1_102' title='bbox 87 1342 219 1390; x_wconf 84' lang='lat' dir='ltr'>versatur.</span> <span class='ocrx_word' id='word_1_103' title='bbox 256 1335 344 1402; x_wconf 76' lang='lat' dir='ltr'>Quare</span> <span class='ocrx_word' id='word_1_104' title='bbox 362 1350 412 1403; x_wconf 91' lang='lat' dir='ltr'>per</span> <span class='ocrx_word' id='word_1_105' title='bbox 429 1349 472 1388; x_wconf 90' lang='lat' dir='ltr'>me</span> <span class='ocrx_word' id='word_1_106' title='bbox 489 1335 624 1390; x_wconf 89' lang='lat' dir='ltr'>humiliter</span> <span class='ocrx_word' id='word_1_107' title='bbox 641 1337 768 1406; x_wconf 88' lang='lat' dir='ltr'>postulat,</span> <span class='ocrx_word' id='word_1_108' title='bbox 794 1345 825 1393; x_wconf 90' lang='lat' dir='ltr'>ut</span> <span class='ocrx_word' id='word_1_109' title='bbox 843 1354 887 1393; x_wconf 90' lang='lat' dir='ltr'>su·</span> 
     </span>
     <span class='ocr_line' id='line_1_17' title="bbox 88 1405 885 1475; baseline 0.005 -15"><span class='ocrx_word' id='word_1_110' title='bbox 88 1405 226 1474; x_wconf 86' lang='lat' dir='ltr'>perdicto</span> <span class='ocrx_word' id='word_1_111' title='bbox 245 1413 308 1460; x_wconf 89' lang='lat' dir='ltr'>voto</span> <span class='ocrx_word' id='word_1_112' title='bbox 328 1423 387 1460; x_wconf 89' lang='lat' dir='ltr'>cum</span> <span class='ocrx_word' id='word_1_113' title='bbox 403 1407 463 1474; x_wconf 90' lang='lat' dir='ltr'>ipsa</span> <span class='ocrx_word' id='word_1_114' title='bbox 472 1405 586 1474; x_wconf 85' lang='lat' dir='ltr'>benigne</span> <span class='ocrx_word' id='word_1_115' title='bbox 605 1406 774 1475; x_wconf 79' lang='lat' dir='ltr'>dispensetur</span> <span class='ocrx_word' id='word_1_116' title='bbox 786 1409 827 1464; x_wconf 89' lang='lat' dir='ltr'>-ad</span> <span class='ocrx_word' id='word_1_117' title='bbox 846 1409 885 1464; x_wconf 85' lang='lat' dir='ltr'>ei·</span> 
     </span>
     <span class='ocr_line' id='line_1_18' title="bbox 85 1475 884 1546; baseline 0.005 -16"><span class='ocrx_word' id='word_1_118' title='bbox 85 1475 194 1546; x_wconf 82' lang='lat' dir='ltr'>fectum,</span> <span class='ocrx_word' id='word_1_119' title='bbox 213 1484 243 1531; x_wconf 91' lang='lat' dir='ltr'>ut</span> <span class='ocrx_word' id='word_1_120' title='bbox 259 1477 331 1531; x_wconf 89' lang='lat' dir='ltr'>licite</span> <span class='ocrx_word' id='word_1_121' title='bbox 350 1493 382 1530; x_wconf 89' lang='lat' dir='ltr'>ac</span> <span class='ocrx_word' id='word_1_122' title='bbox 399 1476 486 1531; x_wconf 88' lang='lat' dir='ltr'>valide</span> <span class='ocrx_word' id='word_1_123' title='bbox 510 1493 570 1530; x_wconf 90' lang='lat' dir='ltr'>cum</span> <span class='ocrx_word' id='word_1_124' title='bbox 594 1477 665 1532; x_wconf 88' lang='lat' dir='ltr'>Titio</span> <span class='ocrx_word' id='word_1_125' title='bbox 684 1479 884 1534; x_wconf 80' lang='lat' dir='ltr'>Matrimonium</span> 
     </span>
     <span class='ocr_line' id='line_1_19' title="bbox 85 1549 905 1618; baseline 0.004 -16"><span class='ocrx_word' id='word_1_126' title='bbox 85 1549 245 1602; x_wconf 81' lang='lat' dir='ltr'>contrahere</span> <span class='ocrx_word' id='word_1_127' title='bbox 269 1549 297 1602; x_wconf 90' lang='lat' dir='ltr'>in</span> <span class='ocrx_word' id='word_1_128' title='bbox 322 1563 408 1616; x_wconf 87' lang='lat' dir='ltr'>eoque</span> <span class='ocrx_word' id='word_1_129' title='bbox 435 1563 593 1616; x_wconf 87' lang='lat' dir='ltr'>permanere</span> <span class='ocrx_word' id='word_1_130' title='bbox 618 1549 714 1604; x_wconf 87' lang='lat' dir='ltr'>valeat.</span> <span class='ocrx_word' id='word_1_131' title='bbox 751 1549 805 1604; x_wconf 89' lang='lat' dir='ltr'>Pro</span> <span class='ocrx_word' id='word_1_132' title='bbox 831 1567 905 1618; x_wconf 89' lang='lat' dir='ltr'>qua.</span> 
     </span>
    </p>
   </div>
   <div class='ocr_carea' id='block_1_3' title="bbox 84 1619 884 1746">
    <p class='ocr_par' dir='ltr' id='par_1_5' title="bbox 84 1619 884 1746">
     <span class='ocr_line' id='line_1_20' title="bbox 84 1619 884 1702; baseline 0.003 -28"><span class='ocrx_word' id='word_1_133' title='bbox 84 1620 175 1702; x_wconf 79' lang='lat' dir='ltr'>gratia</span> <span class='ocrx_word' id='word_1_134' title='bbox 191 1619 320 1674; x_wconf 84' lang='lat' dir='ltr'>maximas</span> <span class='ocrx_word' id='word_1_135' title='bbox 339 1626 401 1688; x_wconf 90' lang='lat' dir='ltr'>aget</span> <span class='ocrx_word' id='word_1_136' title='bbox 419 1620 518 1688; x_wconf 87' lang='lat' dir='ltr'>gratias</span> <span class='ocrx_word' id='word_1_137' title='bbox 542 1633 583 1689; x_wconf 90' lang='lat' dir='ltr'>ea,</span> <span class='ocrx_word' id='word_1_138' title='bbox 609 1635 663 1688; x_wconf 86' lang='lat' dir='ltr'>qua</span> <span class='ocrx_word' id='word_1_139' title='bbox 679 1636 730 1689; x_wconf 89' lang='lat' dir='ltr'>par</span> <span class='ocrx_word' id='word_1_140' title='bbox 748 1628 790 1676; x_wconf 90' lang='lat' dir='ltr'>est</span> <span class='ocrx_word' id='word_1_141' title='bbox 807 1636 884 1676; x_wconf 85' lang='lat' dir='ltr'>reve·</span> 
     </span>
     <span class='ocr_line' id='line_1_21' title="bbox 85 1691 802 1746; baseline -0.003 -2"><span class='ocrx_word' id='word_1_142' title='bbox 85 1697 174 1744; x_wconf 86' lang='lat' dir='ltr'>centra</span> <span class='ocrx_word' id='word_1_143' title='bbox 192 1697 219 1744; x_wconf 87' lang='lat' dir='ltr'>et</span> <span class='ocrx_word' id='word_1_144' title='bbox 237 1691 409 1746; x_wconf 88' lang='lat' dir='ltr'>veneratione</span> <span class='ocrx_word' id='word_1_145' title='bbox 429 1698 478 1744; x_wconf 91' lang='lat' dir='ltr'>etc.</span> <span class='ocrx_word' id='word_1_146' title='bbox 799 1692 802 1698; x_wconf 86' lang='lat'><em>&#39;</em></span> 
     </span>
    </p>
   </div>
   <div class='ocr_carea' id='block_1_4' title="bbox 86 1827 888 2008">
    <p class='ocr_par' dir='ltr' id='par_1_6' title="bbox 86 1827 888 2008">
     <span class='ocr_line' id='line_1_22' title="bbox 86 1827 888 1886; baseline 0.002 -12"><span class='ocrx_word' id='word_1_147' title='bbox 86 1828 109 1874; x_wconf 75' lang='lat'>7.</span> <span class='ocrx_word' id='word_1_148' title='bbox 132 1827 256 1872; x_wconf 80' lang='lat' dir='ltr'>Formula</span> <span class='ocrx_word' id='word_1_149' title='bbox 269 1829 375 1884; x_wconf 84' lang='lat' dir='ltr'>petendi</span> <span class='ocrx_word' id='word_1_150' title='bbox 391 1828 609 1884; x_wconf 79' lang='lat' dir='ltr'>dispensationem</span> <span class='ocrx_word' id='word_1_151' title='bbox 629 1839 679 1884; x_wconf 87' lang='lat' dir='ltr'>pro</span> <span class='ocrx_word' id='word_1_152' title='bbox 693 1841 736 1886; x_wconf 91' lang='lat' dir='ltr'>eo,</span> <span class='ocrx_word' id='word_1_153' title='bbox 754 1830 800 1884; x_wconf 81' lang='lat' dir='ltr'>oni</span> <span class='ocrx_word' id='word_1_154' title='bbox 813 1829 888 1876; x_wconf 80' lang='lat' dir='ltr'>vovit</span> 
     </span>
     <span class='ocr_line' id='line_1_23' title="bbox 114 1893 861 1952; baseline 0.004 -13"><span class='ocrx_word' id='word_1_155' title='bbox 114 1893 221 1950; x_wconf 83' lang='lat' dir='ltr'>ingredi</span> <span class='ocrx_word' id='word_1_156' title='bbox 235 1894 397 1951; x_wconf 83' lang='lat' dir='ltr'>Religionem</span> <span class='ocrx_word' id='word_1_157' title='bbox 412 1897 578 1948; x_wconf 83' lang='lat' dir='ltr'>strictiorem,</span> <span class='ocrx_word' id='word_1_158' title='bbox 599 1898 629 1940; x_wconf 90' lang='lat' dir='ltr'>ut</span> <span class='ocrx_word' id='word_1_159' title='bbox 642 1895 726 1950; x_wconf 85' lang='lat' dir='ltr'>possit</span> <span class='ocrx_word' id='word_1_160' title='bbox 738 1897 861 1952; x_wconf 88' lang='lat' dir='ltr'>amplectl</span> 
     </span>
     <span class='ocr_line' id='line_1_24' title="bbox 307 1961 670 2008; baseline 0.003 -2"><span class='ocrx_word' id='word_1_161' title='bbox 307 1961 429 2007; x_wconf 84' lang='lat' dir='ltr'>Ordinem</span> <span class='ocrx_word' id='word_1_162' title='bbox 442 1962 528 2007; x_wconf 86' lang='lat' dir='ltr'>minus</span> <span class='ocrx_word' id='word_1_163' title='bbox 541 1961 670 2008; x_wconf 79' lang='lat' dir='ltr'>strictum.</span> 
     </span>
    </p>
   </div>
   <div class='ocr_carea' id='block_1_5' title="bbox 17 2045 888 2984">
    <p class='ocr_par' dir='ltr' id='par_1_7' title="bbox 160 2045 784 2103">
     <span class='ocr_line' id='line_1_25' title="bbox 160 2045 784 2103; baseline 0 -3"><span class='ocrx_word' id='word_1_164' title='bbox 160 2045 340 2101; x_wconf 82' lang='lat' dir='ltr'>illustrissime</span> <span class='ocrx_word' id='word_1_165' title='bbox 359 2063 390 2101; x_wconf 89' lang='lat' dir='ltr'>ac</span> <span class='ocrx_word' id='word_1_166' title='bbox 407 2047 640 2103; x_wconf 87' lang='lat' dir='ltr'>Reverendissime</span> <span class='ocrx_word' id='word_1_167' title='bbox 658 2046 784 2102; x_wconf 82' lang='lat' dir='ltr'>Domine!</span> 
     </span>
    </p>

    <p class='ocr_par' dir='ltr' id='par_1_8' title="bbox 17 2117 888 2984">
     <span class='ocr_line' id='line_1_26' title="bbox 123 2117 886 2186; baseline 0 -14"><span class='ocrx_word' id='word_1_168' title='bbox 123 2117 278 2186; x_wconf 85' lang='lat' dir='ltr'>Exponitur</span> <span class='ocrx_word' id='word_1_169' title='bbox 301 2119 436 2174; x_wconf 88' lang='lat' dir='ltr'>humiliter</span> <span class='ocrx_word' id='word_1_170' title='bbox 460 2119 656 2174; x_wconf 85' lang='lat' dir='ltr'>Illustrissimae</span> <span class='ocrx_word' id='word_1_171' title='bbox 680 2119 794 2174; x_wconf 88' lang='lat' dir='ltr'>Vestrae</span> <span class='ocrx_word' id='word_1_172' title='bbox 820 2117 886 2172; x_wconf 84' lang='lat' dir='ltr'>Gra·</span> 
     </span>
     <span class='ocr_line' id='line_1_27' title="bbox 83 2187 888 2260; baseline -0.002 -15"><span class='ocrx_word' id='word_1_173' title='bbox 83 2191 149 2260; x_wconf 92' lang='lat' dir='ltr'>tiae,</span> <span class='ocrx_word' id='word_1_174' title='bbox 177 2187 250 2256; x_wconf 89' lang='lat' dir='ltr'>quod</span> <span class='ocrx_word' id='word_1_175' title='bbox 267 2189 372 2260; x_wconf 87' lang='lat' dir='ltr'>Petrus,</span> <span class='ocrx_word' id='word_1_176' title='bbox 398 2189 528 2245; x_wconf 92' lang='lat' dir='ltr'>dioecesis</span> <span class='ocrx_word' id='word_1_177' title='bbox 546 2190 659 2244; x_wconf 82' lang='lat' dir='ltr'>Vestrae</span> <span class='ocrx_word' id='word_1_178' title='bbox 684 2188 813 2258; x_wconf 88' lang='lat' dir='ltr'>subditus,</span> <span class='ocrx_word' id='word_1_179' title='bbox 841 2189 888 2256; x_wconf 87' lang='lat' dir='ltr'>qui</span> 
     </span>
     <span class='ocr_line' id='line_1_28' title="bbox 84 2259 886 2330; baseline -0.002 -14"><span class='ocrx_word' id='word_1_180' title='bbox 84 2275 174 2330; x_wconf 89' lang='lat' dir='ltr'>nuper</span> <span class='ocrx_word' id='word_1_181' title='bbox 193 2267 285 2320; x_wconf 82' lang='lat' dir='ltr'>vntum</span> <span class='ocrx_word' id='word_1_182' title='bbox 305 2261 430 2316; x_wconf 90' lang='lat' dir='ltr'>emiserat</span> <span class='ocrx_word' id='word_1_183' title='bbox 447 2261 638 2330; x_wconf 86' lang='lat' dir='ltr'>ingrediendae</span> <span class='ocrx_word' id='word_1_184' title='bbox 655 2260 803 2330; x_wconf 84' lang='lat' dir='ltr'>Religionis</span> <span class='ocrx_word' id='word_1_185' title='bbox 823 2259 886 2314; x_wconf 85' lang='lat' dir='ltr'>Car·</span> 
     </span>
     <span class='ocr_line' id='line_1_29' title="bbox 83 2331 887 2402; baseline -0.001 -15"><span class='ocrx_word' id='word_1_186' title='bbox 83 2333 279 2401; x_wconf 87' lang='lat' dir='ltr'>thusianorum,</span> <span class='ocrx_word' id='word_1_187' title='bbox 308 2346 367 2386; x_wconf 88' lang='lat' dir='ltr'>sese</span> <span class='ocrx_word' id='word_1_188' title='bbox 396 2332 429 2386; x_wconf 93' lang='lat' dir='ltr'>ob</span> <span class='ocrx_word' id='word_1_189' title='bbox 462 2333 581 2402; x_wconf 90' lang='lat' dir='ltr'>corporis</span> <span class='ocrx_word' id='word_1_190' title='bbox 609 2332 774 2387; x_wconf 85' lang='lat' dir='ltr'>debilitatem</span> <span class='ocrx_word' id='word_1_191' title='bbox 800 2331 887 2386; x_wconf 87' lang='lat' dir='ltr'>minus</span> 
     </span>
     <span class='ocr_line' id='line_1_30' title="bbox 85 2401 887 2472; baseline -0.002 -14"><span class='ocrx_word' id='word_1_192' title='bbox 85 2411 180 2472; x_wconf 91' lang='lat' dir='ltr'>aptum</span> <span class='ocrx_word' id='word_1_193' title='bbox 205 2403 331 2472; x_wconf 86' lang='lat' dir='ltr'>inveniat,</span> <span class='ocrx_word' id='word_1_194' title='bbox 357 2403 521 2471; x_wconf 79' lang='lat' dir='ltr'>strigorem</span> <span class='ocrx_word' id='word_1_195' title='bbox 544 2403 614 2458; x_wconf 86' lang='lat' dir='ltr'>ierat</span> <span class='ocrx_word' id='word_1_196' title='bbox 636 2401 744 2458; x_wconf 85' lang='lat' dir='ltr'>Ordinis</span> <span class='ocrx_word' id='word_1_197' title='bbox 767 2408 822 2456; x_wconf 89' lang='lat' dir='ltr'>tam</span> <span class='ocrx_word' id='word_1_198' title='bbox 841 2419 887 2456; x_wconf 89' lang='lat' dir='ltr'>au-</span> 
     </span>
     <span class='ocr_line' id='line_1_31' title="bbox 85 2473 887 2545; baseline -0.002 -16"><span class='ocrx_word' id='word_1_199' title='bbox 85 2475 161 2544; x_wconf 89' lang='lat' dir='ltr'>steri,</span> <span class='ocrx_word' id='word_1_200' title='bbox 180 2475 240 2541; x_wconf 84' lang='lat' dir='ltr'>(oel,</span> <span class='ocrx_word' id='word_1_201' title='bbox 260 2475 323 2541; x_wconf 90' lang='lat' dir='ltr'>quia</span> <span class='ocrx_word' id='word_1_202' title='bbox 340 2475 394 2528; x_wconf 90' lang='lat' dir='ltr'>iam</span> <span class='ocrx_word' id='word_1_203' title='bbox 412 2473 578 2542; x_wconf 77' lang='lat' dir='ltr'>experientia</span> <span class='ocrx_word' id='word_1_204' title='bbox 596 2473 695 2545; x_wconf 87' lang='lat' dir='ltr'>didicit,</span> <span class='ocrx_word' id='word_1_205' title='bbox 721 2489 750 2529; x_wconf 85' lang='lat' dir='ltr'>se</span> <span class='ocrx_word' id='word_1_206' title='bbox 769 2474 803 2528; x_wconf 93' lang='lat' dir='ltr'>ob</span> <span class='ocrx_word' id='word_1_207' title='bbox 821 2489 887 2528; x_wconf 91' lang='lat' dir='ltr'>nau-</span> 
     </span>
     <span class='ocr_line' id='line_1_32' title="bbox 85 2545 887 2614; baseline -0.001 -14"><span class='ocrx_word' id='word_1_208' title='bbox 85 2561 162 2600; x_wconf 89' lang='lat' dir='ltr'>seam</span> <span class='ocrx_word' id='word_1_209' title='bbox 180 2546 310 2600; x_wconf 79' lang='lat' dir='ltr'>stomachi</span> <span class='ocrx_word' id='word_1_210' title='bbox 334 2553 493 2614; x_wconf 88' lang='lat' dir='ltr'>perpetuam</span> <span class='ocrx_word' id='word_1_211' title='bbox 512 2561 528 2600; x_wconf 92' lang='lat' dir='ltr'>a</span> <span class='ocrx_word' id='word_1_212' title='bbox 546 2546 670 2600; x_wconf 90' lang='lat' dir='ltr'>carnibus</span> <span class='ocrx_word' id='word_1_213' title='bbox 698 2545 887 2600; x_wconf 83' lang='lat' dir='ltr'>abstinentiam</span> 
     </span>
     <span class='ocr_line' id='line_1_33' title="bbox 83 2616 886 2686; baseline 0.001 -17"><span class='ocrx_word' id='word_1_214' title='bbox 83 2616 159 2670; x_wconf 84' lang='lat' dir='ltr'>ferra</span> <span class='ocrx_word' id='word_1_215' title='bbox 176 2631 230 2670; x_wconf 91' lang='lat' dir='ltr'>non</span> <span class='ocrx_word' id='word_1_216' title='bbox 248 2617 338 2686; x_wconf 81' lang='lat' dir='ltr'>posse)</span> <span class='ocrx_word' id='word_1_217' title='bbox 368 2617 503 2671; x_wconf 89' lang='lat' dir='ltr'>humiliter</span> <span class='ocrx_word' id='word_1_218' title='bbox 528 2616 661 2685; x_wconf 84' lang='lat' dir='ltr'>supplicat</span> <span class='ocrx_word' id='word_1_219' title='bbox 686 2617 886 2672; x_wconf 87' lang='lat' dir='ltr'>Illustrissimae</span> 
     </span>
     <span class='ocr_line' id='line_1_34' title="bbox 84 2686 886 2755; baseline 0 -15"><span class='ocrx_word' id='word_1_220' title='bbox 84 2688 201 2743; x_wconf 89' lang='lat' dir='ltr'>Vestrae</span> <span class='ocrx_word' id='word_1_221' title='bbox 221 2687 337 2754; x_wconf 83' lang='lat' dir='ltr'>Gratiae,</span> <span class='ocrx_word' id='word_1_222' title='bbox 361 2695 493 2755; x_wconf 88' lang='lat' dir='ltr'>quatenus</span> <span class='ocrx_word' id='word_1_223' title='bbox 512 2703 571 2742; x_wconf 91' lang='lat' dir='ltr'>cum</span> <span class='ocrx_word' id='word_1_224' title='bbox 589 2687 684 2742; x_wconf 90' lang='lat' dir='ltr'>eodem</span> <span class='ocrx_word' id='word_1_225' title='bbox 708 2686 886 2743; x_wconf 90' lang='lat' dir='ltr'>misericordi-</span> 
     </span>
     <span class='ocr_line' id='line_1_35' title="bbox 82 2753 886 2827; baseline -0.005 -13"><span class='ocrx_word' id='word_1_226' title='bbox 82 2765 128 2814; x_wconf 85' lang='lat' dir='ltr'>ter</span> <span class='ocrx_word' id='word_1_227' title='bbox 146 2753 303 2826; x_wconf 83' lang='lat' dir='ltr'>dispctsare&#39;</span> <span class='ocrx_word' id='word_1_228' title='bbox 317 2758 448 2827; x_wconf 76' lang='lat' dir='ltr'>dignatum,</span> <span class='ocrx_word' id='word_1_229' title='bbox 466 2765 497 2814; x_wconf 90' lang='lat' dir='ltr'>ut</span> <span class='ocrx_word' id='word_1_230' title='bbox 509 2759 676 2826; x_wconf 80' lang='lat' dir='ltr'>Religionem</span> <span class='ocrx_word' id='word_1_231' title='bbox 693 2759 749 2815; x_wconf 75' lang='lat' dir='ltr'>ad.</span> <span class='ocrx_word' id='word_1_232' title='bbox 759 2758 829 2812; x_wconf 85' lang='lat' dir='ltr'>Sede</span> <span class='ocrx_word' id='word_1_233' title='bbox 840 2773 886 2825; x_wconf 91' lang='lat' dir='ltr'>ap·</span> 
     </span>
     <span class='ocr_line' id='line_1_36' title="bbox 17 2829 888 2900; baseline -0.003 -16"><span class='ocrx_word' id='word_1_234' title='bbox 17 2831 18 2834; x_wconf 74' lang='grc'>’</span> <span class='ocrx_word' id='word_1_235' title='bbox 83 2829 236 2898; x_wconf 89' lang='lat' dir='ltr'>probatam,</span> <span class='ocrx_word' id='word_1_236' title='bbox 247 2829 391 2885; x_wconf 86' lang='lat' dir='ltr'>sedminns</span> <span class='ocrx_word' id='word_1_237' title='bbox 401 2831 529 2900; x_wconf 85' lang='lat' dir='ltr'>strictam,</span> <span class='ocrx_word' id='word_1_238' title='bbox 544 2831 608 2884; x_wconf 89' lang='lat' dir='ltr'>etin</span> <span class='ocrx_word' id='word_1_239' title='bbox 617 2829 888 2898; x_wconf 88' lang='lat' dir='ltr'>quaperpctuahaec</span> 
     </span>
     <span class='ocr_line' id='line_1_37' title="bbox 17 2900 887 2984; baseline -0.006 -25"><span class='ocrx_word' id='word_1_240' title='bbox 17 2973 18 2984; x_wconf 10' lang='grc' dir='ltr'>ἵ</span> <span class='ocrx_word' id='word_1_241' title='bbox 83 2900 312 2959; x_wconf 76' lang='lat' dir='ltr'>abstinentiarum</span> <span class='ocrx_word' id='word_1_242' title='bbox 320 2900 454 2958; x_wconf 75' lang='lat' dir='ltr'>semanda</span> <span class='ocrx_word' id='word_1_243' title='bbox 465 2902 507 2972; x_wconf 88' lang='lat' dir='ltr'>sit,</span> <span class='ocrx_word' id='word_1_244' title='bbox 525 2902 649 2972; x_wconf 89' lang='lat' dir='ltr'>amplecti</span> <span class='ocrx_word' id='word_1_245' title='bbox 657 2902 730 2956; x_wconf 91' lang='lat' dir='ltr'>licite</span> <span class='ocrx_word' id='word_1_246' title='bbox 739 2900 887 2955; x_wconf 85' lang='lat' dir='ltr'>valeatetc.</span> 
     </span>
    </p>
   </div>
   <div class='ocr_carea' id='block_1_6' title="bbox 0 0 1054 3222">
    <p class='ocr_par' dir='ltr' id='par_1_9' title="bbox 0 0 1054 3222">
     <span class='ocr_line' id='line_1_38' title="bbox 0 0 1054 3222; baseline 0 1"><span class='ocrx_word' id='word_1_247' title='bbox 0 0 1054 3222; x_wconf 95' lang='lat' dir='ltr'> </span> 
     </span>
    </p>
   </div>
  </div>
 </body>
</html>
