2130 3242
332 149 366 190 De
379 149 522 190 sumomonte
537 150 694 194 PoanItontloo.
875 148 916 190 ton

110 251 256 320 npncopia
274 250 431 308 absolvendi
448 267 527 307 casus
545 249 663 306 occultos
681 251 773 319 Papae
791 266 912 308 reserva-

111 330 172 392 toe3
199 338 254 378 non
272 339 337 377 vero
356 324 426 378 aliae
443 323 553 391 Bullue,
580 323 609 376 in
627 323 723 390 quibus
741 321 815 376 nulla
834 323 911 380 adest

111 394 284 462 derogatoria
302 394 447 450 clausula.“
475 393 590 462 Quidam
603 400 727 448 auctores
746 393 825 462 (inter
844 409 912 461 qnos

112 465 214 520 Suarce
240 467 314 532 (tom.
332 469 359 520 4.
378 465 449 534 disp.
466 468 511 523 30.
529 469 589 519 sect.
607 468 634 518 2.
653 479 726 518 num.
747 467 789 518 12.
808 471 836 519 ot
854 469 909 529 14.)

112 551 129 591 e
147 544 243 593 eontra
269 536 440 606 contendunt,
468 543 549 605 capnt
566 535 633 590 illud
650 535 745 590 Liceat
762 535 836 603 loqui
853 542 912 590 tsn-

110 613 169 662 tum
188 607 222 662 de
234 609 470 676 reservationibns‚
484 622 553 676 quae
567 615 630 662 tunc
642 605 771 675 compens
785 606 913 674 vigebant
944 648 947 658 ,

111 678 171 748 (eir.
190 678 220 733 S.
234 679 295 748 Lip.
315 679 332 733 t.
347 696 369 734 c.
388 686 416 733 et
432 678 619 748 ,ephemerides
632 677 762 732 Katholik
779 680 856 736 1861.
870 679 912 732 ΙΙ.

105 753 284 820 pup.198.),·
311 751 432 817 quaestio
457 751 510 804 iam
528 749 618 805 decisa
637 756 693 819 est,
716 765 779 803 num
797 748 914 817 Congre-

110 822 185 890 gatio
204 821 231 875 S.
251 819 336 876 Officii
352 821 525 890 interrogata,
552 826 644 874 utrum
663 837 749 888 casus,
770 821 818 888 quu'
835 822 912 875 novis

74 911 77 918 ’
109 891 277 958 Pontificum
296 891 537 947 Oorntu'tutr'ondus
556 898 621 960 post
649 892 837 946 tridentinum
852 892 911 958 fne-

109 969 177 1020 runt
194 962 261 1019 Sede·
276 963 449 1031 Apostotieae
461 965 597 1030 reseruati,
612 963 871 1031 comprehendantur
880 965 910 1016 iu

110 1051 172 1104 cap.
192 1038 217 1089 6.
236 1033 305 1090 Sese.
318 1038 364 1090 24.
378 1034 412 1088 dc
428 1036 488 1104 ref„
510 1036 604 1089 saltem
621 1036 647 1088 sr'
663 1036 694 1088 n'u
710 1035 787 1089 nouis
806 1033 910 1089 Consti·

110 1105 260 1160 tutiondms
282 1121 338 1159 non
355 1106 391 1160 sr't
408 1106 532 1160 clausula
555 1106 735 1176 deropatoria,
762 1107 803 1160 e'to
820 1111 859 1175 ut,
885 1107 912 1160 sc’

110 1176 245 1232 er'unroode'
261 1192 340 1231 casus
357 1177 412 1230 siut
430 1178 540 1246 comiti,
566 1177 700 1246 Episcopi
716 1177 750 1231 ub
769 1178 804 1231 u'u's
821 1177 907 1231 obsol-

109 1264 171 1302 oere
184 1249 301 1316 possint,
319 1249 376 1302 siue
387 1264 441 1316 per
458 1265 500 1315 sc,
526 1250 582 1302 su'uc
595 1265 647 1316 per
671 1249 741 1302 attor
757 1248 909 1302 sacerdotes

110 1319 145 1374 ab
163 1320 232 1388 ipsis
250 1317 420 1388 deteputos?“
449 1319 492 1374 die
522 1321 563 1373 18.
582 1319 647 1374 Julii
675 1321 752 1373 1860.
770 1319 910 1388 respondit

110 1389 244 1459 Negativo
263 1395 288 1444 et
305 1390 404 1444 deutur
421 1390 528 1445 decretu
545 1389 573 1445 S.
590 1389 619 1446 0.
634 1389 672 1460 0.,
691 1406 806 1458 quornm
822 1407 908 1445 unum

111 1477 185 1516 amno
209 1464 288 1516 1859.
314 1477 409 1530 nempe
431 1463 624 1516 recusationes
647 1477 759 1515 casuum
784 1460 817 1515 de
841 1478 912 1516 nouo

106 1538 172 1602 post
182 1532 332 1588 Concilium
344 1547 400 1586 non
415 1532 714 1600 comprehendendarum
727 1547 786 1599 cap.
802 1535 826 1584 6.
841 1532 910 1586 Sese.

111 1607 149 1658 24
174 1604 208 1658 de
232 1603 282 1670 ref.
306 1609 331 1658 ct
351 1605 513 1672 pracsertim
538 1604 572 1658 de
589 1603 718 1657 clausuro
736 1603 911 1670 monialium

112 1680 138 1729 et
155 1675 271 1729 oderam
284 1690 357 1728 anno
366 1677 452 1742 1595„
465 1675 565 1729 scilicet
577 1689 655 1728 nosse
669 1673 744 1728 debet
756 1673 911 1741 Episcopus

109 1746 270 1814 facultatem
287 1745 444 1800 absoluendi
465 1746 518 1800 scot
538 1746 667 1800 mmmm
685 1744 789 1798 decreto
808 1760 867 1811 cup.
887 1747 911 1798 6.

111 1815 183 1874 Sese.
201 1821 247 1870 24.
265 1832 321 1870 non
339 1817 448 1871 mtendt
471 1817 509 1871 ad
527 1832 614 1884 casua
639 1817 687 1885 qui
703 1817 780 1870 nouus
797 1815 911 1882 Pontifi-

112 1904 173 1943 cum
193 1886 433 1943 Oouste'tutu‘cndus
445 1893 511 1956 post
526 1887 713 1942 triumttuum
729 1888 832 1955 suerint
846 1886 913 1941 Sede‘

112 1959 288 2028 Apostolteue
310 1961 447 2014 reseruati.
485 1958 582 2029 (Apud.
602 1959 706 2012 Sosvin.
726 1966 789 2013 tom.
808 1959 829 2012 1.
848 1974 911 2026 pag.

114 2033 176 2085 664.
201 2028 243 2084 ed.
263 2029 308 2098 8.).
345 2031 374 2084 3⁰
393 2029 500 2086 decreto
526 2029 649 2098 praefato
669 2029 781 2085 concilii
798 2030 910 2084 Triden-

113 2101 164 2156 tini
176 2101 336 2170 derogatum
350 2117 409 2156 esse
422 2115 472 2169 per
485 2101 590 2157 Bullam
604 2101 740 2170 Oocnso1)
759 2102 777 2155 i.
792 2115 817 2159 e.
830 2101 913 2156 factal·

113 2177 197 2227 tatem
222 2188 239 2226 a
259 2172 377 2227 Concilio
396 2171 553 2227 Tridentino
579 2173 723 2242 Episcopis
752 2187 914 2241 concessam,

112 2257 163 2311 per
181 2243 287 2298 Bullsm
305 2243 412 2298 Coenos
431 2243 521 2311 quoad
545 2244 679 2300 haeresim
705 2250 732 2298 et
750 2244 817 2298 dios
836 2259 914 2300 casus

113 2313 143 2368 in
159 2327 193 2368 oa
210 2322 372 2384 reservatos,
390 2321 543 2369 revocatam
563 2331 631 2384 esse,
656 2323 749 2369 contra
766 2314 863 2371 multos
882 2329 914 2368 co

114 2400 210 2452 graves
229 2393 352 2442 ausuros
370 2383 484 2440 affimat
500 2385 528 2440 S.
545 2386 616 2456 In'p„
636 2387 681 2453 qui
700 2386 761 2453 ato.
776 2388 801 2440 7.
814 2403 842 2440 n.
857 2387 912 2453 73.)

113 2455 183 2510 hano
201 2457 360 2512 sententium
373 2457 505 2510 veriorem
519 2455 591 2525 dicit,
608 2456 750 2524 multisque
763 2457 912 2512 rationibus

113 2525 252 2582 confirmat
277 2535 305 2583 et
328 2525 491 2582 Benedictus
509 2528 590 2584 X1V.
616 2529 662 2597 qni
680 2527 725 2595 (de
743 2527 808 2596 spu.
828 2527 912 2582 dioec.

112 2597 157 2652 leb.
175 2603 201 2654 9.
226 2615 287 2668 cup.
310 2602 336 2654 4.
354 2615 382 2654 n.
400 2600 438 2666 4.)
467 2613 527 2653 eam
551 2599 657 2654 omnino
683 2598 825 2654 tenendam
851 2611 911 2653 esse

129 2760 228 2813 1)1dem
247 2760 307 2800 valet
324 2761 352 2800 do
370 2771 428 2801 novo
446 2761 607 2802 constitutione
628 2759 651 2801 S.
665 2761 692 2802 D.
706 2759 732 2804 Ν.
746 2759 781 2800 Pii
794 2759 819 2799 P.
834 2758 858 2802 P.
872 2757 911 2798 IX.

164 2826 298 2877 Apauortene
311 2827 367 2867 redte
379 2827 518 2867 moderationi
531 2837 579 2876 pag.
595 2823 641 2866 stt.
655 2827 734 2876 ponito.
865 2833 868 2838 '
