2124 3230
169 152 211 196 35⁰
338 157 370 196 De
384 157 531 198 celebratione
545 157 581 200 SS.
594 158 677 198 Missae
691 159 799 200 sacmfleit
897 143 903 152 '

169 258 293 328 flexione,
308 259 426 314 vaditad
438 259 559 314 dextram
569 261 736 330 celebrantis,
751 268 779 315 et
787 260 971 318 subdiaconus

170 331 241 384 circa
257 329 337 384 finem
351 330 485 386 Orationis
498 332 662 399 Domiuicae‚
679 331 751 386 facta
767 332 867 386 ibidem
885 349 970 402 genu-

169 401 294 470 flexione,
312 403 456 456 revertitur
470 402 504 456 ad
518 403 611 472 altare,
629 411 658 458 et
670 411 744 459 stans
762 404 791 456 in
806 419 891 458 cornu
902 405 970 474 Epi-

170 474 255 532 stolae
269 474 382 542 porrigit
392 480 518 541 patenam
532 474 652 543 diacono,
671 475 717 542 qui
730 490 789 528 eam
802 474 970 544 discooperit

170 552 198 599 et
215 543 396 612 purificatorio
412 545 567 612 abstergens
586 544 632 600 dat
649 546 804 615 celebranti,
822 547 894 602 illius
913 563 971 602 ma·

169 631 233 670 num
251 615 403 685 osculando,
433 623 461 670 et
478 618 584 684 quando
597 634 671 686 opus
691 624 739 686 est,
759 616 924 685 discooperit
943 627 972 674 et

169 687 291 755 cooperit
308 687 425 756 oahoem,
445 695 472 742 et
490 705 550 742 cum
564 688 714 743 celebrante
728 687 831 742 adorat.
855 689 973 744 Subdia·

170 774 253 813 oonus
271 757 377 812 reddita
394 764 493 826 patena
511 766 538 814 et
556 760 679 828 deposito
692 760 762 828 velo,
780 759 853 827 quod
867 761 901 814 ab
920 761 971 815 hn-

169 829 250 884 meris
269 830 325 884 eius
343 830 486 898 pendebat,
512 830 556 899 (ad
580 847 674 886 manus
700 832 902 886 caeremoniarii
926 833 972 887 vel

169 901 280 956 alicuius
307 901 423 970 acolythi
447 901 564 956 oderem.
589 903 683 971 Epioe.
702 903 743 956 Η.
763 905 788 956 8.
816 919 891 956 num.
912 906 970 972 74.)

168 970 325 1040 genuflectit
344 979 371 1025 et
389 972 526 1026 descendit
543 981 617 1027 retro
635 981 698 1042 post
716 973 912 1043 celebrantem,
943 981 972 1030 et

169 1058 229 1096 oum
239 1042 334 1096 dicitur
346 1044 410 1098 Poe
419 1044 541 1112 Domini,
559 1045 656 1100 iterum
670 1043 851 1112 genuflectens
865 1045 971 1100 aceedit

169 1112 205 1167 ad
218 1113 352 1168 sinistram
365 1115 532 1184 celebrantis,
551 1123 579 1170 et
592 1116 670 1171 simul
684 1116 775 1170 dicunt
787 1117 885 1184 Apono
899 1117 958 1170 Dei
961 1136 972 1184 ,-

169 1183 265 1238 deinde
283 1183 355 1239 facta
371 1185 470 1240 ibidem
489 1186 660 1242 Sacramento
679 1185 874 1256 genuflexione,
899 1187 971 1242 redit

168 1263 232 1324 post
249 1256 436 1311 celebrantem.
472 1258 608 1312 Diaconos
625 1274 690 1312 vero
718 1274 734 1312 a
759 1257 860 1312 dextris
886 1273 970 1326 genu·

168 1325 254 1382 flexus
274 1335 412 1396 exspectat
430 1345 537 1397 paoem3
551 1329 569 1398 ¹)
597 1336 625 1384 et
649 1345 709 1383 cum
735 1329 873 1383 celebrans
892 1345 969 1384 oseu-

169 1398 241 1452 latur
259 1399 357 1467 altare,
384 1400 442 1467 ipse
468 1415 497 1455 se
515 1401 621 1469 erigens
646 1401 724 1456 simul
749 1400 886 1454 osculatur
902 1399 970 1454 illnd

169 1475 246 1524 extra
259 1471 398 1538 corporale
406 1473 437 1540 ²),
457 1479 484 1524 et
498 1487 515 1524 a
529 1473 680 1532 celebrante
691 1471 795 1526 dicente
804 1472 868 1526 Pac
882 1477 969 1526 worm
1053 1495 1054 1500 ¹

168 1542 330 1610 complexus,
350 1545 389 1607 (et
406 1542 515 1596 brachia
529 1559 578 1597 sua
591 1543 707 1598 brachiis
726 1543 885 1597 celebrantis
903 1559 967 1611 snp-

167 1628 271 1681 ponens
299 1613 327 1668 S.
351 1613 386 1668 R.
407 1614 435 1668 0.
461 1617 505 1668 23.
523 1615 599 1668 Maii
620 1617 710 1681 1846.)
740 1613 836 1681 accipit
863 1629 966 1682 pacem,

150 1685 282 1764 ,sinistris
299 1685 382 1753 ‘genis
410 1685 461 1738 sibi
485 1685 599 1740 invicem
626 1684 912 1754 appropinquantibus,
939 1691 966 1739 et
1053 1743 1054 1750 ,

168 1756 194 1810 ei
220 1755 366 1824 respondet
392 1757 517 1810 Etcum
543 1758 643 1825 spirita
660 1763 715 1810 too.
752 1756 855 1810 Postea·
869 1756 967 1810 iterum

168 1825 339 1881 Sacramento
358 1827 386 1880 in
404 1828 482 1881 altari
500 1827 625 1897 adorato,
652 1828 733 1882 vertit
758 1841 787 1881 se
806 1825 841 1880 ad
859 1827 966 1882 subdia·

168 1913 264 1951 conum
290 1904 363 1952 retro
381 1905 444 1966 post
462 1899 656 1967 celebrantem,
685 1905 713 1953 et
738 1897 858 1952 sirnihter
876 1897 923 1952 dat
942 1897 967 1952 ei

167 1983 270 2036 paoem.
289 1967 472 2024 subdiaconus
491 1976 602 2038 accepta
614 1985 681 2039 pace
697 1986 714 2022 a
728 1969 839 2023 diacono
854 1976 882 2022 et
895 1968 968 2023 iacta

167 2038 247 2092 altari
263 2039 449 2106 genuflexione
474 2040 624 2110 [comitatus
645 2041 678 2094 ab
697 2040 820 2108 acolytho
839 2039 914 2094 vadit
933 2037 967 2094 ad

167 2109 278 2163 chorum
297 2117 324 2164 et
342 2111 388 2165 dat
405 2127 499 2179 pacem
512 2113 598 2180 primo
613 2113 741 2179 cuiusque
755 2109 864 2179 ordinis,
883 2110 967 2179 digni·

167 2180 258 2236 oribus
276 2181 365 2250 prius,
393 2182 489 2236 deinde
507 2184 593 2238 minus
612 2183 713 2251 dignis,
742 2189 769 2236 et
787 2197 914 2237 reversus
932 2179 968 2236 ad

166 2251 266 2321 altare,
292 2251 364 2308 facta
381 2253 567 2322 genuflexione
586 2253 632 2308 dat
650 2269 744 2322 pacem
762 2253 895 2322 acolytho,
922 2251 968 2320 qui

166 2323 254 2391 ipsum
272 2324 453 2394 comitarerat,
473 2326 518 2394 qui
533 2332 560 2380 et
575 2325 633 2380 aliis
652 2325 783 2394 acolythis
797 2325 868 2378 circa
881 2324 966 2378 altare

181 2442 201 2494 ¹)
216 2445 323 2494 leposlto
338 2443 376 2486 88.
392 2444 535 2484 sacramento
549 2445 593 2484 Pac
606 2445 679 2484 dende
693 2446 739 2493 est,
763 2445 854 2492 excepte
872 2443 928 2482 forle
941 2441 966 2482 V.

219 2511 242 2548 ln
256 2519 325 2549 coena
338 2510 432 2552 Domini.
446 2510 565 2550 Gardelllnl
580 2510 710 2560 (comment.
725 2509 745 2559 ᾖ.
758 2505 792 2552 80.
806 2520 827 2550 n.
841 2505 885 2558 17.)
900 2509 965 2548 dicit:

220 2577 295 2625 „taeta
308 2579 369 2627 (post
382 2577 444 2616 Orate
455 2577 545 2626 fidaei)
559 2577 712 2626 genuflexione
722 2577 813 2616 Mle-em
826 2575 968 2624 prosequitur

219 2653 288 2692 usqne
302 2643 330 2683 ed
339 2643 516 2683 Oommnnlonem
529 2645 591 2683 iaxta
601 2643 714 2687 solitum.“
741 2643 802 2682 Idem
816 2641 880 2681 docet
890 2641 967 2682 Baldo-

219 2711 263 2750 acbe'
277 2709 337 2760 (edit.
350 2710 446 2755 rami)
459 2720 508 2759 pag.
524 2707 571 2750 les.

178 2772 201 2827 ¹)
215 2777 318 2816 Manibus
331 2776 412 2816 lnnctlr
426 2777 477 2815 ante
491 2779 575 2824 pectus,
590 2785 634 2814 non
648 2783 701 2815 vero
715 2773 866 2824 supernitens
880 2773 966 2823 positis.

219 2841 329 2882 Baideacbi
339 2851 363 2890 p.
378 2839 408 2883 ΙΙ.
422 2841 455 2880 tit.
470 2840 502 2880 ΙΙ.
516 2852 564 2891 cop.
579 2839 610 2880 10.
625 2853 646 2881 a.
662 2841 680 2884 1.
