2146 3234
137 173 182 218 614
294 175 327 216 De
340 174 472 225 qnibnrdnm
486 173 536 214 ullis
550 173 690 214 secerdotum
704 173 790 214 officiis.
819 211 823 218 ,

179 276 298 332 Oronte.
334 275 508 344 Omnipotens
526 276 687 344 sempiterne
705 275 798 345 Deus,
828 275 875 344 qtri
891 290 941 345 per
1047 255 1048 280 ³

140 351 237 405 beetne
254 347 358 402 Murice
377 347 493 416 Virginis
519 355 626 415 pentum
643 345 761 402 fidelium
778 347 940 416 parientium
1048 399 1049 402 ,

138 420 249 475 dolores
266 419 294 472 in
312 417 437 486 gaudium
455 418 574 486 vertisti;
592 419 696 486 respice
710 419 842 486 propitius
857 433 940 488 snper

141 493 211 546 benc
228 489 354 544 femmam
370 497 452 558 brem,
471 488 506 544 ed
518 489 646 557 templum
660 496 780 544 sunctum
799 496 876 544 tuum
888 505 939 558 pro

140 562 288 631 grotierum
299 561 402 614 notione
415 560 513 614 lactem
531 559 709 630 accedentem,
728 567 756 614 et
773 567 892 630 praesta,
910 568 941 616 ut

142 639 206 703 post
223 633 292 686 bunc
308 631 390 686 vitem
415 631 532 686 eiusdem
554 631 650 686 beetee
668 631 772 686 Murice
790 632 892 688 meritis
911 640 938 688 et

143 703 349 771 intercessione,
369 702 412 756 'ed
430 709 555 756 aeternae
573 702 745 758 beatitudinis
764 702 862 772 gaudie
881 719 942 758 cum

143 775 221 844 prole
245 789 295 829 sue
319 773 460 842 pervenire
482 779 625 828 mereatu.
661 774 716 829 Per
734 773 869 830 Christum
886 775 957 829 Dor

144 847 244 900 minum
261 851 389 898 noenum.
426 844 519 898 Amen.

180 919 206 972 t
237 915 345 970 Deinde
361 915 438 969 atam
456 919 582 986 aspergat
598 915 696 970 imm
713 931 788 984 ogrcc
804 915 943 972 bendicto

144 989 176 1042 c'rt
192 986 302 1042 modom
319 986 407 1039 enen
425 986 531 1041 dicem:

181 1058 241 1112 an
265 1063 293 1110 et
316 1055 465 1111 benedictio
489 1058 541 1112 Dei
566 1057 755 1126 omnipotentis
766 1057 863 1112 Patris
881 1059 900 1124 †
918 1063 944 1113 et

146 1128 209 1182 Filii
223 1134 251 1181 et
263 1126 378 1195 Spiritus
391 1128 477 1182 suncti
491 1127 636 1184 descendet
654 1143 735 1197 super
755 1134 783 1184 te
798 1135 826 1184 et
839 1137 945 1184 mouent

146 1213 261 1267 semper.
297 1197 392 1252 Amen.

146 1309 171 1355 3.
185 1307 275 1354 nouus
288 1310 481 1365 professionem
492 1310 553 1357 fidel
566 1323 582 1357 e
595 1310 789 1358 neo-conversis
799 1308 947 1368 excipiendi

206 1374 359 1432 eosdemque
373 1375 401 1422 lu
415 1377 543 1434 gremium
558 1376 683 1422 ecclesiae
698 1375 890 1429 sdmltteudl.1)

185 1452 209 1503 1.
238 1449 305 1504 Cum
323 1465 358 1505 ex
375 1451 507 1506 communi
524 1451 711 1520 theologorum
730 1449 851 1506 doctrina
868 1465 947 1507 nemo

148 1519 294 1590 prudenter
312 1537 405 1578 veram
429 1521 509 1577 fidem
534 1522 659 1590 amplecti
676 1522 776 1591 possit,
804 1521 856 1578 nisi
872 1523 948 1590 prius

148 1592 232 1661 probe
251 1591 389 1664 intelliget,
408 1609 467 1648 eem
479 1600 592 1662 propter
609 1599 683 1650 certa
696 1600 859 1664 argumenta,
878 1607 947 1662 quae

148 1667 246 1718 vocent
271 1665 380 1734 motivo,
408 1663 561 1718 credibilem
584 1677 652 1734 esse,
678 1663 711 1732 is,
738 1665 784 1731 qul
809 1662 837 1717 id
862 1680 947 1733 genus

149 1736 296 1790 animarum
313 1735 373 1790 Deo
398 1735 495 1790 lucrari
520 1736 608 1804 cupit,
637 1735 766 1790 eiusmodi
790 1743 948 1804 argumento

149 1805 243 1862 dextre
262 1805 454 1876 efficaciterque
479 1807 574 1874 cuique
597 1803 633 1862 ed
659 1814 766 1875 ceptum
782 1807 866 1875 ipsius
884 1823 947 1876 pro·

148 1892 251 1946 ponere
268 1877 342 1933 scint.

185 1952 212 2006 2.
229 1947 379 2017 Diligenter
391 1947 589 2017 attendendum,
605 1962 660 2015 quo
671 1947 783 2016 quisque
797 1948 945 2006 intentione

150 2025 328 2088 convertetur,
342 2034 376 2074 ne
389 2018 460 2088 ficte,
473 2034 507 2074 ne
521 2025 621 2087 coccte,
635 2033 669 2072 ne
682 2025 807 2088 respectu
821 2019 947 2092 humano,

149 2104 184 2144 ne
201 2096 283 2159 metu,
306 2090 350 2144 vel
369 2089 513 2158 cupiditate
530 2090 662 2146 bonorum
678 2089 873 2159 temporalium,
899 2091 947 2146 bo·

150 2159 238 2228 noris,
265 2166 312 2214 eut
334 2161 500 2230 voluptatum
524 2159 716 2216 mundanorum
740 2159 844 2218 illectus
861 2161 890 2216 id
907 2162 947 2218 ia·

150 2231 216 2299 ciet;
231 2231 295 2299 quie
308 2233 419 2288 omnis
436 2232 625 2302 plantatio,
644 2247 746 2358 {uam
763 2249 830 2288 nou
848 2233 943 2302 plen·

149 2302 635 2374 tevitPaterooelestis,era
666 2303 947 2374 icebitursMetth.

152 2372 205 2441 15.)
223 2378 257 2427 et
274 2372 398 2428 domus
416 2388 519 2442 super
537 2389 678 2430 arenam
696 2374 792 2445 (qualis
807 2382 849 2430 est
862 2377 948 2432 omnis

150 2441 290 2514 cupiditss,
310 2451 356 2501 eut
368 2445 448 2500 timor
461 2445 620 2516 mundanus)
639 2443 855 2518 aedificato,
873 2448 947 2504 rui·

150 2529 222 2568 nem
244 2515 387 2584 patitur
409 2516 600 2584 ingruente
625 2515 896 2576 adversitatum
915 2524 949 2573 et

150 2586 373 2641 tentationum
385 2587 519 2658 pluvie,
536 2585 750 2644 fluminibus
764 2603 803 2644 ac
816 2589 950 2648 ventis.

167 2706 333 2760 1)1txngenn
348 2709 424 2750 colon.
443 2729 469 2742 -
489 2711 576 2752 Klrobl.
589 2713 696 2762 Annelger
708 2712 724 2756 i.
737 2713 759 2753 d.
773 2711 871 2754 serrator.
882 2711 948 2756 litim

204 2769 352 2819 1666.16ι.2.
374 2795 397 2804 -
418 2773 462 2819 Otr.
475 2775 542 2819 Kbln.
555 2776 688 2818 Pretornlbl.
703 2787 722 2818 ι
737 2773 798 2820 ists.
811 2785 863 2826 pez.
878 2773 912 2818 96.
927 2789 947 2818 ι

204 2834 264 2880 ists.
278 2849 328 2890 pop.
343 2835 375 2882 le.
402 2839 486 2885 utnrt.
499 2841 633 2888 raetorum
646 2854 666 2888 ι.
680 2840 740 2886 1869.
753 2853 804 2894 μς.
816 2838 852 2884 46.
866 2839 900 2884 61.
915 2839 947 2886 76.

750 3135 761 3162 Ι
