2124 3230
165 170 207 214 274
333 175 366 216 De
381 175 528 216 celebratione
542 173 581 215 SS.
595 173 677 214 Missae
691 173 799 217 secriucll.

165 278 210 332 vel
227 276 354 346 mysterii,
377 291 431 330 non
450 274 580 330 satisfacit
597 281 739 342 susceptae
758 274 923 345 obligationi,
943 277 970 332 si

167 349 219 417 die,
244 364 297 416 quo
315 363 365 415 per
382 347 502 401 rubricas
520 346 584 400 licet
602 345 691 400 dicere
709 345 821 400 Missam
838 347 969 417 votivam,

166 420 284 476 celebret
307 418 419 474 Missam
443 416 604 472 conformem
630 416 730 485 officio,
759 416 831 484 qnod
855 417 903 473 illo
922 417 970 474 die

166 491 297 547 recitavit.
318 489 357 557 (S.
374 489 409 543 R.
425 489 454 544 0.
468 493 510 544 12.
526 488 598 557 Sept.
613 491 704 555 1840.)

201 561 358 631 Apostolica
385 560 469 615 Sedes
502 561 584 616 variis
618 560 753 627 ecclesiis,
789 558 967 630 dioecesibus,

165 635 264 703 regnis,
282 632 450 701 regularibus
469 631 605 686 ordinibus
625 631 753 686 nonnrrlla
770 630 885 688 indulta
902 647 968 686 cou-

169 706 258 772 cessit,
276 705 304 758 ri
318 719 430 771 quarum
445 703 501 757 siva
516 717 550 756 ex
564 717 646 770 causa
658 702 776 770 speciali,
795 701 851 756 sive
860 703 967 758 ratione

167 774 371 832 consuetudinis
379 773 595 828 immemorabilis
607 773 709 828 Missae
722 773 829 828 votivae
842 773 969 841 privatae

166 849 211 902 vel
229 846 330 901 cantari
348 845 392 899 vel
409 845 462 912 legi
480 851 593 912 possunt
611 842 719 912 dicbus,
747 844 843 912 quibus
862 852 968 900 cetero-

167 919 231 987 quin
248 917 336 972 licitae
359 931 414 970 non
440 922 537 970 essent.
579 916 653 969 Inter
677 915 745 970 haec
769 914 877 970 lndnlta
895 931 968 970 com-

165 987 381 1059 prehenditur‘e.
401 1003 426 1054 g.
445 986 538 1055 Missa,
564 1000 632 1054 quae
661 985 757 1046 dicitur
774 986 885 1053 limate,
915 1001 969 1055 per

164 1067 251 1116 totum
268 1058 428 1126 Adventum,
455 1058 499 1112 vel
516 1073 566 1127 per
583 1071 680 1111 novem
698 1057 756 1112 dies
773 1056 872 1112 festum
889 1057 968 1112 Nati·

165 1131 257 1186 vitatis
281 1131 315 1184 D.
341 1129 375 1184 N.
402 1129 427 1184 J.
448 1128 477 1186 C.
505 1128 656 1183 immediate
682 1128 876 1197 praecedentes
904 1145 969 1184 can-

165 1201 255 1257 tanda.
291 1201 323 1256 ln
341 1200 452 1268 singidis
471 1200 600 1255 eiusmodi
619 1200 739 1254 ecclesiis
756 1208 835 1256 tenor
847 1201 968 1268 Aposto-

166 1273 212 1328 lici
229 1271 329 1328 indulti
347 1279 470 1326 accurate
488 1271 592 1326 servari
609 1270 698 1326 debet.

202 1343 303 1411 Quibus
322 1343 415 1398 diebus
432 1343 461 1396 in
480 1341 683 1397 Cathedralibns
701 1348 729 1396 et
748 1341 903 1410 Collegiatis
921 1355 966 1396 ec·

166 1414 254 1470 clesiis
271 1414 357 1470 Missa
375 1413 558 1468 conventualis
577 1428 625 1468 seu
642 1413 796 1481 principalis
814 1413 902 1481 possit
919 1413 966 1466 vel

167 1485 264 1540 debeat
273 1486 404 1540 celebrari
416 1486 507 1539 uotiua
517 1485 579 1554 (ritu
588 1483 688 1538 Missae
700 1484 808 1538 votivae
813 1485 965 1552 priuatae),

166 1558 309 1628 exponitur
335 1557 363 1610 in
380 1555 503 1611 Rubricis
528 1555 697 1623 generalibus
714 1553 832 1614 Missulis
857 1555 899 1612 tit.
917 1555 965 1610 IV.

163 1647 200 1669 ·-
225 1627 384 1684 Huiusmodi
408 1643 473 1682 vero
497 1627 583 1682 Missa
609 1625 759 1680 celebratur
782 1625 851 1680 feria
875 1625 910 1681 11.
931 1625 965 1681 de

166 1699 213 1755 SS.
233 1701 376 1768 Trinitate,
409 1698 478 1754 feria
497 1699 546 1752 Ill.
571 1697 604 1752 dc
621 1697 746 1766 Angelis,
773 1695 841 1752 feria
864 1695 912 1754 Ν.
932 1697 966 1752 de

167 1771 214 1825 SS.
233 1771 371 1841 Apostolis
389 1770 470 1825 Petro
497 1776 524 1824 et
540 1768 641 1836 Paulo,
666 1767 735 1822 feria
751 1767 784 1822 V.
809 1767 843 1822 de
862 1768 967 1837 Spiritu

166 1849 259 1898 sancto
282 1843 327 1896 vel
351 1841 385 1896 de
410 1841 457 1896 SS.
475 1839 662 1895 Eucharistiae
682 1838 869 1908 Sacramenta,
897 1838 967 1894 ieria

166 1913 213 1968 Vl.
232 1913 265 1967 de
284 1913 311 1967 S.
331 1912 416 1967 Oruce
433 1913 478 1967 vel
495 1911 529 1966 de
546 1911 676 1966 Passieno
694 1909 729 1966 1).
741 1909 783 1984 Ν.
801 1911 827 1966 J.
847 1910 886 1980 0,
905 1910 965 1966 sab-

164 1984 228 2039 bato
247 1984 280 2038 de
298 1985 330 2038 Β.
344 1984 382 2038 Μ.
397 1984 429 2038 V.

200 2056 303 2110 Diebus
321 2053 537 2122 semiduplicibus
560 2067 615 2107 non
638 2059 752 2122 possunt
769 2053 879 2106 masaa
895 2051 966 2107 duae

164 2125 266 2267 ἒίὲιέἓῧε
280 2128 387 2182 votivae
406 2125 439 2180 de
458 2124 553 2179 eodem
567 2124 672 2178 Sancto.
694 2123 733 2191 (S.
744 2123 778 2178 R.
791 2123 821 2180 G.
835 2127 876 2181 11.
891 2123 966 2193 Sept.

202 2273 244 2325 11.
264 2265 358 2336 Quoad
375 2267 464 2336 ritum,
490 2281 543 2334 qno
570 2265 699 2321 dicendae
717 2272 780 2322 sunt
796 2263 899 2321 Missae
917 2281 966 2321 vo·
1056 2303 1057 2316 .

164 2339 244 2411 tivae,
263 2341 331 2394 haec
350 2344 412 2392 sunt
429 2337 611 2392 observanda:

202 2411 229 2482 a)
254 2412 294 2466 ln
318 2408 472 2464 omnibus
499 2408 590 2464 Missis
615 2407 728 2478 votivis,
753 2413 809 2462 tam
840 2407 965 2462 solemni·
1056 2415 1057 2448 l

118 2491 120 2498 “
164 2481 215 2537 bus
243 2497 323 2550 quam
346 2479 474 2549 privatis,
500 2479 580 2533 etiam
597 2486 718 2548 tempore
735 2479 882 2547 Passionis,
902 2477 965 2532 dici·

163 2559 209 2606 tur
225 2552 348 2608 Psalmus
366 2550 468 2604 chicc
492 2557 520 2605 et
548 2549 644 2604 Gloria
662 2551 746 2606 Patri
769 2549 804 2604 ad
821 2549 966 2606 Introitum

165 2630 194 2677 et
210 2622 330 2677 Lavabo.
367 2620 500 2689 Tempore
526 2621 646 2689 paschali
671 2620 706 2677 ad
729 2621 878 2692 Introitum,
898 2621 965 2675 Gra·

165 2692 253 2763 duale,
272 2691 444 2746 Offertorium
469 2699 497 2746 et
521 2692 739 2748 Communionem
762 2691 869 2747 additur
891 2693 965 2747 Alle-

165 2765 231 2832 turb,
250 2763 325 2818 utin
344 2762 402 2817 aliis
420 2761 512 2818 Missis
530 2762 564 2817 de
582 2763 668 2820 iestis.
705 2764 802 2830 (Rubr.
822 2763 871 2818 loc.
884 2765 963 2832 ppr.)

203 2836 234 2888 In
247 2833 353 2890 Votivis
371 2831 405 2888 de
424 2833 451 2888 S.
469 2833 586 2904 Agatha,
606 2834 633 2891 S.
651 2835 739 2905 Anna,
758 2833 888 2891 Omnibus
897 2835 965 2890 San·
