2106 3228
249 208 361 248 Materiae
374 207 533 248 nonnullarum
546 211 719 252 meditationum.
795 207 797 210 ’
858 207 885 252 89

100 304 201 371 spondet
216 306 357 376 Rupes-tus
376 307 524 363 Tuitiensis
542 308 583 378 (L.
598 311 623 363 3.
644 311 673 365 Ο.
688 314 730 364 11.
743 310 773 364 in
784 310 884 380 Εκοᾶ.)

97 373 123 428 de
138 377 249 444 pristina
266 380 484 448 conversatione,
509 379 542 433 de
560 387 694 436 vetustate
712 381 801 451 vitae;
818 398 883 437 non·

95 445 147 500 dnm
165 451 234 504 enim
255 451 383 520 deposito
402 457 495 506 vetere
513 451 633 522 homine,
655 469 711 508 non
727 453 791 508 licet
807 454 884 510 nobis

93 515 135 572 hoc
151 535 245 576 manna
262 523 402 590 colligere.

121 617 222 669 monce,
237 631 305 669 quom
319 621 382 660 vim
396 621 420 659 in
434 621 456 659 te
470 623 533 660 vetus
546 621 625 669 homo;
645 622 730 670 quanta
749 619 773 660 in
786 631 813 660 oo
827 623 883 662 occi-

91 681 228 735 iocosum,
243 689 269 726 ut
282 687 366 727 induas
381 687 503 726 novttatem
516 688 583 726 vitae.

104 807 145 864 aa.
161 811 344 864 usuratio:
371 811 417 864 ue
432 810 608 879 aspectent
628 810 667 864 ac
684 809 734 866 ss.
755 811 866 866 uoco

298 895 410 948 notam
427 893 592 948 sumendum.
612 893 668 964 (11.)

200 1007 276 1047 Probet
289 1011 362 1047 autem
375 1007 465 1057 sciptum
477 1007 536 1047 tono
546 1039 552 1051 .
562 1035 585 1047 ..
600 1004 691 1059 (l.001·.
706 1005 750 1058 11.)

118 1095 138 1150 Ι.
155 1097 295 1166 Poupcres
314 1099 374 1152 ciue
386 1098 516 1152 saturabo
524 1097 654 1166 ponthus.
674 1097 728 1166 (Ps.
745 1098 814 1167 131.)
828 1097 881 1154 Fe·

87 1165 120 1220 lix
137 1178 291 1238 paupertas,
321 1183 393 1236 quae
412 1169 477 1235 sola,
502 1178 533 1223 ut
551 1169 589 1224 ait
601 1169 737 1237 Rupertus
756 1168 793 1238 (in
807 1169 836 1224 C.
854 1171 880 1226 6.

87 1237 168 1308 Joan.)
182 1241 237 1294 odit
244 1255 379 1309 mopstom
387 1240 578 1310 eleemosynam
590 1240 780 1309 Raptorcpum,
800 1257 881 1308 quam

87 1308 131 1364 dot
142 1312 204 1380 epse,
222 1327 280 1365 oon
295 1312 391 1378 alium,
410 1328 491 1380 quom
504 1313 628 1379 torpetem.
655 1311 744 1366 Datur
757 1326 821 1379 ergo
835 1312 880 1366 ille

87 1383 157 1446 panis
173 1391 204 1438 ut
221 1385 398 1450 eleemosyna
415 1382 504 1450 magni
520 1382 581 1439 Dei.
613 1382 768 1450 Exinanire,
790 1383 880 1436 exina-

87 1452 146 1523 nire,
162 1460 193 1508 ut
209 1469 320 1522 pauper
337 1452 387 1506 fies
404 1453 451 1507 illa
469 1453 572 1521 dignus.
591 1453 667 1506 Eiice
685 1468 804 1507 amorem
822 1467 880 1507 sae·

87 1524 134 1577 culi
150 1534 176 1580 et
193 1526 349 1580 vanitatum
368 1525 434 1578 eius.
469 1524 581 1592 Indigno
599 1525 795 1592 eleemosynam
813 1525 881 1578 acci·

88 1595 190 1722 titt
200 1597 362 1722 {titio
371 1595 881 1734 mtteptetprpuex

364 1709 372 1734 t

84 1737 159 1802 pleoit
180 1740 274 1808 boote,
300 1738 349 1792 ille
373 1738 470 1791 dioitco
494 1737 597 1792 dimt'oit
619 1739 723 1790 icones.
759 1737 797 1790 Et
814 1737 881 1791 haee

89 1815 126 1861 est
140 1809 208 1864 torte
227 1825 316 1865 causa
328 1816 384 1863 tam
395 1810 474 1877 parvi
490 1809 593 1863 fructus
607 1816 664 1862 ate
676 1807 757 1862 relati
774 1823 809 1862 ex
825 1815 880 1862 tam

87 1876 210 1948 frequenti
227 1882 313 1936 huius
330 1880 451 1948 mysterii
472 1881 631 1948 sumptione.

116 1951 149 2005 11.
175 1953 208 2008 sc·
221 1955 286 2022 preto
299 1953 366 2020 sitit,
381 1953 473 2004 ventat
486 1951 524 2004 od
536 1967 586 2019 me,
599 1955 625 2004 et
638 1950 719 2005 etot.
739 1950 828 2016 (Joen.
843 1950 879 2019 7.)

87 2017 143 2076 Sitis
154 2024 290 2091 quaedam
307 2031 336 2076 et
344 2021 429 2076 fames
439 2037 471 2076 ac
482 2023 628 2076 vehemens
641 2020 802 2076 desiderium
815 2019 879 2075 affe·

87 2093 189 2148 rendum
207 2103 252 2150 est
270 2093 307 2148 od
326 2095 396 2147 hunc
415 2093 511 2149 cibum.
541 2093 615 2146 Fons
632 2093 677 2146 ille
696 2092 879 2146 Sacramenta·

87 2160 143 2216 lium
158 2168 312 2234 grauatum
329 2181 384 2219 nou
401 2171 485 2232 patet,
503 2163 678 2232 nisisitienti3
695 2165 798 2217 siticmt'
808 2163 880 2216 dabo

89 2231 194 2302 desento
201 2238 287 2293 vitae.
301 2236 398 2304 (Apoc.
408 2235 444 2304 6.)
457 2235 696 2304 Opottctnomquc,
710 2235 748 2288 ait
760 2234 787 2288 S.
798 2233 879 2288 Bern.

86 2303 170 2370 (Serm.
187 2311 232 2362 31.
247 2309 278 2362 in
293 2307 390 2376 Cant),
408 2312 440 2360 ot
451 2308 540 2360 suomi
556 2305 685 2360 desiderii
701 2305 786 2359 ordor
797 2321 880 2373 prac-

88 2377 156 2431 cedat
171 2381 274 2446 factem
293 2380 353 2432 eius
371 2377 409 2430 ad
425 2393 528 2431 omnem
541 2379 669 2445 animam,
687 2377 726 2430 od
743 2392 825 2444 qoam
841 2381 881 2430 est

86 2445 137 2514 s'pee
151 2457 291 2504 uenturus.
325 2448 348 2504 0
366 2447 486 2516 tepidam
503 2448 631 2502 animam!
662 2447 759 2501 Nonne
772 2447 879 2502 sacrile-

88 2518 151 2582 gium
160 2521 290 2575 crederes
299 2535 433 2575 nauseare
445 2518 531 2572 cibum
542 2520 624 2574 istum
636 2517 879 2586 pretiosissimum?

87 2586 157 2645 Certe
174 2593 303 2660 proxima
320 2605 440 2646 nauseae
459 2603 503 2658 es,
530 2590 554 2644 si
570 2606 624 2645 non
642 2589 788 2644 desideras.
823 2588 879 2641 Ex·

85 2657 131 2714 cita
147 2677 221 2732 ergo,
241 2662 350 2731 quoties
369 2675 512 2716 accessura
529 2675 566 2730 es,
584 2660 691 2715 fervens
710 2659 879 2727 desiderium,

84 2733 147 2794 nuci
163 2736 288 2789 nascitur
312 2749 347 2788 ex
366 2731 468 2787 octuoli
484 2729 536 2786 fide
560 2731 697 2800 digmtatis
720 2731 800 2784 huius
818 2729 879 2797 cibi,

84 2805 172 2859 moris
189 2806 245 2859 Dei
264 2820 328 2875 erga
345 2813 385 2873 te,
404 2802 537 2856 trucum
555 2818 590 2857 ex
606 2801 779 2856 Eucharistia
796 2799 879 2852 dima-

81 2875 201 2948 mium,
220 2883 273 2932 ete
