<?xml version="1.0" encoding="UTF-8"?>
<!DOCTYPE html PUBLIC "-//W3C//DTD XHTML 1.0 Transitional//EN"
    "http://www.w3.org/TR/xhtml1/DTD/xhtml1-transitional.dtd">
<html xmlns="http://www.w3.org/1999/xhtml" xml:lang="en" lang="en">
 <head>
  <title>
</title>
<meta http-equiv="Content-Type" content="text/html;charset=utf-8" />
  <meta name='ocr-system' content='tesseract 3.04.00' />
  <meta name='ocr-capabilities' content='ocr_page ocr_carea ocr_par ocr_line ocrx_word'/>
</head>
<body>
  <div class='ocr_page' id='page_1' title='image "./manualesacerdot00schngoog_0195.png"; bbox 0 0 2108 3226; ppageno 0'>
   <div class='ocr_carea' id='block_1_1' title="bbox 298 145 908 198">
    <p class='ocr_par' dir='ltr' id='par_1_1' title="bbox 298 145 908 198">
     <span class='ocr_line' id='line_1_1' title="bbox 298 145 908 198; baseline -0.002 -9"><span class='ocrx_word' id='word_1_1' title='bbox 298 151 377 190; x_wconf 81' lang='lat' dir='ltr'><strong>Preces</strong></span> <span class='ocrx_word' id='word_1_2' title='bbox 390 151 441 190; x_wconf 80' lang='lat' dir='ltr'><strong>ante</strong></span> <span class='ocrx_word' id='word_1_3' title='bbox 455 151 478 188; x_wconf 85' lang='lat' dir='ltr'><strong>et</strong></span> <span class='ocrx_word' id='word_1_4' title='bbox 492 151 544 198; x_wconf 81' lang='lat' dir='ltr'><strong>post</strong></span> <span class='ocrx_word' id='word_1_5' title='bbox 557 149 723 188; x_wconf 75' lang='lat' dir='ltr'><strong>confessionem.</strong></span> <span class='ocrx_word' id='word_1_6' title='bbox 867 145 908 188; x_wconf 76' lang='grc'><strong>115</strong></span> 
     </span>
    </p>
   </div>
   <div class='ocr_carea' id='block_1_2' title="bbox 106 250 909 533">
    <p class='ocr_par' dir='ltr' id='par_1_2' title="bbox 106 250 909 533">
     <span class='ocr_line' id='line_1_2' title="bbox 106 250 909 320; baseline 0 -15"><span class='ocrx_word' id='word_1_7' title='bbox 106 257 170 305; x_wconf 85' lang='lat' dir='ltr'><strong>toas</strong></span> <span class='ocrx_word' id='word_1_8' title='bbox 184 251 329 318; x_wconf 80' lang='lat' dir='ltr'><strong>omniaque</strong></span> <span class='ocrx_word' id='word_1_9' title='bbox 347 258 465 320; x_wconf 87' lang='lat' dir='ltr'><strong>peccata,</strong></span> <span class='ocrx_word' id='word_1_10' title='bbox 489 251 657 319; x_wconf 85' lang='lat' dir='ltr'><strong>potissimum</strong></span> <span class='ocrx_word' id='word_1_11' title='bbox 673 250 726 304; x_wconf 89' lang='lat' dir='ltr'><strong>ista</strong></span> <span class='ocrx_word' id='word_1_12' title='bbox 805 251 909 320; x_wconf 77' lang='lat' dir='ltr'><strong>vitare,</strong></span> 
     </span>
     <span class='ocr_line' id='line_1_3' title="bbox 106 321 907 390; baseline 0 -14"><span class='ocrx_word' id='word_1_13' title='bbox 106 321 157 379; x_wconf 89' lang='lat' dir='ltr'><strong>sed</strong></span> <span class='ocrx_word' id='word_1_14' title='bbox 176 323 259 376; x_wconf 80' lang='lat' dir='ltr'><strong>eheu!</strong></span> <span class='ocrx_word' id='word_1_15' title='bbox 285 322 417 377; x_wconf 86' lang='lat' dir='ltr'><strong>instabilis</strong></span> <span class='ocrx_word' id='word_1_16' title='bbox 434 321 520 376; x_wconf 86' lang='lat' dir='ltr'><strong>factus</strong></span> <span class='ocrx_word' id='word_1_17' title='bbox 539 338 607 390; x_wconf 74' lang='lat' dir='ltr'><strong>suan,</strong></span> <span class='ocrx_word' id='word_1_18' title='bbox 633 323 661 375; x_wconf 79' lang='lat' dir='ltr'><strong>e‘t</strong></span> <span class='ocrx_word' id='word_1_19' title='bbox 678 321 907 388; x_wconf 76' lang='lat' dir='ltr'><strong>concupiscentiae</strong></span> 
     </span>
     <span class='ocr_line' id='line_1_4' title="bbox 107 392 907 461; baseline -0.001 -14"><span class='ocrx_word' id='word_1_20' title='bbox 107 393 243 447; x_wconf 79' lang='lat' dir='ltr'><strong>illecebris</strong></span> <span class='ocrx_word' id='word_1_21' title='bbox 269 393 396 448; x_wconf 88' lang='lat' dir='ltr'><strong>seductus</strong></span> <span class='ocrx_word' id='word_1_22' title='bbox 423 401 451 447; x_wconf 91' lang='lat' dir='ltr'><strong>te</strong></span> <span class='ocrx_word' id='word_1_23' title='bbox 478 394 575 448; x_wconf 89' lang='lat' dir='ltr'><strong>iterum</strong></span> <span class='ocrx_word' id='word_1_24' title='bbox 602 392 742 458; x_wconf 75' lang='lat' dir='ltr'><strong>dereliqui.</strong></span> <span class='ocrx_word' id='word_1_25' title='bbox 785 392 907 461; x_wconf 86' lang='lat' dir='ltr'><strong>Peccavi‚</strong></span> 
     </span>
     <span class='ocr_line' id='line_1_5' title="bbox 107 462 907 533; baseline -0.001 -15"><span class='ocrx_word' id='word_1_26' title='bbox 107 465 175 532; x_wconf 85' lang='lat' dir='ltr'><strong>quid</strong></span> <span class='ocrx_word' id='word_1_27' title='bbox 192 463 312 520; x_wconf 77' lang='lat' dir='ltr'><strong>faciam?</strong></span> <span class='ocrx_word' id='word_1_28' title='bbox 336 480 389 531; x_wconf 88' lang='lat' dir='ltr'><strong>quo</strong></span> <span class='ocrx_word' id='word_1_29' title='bbox 407 480 448 518; x_wconf 89' lang='lat' dir='ltr'><strong>me</strong></span> <span class='ocrx_word' id='word_1_30' title='bbox 467 471 623 519; x_wconf 73' lang='lat' dir='ltr'><strong>convertam</strong></span> <span class='ocrx_word' id='word_1_31' title='bbox 640 464 730 532; x_wconf 85' lang='lat' dir='ltr'><strong>miser,</strong></span> <span class='ocrx_word' id='word_1_32' title='bbox 748 463 800 517; x_wconf 89' lang='lat' dir='ltr'><strong>nisi</strong></span> <span class='ocrx_word' id='word_1_33' title='bbox 818 462 853 516; x_wconf 88' lang='lat' dir='ltr'><strong>ad</strong></span> <span class='ocrx_word' id='word_1_34' title='bbox 870 470 907 533; x_wconf 91' lang='lat' dir='ltr'><strong>te,</strong></span> 
     </span>
    </p>
   </div>
   <div class='ocr_carea' id='block_1_3' title="bbox 10 534 907 604">
    <p class='ocr_par' dir='ltr' id='par_1_3' title="bbox 10 534 907 604">
     <span class='ocr_line' id='line_1_6' title="bbox 10 534 907 604; baseline -0.002 -14"><span class='ocrx_word' id='word_1_35' title='bbox 10 587 11 590; x_wconf 74' lang='grc'>,</span> <span class='ocrx_word' id='word_1_36' title='bbox 106 537 138 589; x_wconf 89' lang='lat' dir='ltr'><strong>in</strong></span> <span class='ocrx_word' id='word_1_37' title='bbox 151 551 205 603; x_wconf 91' lang='lat' dir='ltr'><strong>qno</strong></span> <span class='ocrx_word' id='word_1_38' title='bbox 221 543 263 590; x_wconf 88' lang='lat' dir='ltr'><strong>est</strong></span> <span class='ocrx_word' id='word_1_39' title='bbox 276 535 357 604; x_wconf 89' lang='lat' dir='ltr'><strong>salus,</strong></span> <span class='ocrx_word' id='word_1_40' title='bbox 375 536 432 589; x_wconf 84' lang='lat' dir='ltr'><strong>vita</strong></span> <span class='ocrx_word' id='word_1_41' title='bbox 445 543 473 590; x_wconf 88' lang='lat' dir='ltr'><strong>et</strong></span> <span class='ocrx_word' id='word_1_42' title='bbox 485 535 645 590; x_wconf 87' lang='lat' dir='ltr'><strong>resurrectio</strong></span> <span class='ocrx_word' id='word_1_43' title='bbox 657 534 774 588; x_wconf 85' lang='lat' dir='ltr'><strong>nostra?</strong></span> <span class='ocrx_word' id='word_1_44' title='bbox 792 534 907 602; x_wconf 78' lang='lat' dir='ltr'><strong>Respice</strong></span> 
     </span>
    </p>
   </div>
   <div class='ocr_carea' id='block_1_4' title="bbox 105 604 960 2867">
    <p class='ocr_par' dir='ltr' id='par_1_4' title="bbox 105 604 960 1173">
     <span class='ocr_line' id='line_1_7' title="bbox 106 604 908 676; baseline -0.002 -15"><span class='ocrx_word' id='word_1_45' title='bbox 106 607 138 661; x_wconf 91' lang='lat' dir='ltr'><strong>in</strong></span> <span class='ocrx_word' id='word_1_46' title='bbox 161 621 221 675; x_wconf 88' lang='lat' dir='ltr'><strong>me,</strong></span> <span class='ocrx_word' id='word_1_47' title='bbox 245 606 364 662; x_wconf 74' lang='lat' dir='ltr'><strong>¹Domine</strong></span> <span class='ocrx_word' id='word_1_48' title='bbox 391 607 466 676; x_wconf 82' lang='lat' dir='ltr'><strong>lesu,</strong></span> <span class='ocrx_word' id='word_1_49' title='bbox 494 605 716 674; x_wconf 86' lang='lat' dir='ltr'><strong>quemadmodum</strong></span> <span class='ocrx_word' id='word_1_50' title='bbox 743 605 772 658; x_wconf 90' lang='lat' dir='ltr'><strong>in</strong></span> <span class='ocrx_word' id='word_1_51' title='bbox 798 604 908 659; x_wconf 89' lang='lat' dir='ltr'><strong>Petrum</strong></span> 
     </span>
     <span class='ocr_line' id='line_1_8' title="bbox 105 675 908 746; baseline -0.001 -14"><span class='ocrx_word' id='word_1_52' title='bbox 105 678 263 746; x_wconf 80' lang='lat' dir='ltr'><strong>respexisti,</strong></span> <span class='ocrx_word' id='word_1_53' title='bbox 280 685 307 734; x_wconf 89' lang='lat' dir='ltr'><strong>et</strong></span> <span class='ocrx_word' id='word_1_54' title='bbox 323 678 450 732; x_wconf 90' lang='lat' dir='ltr'><strong>miserere</strong></span> <span class='ocrx_word' id='word_1_55' title='bbox 468 679 529 732; x_wconf 89' lang='lat' dir='ltr'><strong>mei.</strong></span> <span class='ocrx_word' id='word_1_56' title='bbox 554 678 664 732; x_wconf 88' lang='lat' dir='ltr'><strong>Utinam</strong></span> <span class='ocrx_word' id='word_1_57' title='bbox 682 676 802 730; x_wconf 91' lang='lat' dir='ltr'><strong>dolerem</strong></span> <span class='ocrx_word' id='word_1_58' title='bbox 819 675 908 731; x_wconf 88' lang='lat' dir='ltr'><strong>cordis</strong></span> 
     </span>
     <span class='ocr_line' id='line_1_9' title="bbox 108 748 907 818; baseline -0.001 -16"><span class='ocrx_word' id='word_1_59' title='bbox 108 751 163 802; x_wconf 91' lang='lat' dir='ltr'><strong>mei</strong></span> <span class='ocrx_word' id='word_1_60' title='bbox 181 754 224 803; x_wconf 88' lang='lat' dir='ltr'><strong>tot</strong></span> <span class='ocrx_word' id='word_1_61' title='bbox 240 749 372 818; x_wconf 83' lang='lat' dir='ltr'><strong>lacrymis,</strong></span> <span class='ocrx_word' id='word_1_62' title='bbox 400 756 465 816; x_wconf 88' lang='lat' dir='ltr'><strong>quot</strong></span> <span class='ocrx_word' id='word_1_63' title='bbox 482 750 536 818; x_wconf 89' lang='lat' dir='ltr'><strong>ille,</strong></span> <span class='ocrx_word' id='word_1_64' title='bbox 555 749 700 803; x_wconf 85' lang='lat' dir='ltr'><strong>contestari</strong></span> <span class='ocrx_word' id='word_1_65' title='bbox 717 750 837 817; x_wconf 80' lang='lat' dir='ltr'><strong>possem!</strong></span> <span class='ocrx_word' id='word_1_66' title='bbox 875 748 907 801; x_wconf 90' lang='lat' dir='ltr'><strong>In</strong></span> 
     </span>
     <span class='ocr_line' id='line_1_10' title="bbox 109 819 906 888; baseline -0.004 -13"><span class='ocrx_word' id='word_1_67' title='bbox 109 826 159 875; x_wconf 89' lang='lat' dir='ltr'><strong>tua</strong></span> <span class='ocrx_word' id='word_1_68' title='bbox 175 819 367 888; x_wconf 85' lang='lat' dir='ltr'><strong>misericordia,</strong></span> <span class='ocrx_word' id='word_1_69' title='bbox 392 821 428 874; x_wconf 92' lang='lat' dir='ltr'><strong>mi</strong></span> <span class='ocrx_word' id='word_1_70' title='bbox 451 822 525 888; x_wconf 86' lang='lat' dir='ltr'><strong>Jesu,</strong></span> <span class='ocrx_word' id='word_1_71' title='bbox 551 835 620 887; x_wconf 88' lang='lat' dir='ltr'><strong>quae</strong></span> <span class='ocrx_word' id='word_1_72' title='bbox 644 819 729 873; x_wconf 67' lang='lat' dir='ltr'><strong>mmor</strong></span> <span class='ocrx_word' id='word_1_73' title='bbox 753 825 802 888; x_wconf 80' lang='lat' dir='ltr'><strong>est,</strong></span> <span class='ocrx_word' id='word_1_74' title='bbox 827 833 906 886; x_wconf 88' lang='lat' dir='ltr'><strong>quam</strong></span> 
     </span>
     <span class='ocr_line' id='line_1_11' title="bbox 109 890 960 960; baseline 0 -16"><span class='ocrx_word' id='word_1_75' title='bbox 109 906 172 944; x_wconf 82' lang='lat' dir='ltr'><strong>inea</strong></span> <span class='ocrx_word' id='word_1_76' title='bbox 189 891 324 959; x_wconf 86' lang='lat' dir='ltr'><strong>iniqnitas,</strong></span> <span class='ocrx_word' id='word_1_77' title='bbox 351 906 426 958; x_wconf 90' lang='lat' dir='ltr'><strong>spem</strong></span> <span class='ocrx_word' id='word_1_78' title='bbox 450 907 553 946; x_wconf 87' lang='lat' dir='ltr'><strong>omnem</strong></span> <span class='ocrx_word' id='word_1_79' title='bbox 576 906 656 960; x_wconf 90' lang='lat' dir='ltr'><strong>pono.</strong></span> <span class='ocrx_word' id='word_1_80' title='bbox 692 890 756 944; x_wconf 90' lang='lat' dir='ltr'><strong>Plus</strong></span> <span class='ocrx_word' id='word_1_81' title='bbox 779 897 810 944; x_wconf 89' lang='lat' dir='ltr'><strong>tn</strong></span> <span class='ocrx_word' id='word_1_82' title='bbox 827 897 906 958; x_wconf 89' lang='lat' dir='ltr'><strong>potes</strong></span> <span class='ocrx_word' id='word_1_83' title='bbox 958 929 960 932; x_wconf 88' lang='lat'>-</span> 
     </span>
     <span class='ocr_line' id='line_1_12' title="bbox 109 961 906 1030; baseline 0 -14"><span class='ocrx_word' id='word_1_84' title='bbox 109 962 260 1030; x_wconf 78' lang='lat' dir='ltr'><strong>dimittere,</strong></span> <span class='ocrx_word' id='word_1_85' title='bbox 285 977 364 1029; x_wconf 90' lang='lat' dir='ltr'><strong>qnam</strong></span> <span class='ocrx_word' id='word_1_86' title='bbox 383 977 432 1030; x_wconf 87' lang='lat' dir='ltr'><strong>ego</strong></span> <span class='ocrx_word' id='word_1_87' title='bbox 452 963 623 1017; x_wconf 90' lang='lat' dir='ltr'><strong>committere.</strong></span> <span class='ocrx_word' id='word_1_88' title='bbox 660 961 702 1016; x_wconf 87' lang='lat' dir='ltr'><strong>Ne</strong></span> <span class='ocrx_word' id='word_1_89' title='bbox 720 962 845 1030; x_wconf 86' lang='lat' dir='ltr'><strong>proiicias</strong></span> <span class='ocrx_word' id='word_1_90' title='bbox 862 975 906 1016; x_wconf 89' lang='lat' dir='ltr'><strong>me</strong></span> 
     </span>
     <span class='ocr_line' id='line_1_13' title="bbox 109 1032 906 1173; baseline 0.004 -86"><span class='ocrx_word' id='word_1_91' title='bbox 109 1032 216 1158; x_wconf 74' lang='lat' dir='ltr'><strong>apfacie</strong></span> <span class='ocrx_word' id='word_1_92' title='bbox 234 1038 289 1173; x_wconf 60' lang='lat' dir='ltr'><strong>tusa).</strong></span> <span class='ocrx_word' id='word_1_93' title='bbox 310 1034 360 1088; x_wconf 89' lang='lat' dir='ltr'><strong>Dic</strong></span> <span class='ocrx_word' id='word_1_94' title='bbox 378 1035 481 1088; x_wconf 88' lang='lat' dir='ltr'><strong>animae</strong></span> <span class='ocrx_word' id='word_1_95' title='bbox 499 1048 587 1088; x_wconf 89' lang='lat' dir='ltr'><strong>meae:</strong></span> <span class='ocrx_word' id='word_1_96' title='bbox 607 1033 690 1088; x_wconf 78' lang='lat' dir='ltr'><strong>Salas</strong></span> <span class='ocrx_word' id='word_1_97' title='bbox 706 1038 756 1087; x_wconf 76' lang='lat' dir='ltr'><strong>tan</strong></span> <span class='ocrx_word' id='word_1_98' title='bbox 774 1049 821 1103; x_wconf 79' lang='lat' dir='ltr'><strong>epo</strong></span> <span class='ocrx_word' id='word_1_99' title='bbox 838 1049 906 1091; x_wconf 82' lang='lat' dir='ltr'><strong>sum.</strong></span> 
     </span>
    </p>

    <p class='ocr_par' dir='ltr' id='par_1_5' title="bbox 143 1107 274 1160">
     <span class='ocr_line' id='line_1_14' title="bbox 143 1107 274 1160; baseline 0 0"><span class='ocrx_word' id='word_1_100' title='bbox 143 1121 167 1160; x_wconf 88' lang='lat' dir='ltr'><strong>s.</strong></span> <span class='ocrx_word' id='word_1_101' title='bbox 186 1107 222 1157; x_wconf 84' lang='grc'><strong>34</strong></span> <span class='ocrx_word' id='word_1_102' title='bbox 248 1107 274 1160; x_wconf 87' lang='grc'><strong>4.</strong></span> 
     </span>
    </p>

    <p class='ocr_par' dir='ltr' id='par_1_6' title="bbox 109 1105 908 2169">
     <span class='ocr_line' id='line_1_15' title="bbox 109 1105 907 1244; baseline 0 -16"><span class='ocrx_word' id='word_1_103' title='bbox 109 1105 120 1174; x_wconf 73' lang='grc'><strong>(</strong></span> <span class='ocrx_word' id='word_1_104' title='bbox 149 1179 175 1230; x_wconf 83' lang='lat'><strong>2.</strong></span> <span class='ocrx_word' id='word_1_105' title='bbox 213 1145 279 1241; x_wconf 66' lang='lat' dir='ltr'><strong>duis</strong></span> <span class='ocrx_word' id='word_1_106' title='bbox 298 1174 372 1228; x_wconf 88' lang='lat' dir='ltr'><strong>dabit</strong></span> <span class='ocrx_word' id='word_1_107' title='bbox 389 1175 470 1243; x_wconf 89' lang='lat' dir='ltr'><strong>capiti</strong></span> <span class='ocrx_word' id='word_1_108' title='bbox 489 1191 560 1244; x_wconf 18' lang='lat' dir='ltr'><strong>&#39;meo&#39;</strong></span> <span class='ocrx_word' id='word_1_109' title='bbox 580 1190 676 1242; x_wconf 87' lang='lat' dir='ltr'><strong>aquam</strong></span> <span class='ocrx_word' id='word_1_110' title='bbox 694 1181 722 1228; x_wconf 88' lang='lat' dir='ltr'><strong>et</strong></span> <span class='ocrx_word' id='word_1_111' title='bbox 739 1174 822 1229; x_wconf 91' lang='lat' dir='ltr'><strong>oculis</strong></span> <span class='ocrx_word' id='word_1_112' title='bbox 839 1174 907 1229; x_wconf 88' lang='lat' dir='ltr'><strong>meis</strong></span> 
     </span>
     <span class='ocr_line' id='line_1_16' title="bbox 109 1245 907 1316; baseline 0 -16"><span class='ocrx_word' id='word_1_113' title='bbox 109 1245 215 1301; x_wconf 80' lang='lat' dir='ltr'><strong>fontem</strong></span> <span class='ocrx_word' id='word_1_114' title='bbox 233 1247 416 1316; x_wconf 79' lang='lat' dir='ltr'><strong>lacrymarum,</strong></span> <span class='ocrx_word' id='word_1_115' title='bbox 435 1253 465 1300; x_wconf 90' lang='lat' dir='ltr'><strong>ut</strong></span> <span class='ocrx_word' id='word_1_116' title='bbox 482 1247 586 1314; x_wconf 90' lang='lat' dir='ltr'><strong>plorem</strong></span> <span class='ocrx_word' id='word_1_117' title='bbox 595 1246 638 1300; x_wconf 92' lang='lat' dir='ltr'><strong>die</strong></span> <span class='ocrx_word' id='word_1_118' title='bbox 652 1261 683 1300; x_wconf 89' lang='lat' dir='ltr'><strong>ac</strong></span> <span class='ocrx_word' id='word_1_119' title='bbox 700 1252 777 1300; x_wconf 89' lang='lat' dir='ltr'><strong>noete</strong></span> <span class='ocrx_word' id='word_1_120' title='bbox 796 1253 907 1314; x_wconf 87' lang='lat' dir='ltr'><strong>peccata</strong></span> 
     </span>
     <span class='ocr_line' id='line_1_17' title="bbox 110 1317 907 1386; baseline -0.003 -14"><span class='ocrx_word' id='word_1_121' title='bbox 110 1333 182 1386; x_wconf 88' lang='lat' dir='ltr'><strong>mea,</strong></span> <span class='ocrx_word' id='word_1_122' title='bbox 202 1318 297 1384; x_wconf 87' lang='lat' dir='ltr'><strong>quibus</strong></span> <span class='ocrx_word' id='word_1_123' title='bbox 315 1325 351 1386; x_wconf 89' lang='lat' dir='ltr'><strong>te,</strong></span> <span class='ocrx_word' id='word_1_124' title='bbox 377 1319 556 1372; x_wconf 89' lang='lat' dir='ltr'><strong>amantissime</strong></span> <span class='ocrx_word' id='word_1_125' title='bbox 580 1318 654 1385; x_wconf 86' lang='lat' dir='ltr'><strong>Jesu,</strong></span> <span class='ocrx_word' id='word_1_126' title='bbox 678 1317 758 1372; x_wconf 85' lang='lat' dir='ltr'><strong>toties</strong></span> <span class='ocrx_word' id='word_1_127' title='bbox 782 1317 907 1370; x_wconf 85' lang='lat' dir='ltr'><strong>adirem</strong></span> 
     </span>
     <span class='ocr_line' id='line_1_18' title="bbox 111 1387 906 1459; baseline -0.005 -15"><span class='ocrx_word' id='word_1_128' title='bbox 111 1389 275 1459; x_wconf 84' lang='lat' dir='ltr'><strong>provocavi!</strong></span> <span class='ocrx_word' id='word_1_129' title='bbox 295 1388 330 1442; x_wconf 87' lang='lat' dir='ltr'><strong>ad</strong></span> <span class='ocrx_word' id='word_1_130' title='bbox 342 1388 426 1457; x_wconf 88' lang='lat' dir='ltr'><strong>pedes</strong></span> <span class='ocrx_word' id='word_1_131' title='bbox 439 1395 500 1443; x_wconf 90' lang='lat' dir='ltr'><strong>tuos</strong></span> <span class='ocrx_word' id='word_1_132' title='bbox 515 1405 574 1442; x_wconf 91' lang='lat' dir='ltr'><strong>cum</strong></span> <span class='ocrx_word' id='word_1_133' title='bbox 583 1387 745 1456; x_wconf 87' lang='lat' dir='ltr'><strong>Magdalena</strong></span> <span class='ocrx_word' id='word_1_134' title='bbox 753 1389 906 1456; x_wconf 88' lang='lat' dir='ltr'><strong>provolvor,</strong></span> 
     </span>
     <span class='ocr_line' id='line_1_19' title="bbox 111 1459 907 1528; baseline -0.004 -13"><span class='ocrx_word' id='word_1_135' title='bbox 111 1475 215 1528; x_wconf 89' lang='lat' dir='ltr'><strong>eosque</strong></span> <span class='ocrx_word' id='word_1_136' title='bbox 234 1475 267 1514; x_wconf 91' lang='lat' dir='ltr'><strong>ex</strong></span> <span class='ocrx_word' id='word_1_137' title='bbox 281 1461 374 1514; x_wconf 89' lang='lat' dir='ltr'><strong>animo</strong></span> <span class='ocrx_word' id='word_1_138' title='bbox 389 1461 534 1528; x_wconf 90' lang='lat' dir='ltr'><strong>amplector</strong></span> <span class='ocrx_word' id='word_1_139' title='bbox 547 1467 575 1514; x_wconf 90' lang='lat' dir='ltr'><strong>et</strong></span> <span class='ocrx_word' id='word_1_140' title='bbox 592 1459 741 1528; x_wconf 86' lang='lat' dir='ltr'><strong>exosculor,</strong></span> <span class='ocrx_word' id='word_1_141' title='bbox 757 1466 832 1513; x_wconf 75' lang='lat' dir='ltr'><strong>mam</strong></span> <span class='ocrx_word' id='word_1_142' title='bbox 845 1475 907 1526; x_wconf 88' lang='lat' dir='ltr'><strong>snp-</strong></span> 
     </span>
     <span class='ocr_line' id='line_1_20' title="bbox 110 1529 907 1600; baseline -0.004 -15"><span class='ocrx_word' id='word_1_143' title='bbox 110 1533 176 1600; x_wconf 86' lang='lat' dir='ltr'><strong>plex</strong></span> <span class='ocrx_word' id='word_1_144' title='bbox 190 1531 399 1586; x_wconf 88' lang='lat' dir='ltr'><strong>misericordiam</strong></span> <span class='ocrx_word' id='word_1_145' title='bbox 411 1532 565 1599; x_wconf 89' lang='lat' dir='ltr'><strong>implorans.</strong></span> <span class='ocrx_word' id='word_1_146' title='bbox 583 1530 676 1600; x_wconf 88' lang='lat' dir='ltr'><strong>Parce,</strong></span> <span class='ocrx_word' id='word_1_147' title='bbox 686 1529 808 1598; x_wconf 89' lang='lat' dir='ltr'><strong>Domine,</strong></span> <span class='ocrx_word' id='word_1_148' title='bbox 826 1543 907 1597; x_wconf 87' lang='lat' dir='ltr'><strong>parce</strong></span> 
     </span>
     <span class='ocr_line' id='line_1_21' title="bbox 113 1601 908 1672; baseline -0.003 -16"><span class='ocrx_word' id='word_1_149' title='bbox 113 1603 235 1672; x_wconf 86' lang='lat' dir='ltr'><strong>peccatis</strong></span> <span class='ocrx_word' id='word_1_150' title='bbox 259 1603 338 1670; x_wconf 70' lang='lat' dir='ltr'><strong>meis,</strong></span> <span class='ocrx_word' id='word_1_151' title='bbox 364 1618 433 1669; x_wconf 88' lang='lat' dir='ltr'><strong>quae</strong></span> <span class='ocrx_word' id='word_1_152' title='bbox 452 1604 552 1657; x_wconf 73' lang='lat' dir='ltr'><strong>annam</strong></span> <span class='ocrx_word' id='word_1_153' title='bbox 569 1609 625 1656; x_wconf 90' lang='lat' dir='ltr'><strong>tam</strong></span> <span class='ocrx_word' id='word_1_154' title='bbox 638 1601 713 1668; x_wconf 83' lang='lat' dir='ltr'><strong>largo</strong></span> <span class='ocrx_word' id='word_1_155' title='bbox 731 1601 908 1668; x_wconf 81' lang='lat' dir='ltr'><strong>laerymarum</strong></span> 
     </span>
     <span class='ocr_line' id='line_1_22' title="bbox 111 1672 908 1743; baseline -0.005 -15"><span class='ocrx_word' id='word_1_156' title='bbox 111 1674 207 1741; x_wconf 89' lang='lat' dir='ltr'><strong>imbre,</strong></span> <span class='ocrx_word' id='word_1_157' title='bbox 227 1688 307 1741; x_wconf 88' lang='lat' dir='ltr'><strong>quam</strong></span> <span class='ocrx_word' id='word_1_158' title='bbox 323 1675 460 1742; x_wconf 85' lang='lat' dir='ltr'><strong>peccatrix</strong></span> <span class='ocrx_word' id='word_1_159' title='bbox 476 1674 531 1743; x_wconf 91' lang='lat' dir='ltr'><strong>illa,</strong></span> <span class='ocrx_word' id='word_1_160' title='bbox 556 1688 665 1741; x_wconf 91' lang='lat' dir='ltr'><strong>possem</strong></span> <span class='ocrx_word' id='word_1_161' title='bbox 682 1672 786 1726; x_wconf 88' lang='lat' dir='ltr'><strong>eluerel</strong></span> <span class='ocrx_word' id='word_1_162' title='bbox 812 1672 908 1725; x_wconf 88' lang='lat' dir='ltr'><strong>harum</strong></span> 
     </span>
     <span class='ocr_line' id='line_1_23' title="bbox 111 1743 908 1814; baseline 0 -16"><span class='ocrx_word' id='word_1_163' title='bbox 111 1744 256 1812; x_wconf 80' lang='lat' dir='ltr'><strong>desectum,</strong></span> <span class='ocrx_word' id='word_1_164' title='bbox 275 1745 311 1798; x_wconf 91' lang='lat' dir='ltr'><strong>mi</strong></span> <span class='ocrx_word' id='word_1_165' title='bbox 328 1746 403 1814; x_wconf 74' lang='lat' dir='ltr'><strong>iesu,</strong></span> <span class='ocrx_word' id='word_1_166' title='bbox 421 1759 500 1800; x_wconf 90' lang='lat' dir='ltr'><strong>roseo</strong></span> <span class='ocrx_word' id='word_1_167' title='bbox 518 1753 574 1814; x_wconf 89' lang='lat' dir='ltr'><strong>tuo,</strong></span> <span class='ocrx_word' id='word_1_168' title='bbox 593 1759 672 1812; x_wconf 87' lang='lat' dir='ltr'><strong>quem</strong></span> <span class='ocrx_word' id='word_1_169' title='bbox 688 1759 738 1812; x_wconf 93' lang='lat' dir='ltr'><strong>pro</strong></span> <span class='ocrx_word' id='word_1_170' title='bbox 756 1757 799 1796; x_wconf 90' lang='lat' dir='ltr'><strong>me</strong></span> <span class='ocrx_word' id='word_1_171' title='bbox 818 1743 908 1811; x_wconf 87' lang='lat' dir='ltr'><strong>copio-</strong></span> 
     </span>
     <span class='ocr_line' id='line_1_24' title="bbox 111 1813 907 1885; baseline -0.003 -14"><span class='ocrx_word' id='word_1_172' title='bbox 111 1817 218 1872; x_wconf 89' lang='lat' dir='ltr'><strong>sissime</strong></span> <span class='ocrx_word' id='word_1_173' title='bbox 236 1814 336 1885; x_wconf 84' lang='lat' dir='ltr'><strong>fudisti,</strong></span> <span class='ocrx_word' id='word_1_174' title='bbox 356 1815 489 1884; x_wconf 81' lang='lat' dir='ltr'><strong>Sanguine</strong></span> <span class='ocrx_word' id='word_1_175' title='bbox 507 1831 657 1884; x_wconf 87' lang='lat' dir='ltr'><strong>compensa.</strong></span> <span class='ocrx_word' id='word_1_176' title='bbox 681 1816 706 1868; x_wconf 93' lang='lat' dir='ltr'><strong>A</strong></span> <span class='ocrx_word' id='word_1_177' title='bbox 723 1813 836 1882; x_wconf 88' lang='lat' dir='ltr'><strong>pedibus</strong></span> <span class='ocrx_word' id='word_1_178' title='bbox 853 1815 907 1869; x_wconf 84' lang='lat' dir='ltr'><strong>tuis</strong></span> 
     </span>
     <span class='ocr_line' id='line_1_25' title="bbox 111 1885 907 1955; baseline -0.001 -14"><span class='ocrx_word' id='word_1_179' title='bbox 111 1903 168 1942; x_wconf 88' lang='lat' dir='ltr'><strong>non</strong></span> <span class='ocrx_word' id='word_1_180' title='bbox 187 1886 335 1955; x_wconf 82' lang='lat' dir='ltr'><strong>discedam3</strong></span> <span class='ocrx_word' id='word_1_181' title='bbox 354 1888 404 1941; x_wconf 88' lang='lat' dir='ltr'><strong>hos</strong></span> <span class='ocrx_word' id='word_1_182' title='bbox 421 1886 533 1941; x_wconf 84' lang='lat' dir='ltr'><strong>firmiter</strong></span> <span class='ocrx_word' id='word_1_183' title='bbox 550 1887 648 1940; x_wconf 87' lang='lat' dir='ltr'><strong>tenebo</strong></span> <span class='ocrx_word' id='word_1_184' title='bbox 665 1893 801 1952; x_wconf 88' lang='lat' dir='ltr'><strong>tamquam</strong></span> <span class='ocrx_word' id='word_1_185' title='bbox 814 1885 907 1940; x_wconf 84' lang='lat' dir='ltr'><strong>salutis</strong></span> 
     </span>
     <span class='ocr_line' id='line_1_26' title="bbox 111 1956 907 2028; baseline 0.001 -17"><span class='ocrx_word' id='word_1_186' title='bbox 111 1973 190 2013; x_wconf 89' lang='lat' dir='ltr'><strong>meae</strong></span> <span class='ocrx_word' id='word_1_187' title='bbox 215 1959 366 2028; x_wconf 85' lang='lat' dir='ltr'><strong>anchoram,</strong></span> <span class='ocrx_word' id='word_1_188' title='bbox 384 1973 434 2012; x_wconf 89' lang='lat' dir='ltr'><strong>nec</strong></span> <span class='ocrx_word' id='word_1_189' title='bbox 457 1957 601 2028; x_wconf 87' lang='lat' dir='ltr'><strong>dimittam,</strong></span> <span class='ocrx_word' id='word_1_190' title='bbox 629 1957 713 2011; x_wconf 90' lang='lat' dir='ltr'><strong>donec</strong></span> <span class='ocrx_word' id='word_1_191' title='bbox 737 1956 907 2012; x_wconf 82' lang='lat' dir='ltr'><strong>benedixeris</strong></span> 
     </span>
     <span class='ocr_line' id='line_1_27' title="bbox 111 2028 906 2096; baseline 0 -14"><span class='ocrx_word' id='word_1_192' title='bbox 111 2030 186 2096; x_wconf 88' lang='lat' dir='ltr'><strong>mihi,</strong></span> <span class='ocrx_word' id='word_1_193' title='bbox 213 2035 241 2082; x_wconf 89' lang='lat' dir='ltr'><strong>et</strong></span> <span class='ocrx_word' id='word_1_194' title='bbox 265 2029 372 2083; x_wconf 83' lang='lat' dir='ltr'><strong>audiam</strong></span> <span class='ocrx_word' id='word_1_195' title='bbox 395 2030 442 2084; x_wconf 89' lang='lat' dir='ltr'><strong>illa</strong></span> <span class='ocrx_word' id='word_1_196' title='bbox 460 2044 578 2084; x_wconf 88' lang='lat' dir='ltr'><strong>summae</strong></span> <span class='ocrx_word' id='word_1_197' title='bbox 602 2028 791 2083; x_wconf 87' lang='lat' dir='ltr'><strong>consolationis</strong></span> <span class='ocrx_word' id='word_1_198' title='bbox 808 2028 906 2083; x_wconf 86' lang='lat' dir='ltr'><strong>verba:</strong></span> 
     </span>
     <span class='ocr_line' id='line_1_28' title="bbox 112 2099 808 2169; baseline -0.001 -14"><span class='ocrx_word' id='word_1_199' title='bbox 112 2101 299 2155; x_wconf 66' lang='lat' dir='ltr'><strong>Retribuetur</strong></span> <span class='ocrx_word' id='word_1_200' title='bbox 316 2101 367 2154; x_wconf 77' lang='lat' dir='ltr'><strong>tabi</strong></span> <span class='ocrx_word' id='word_1_201' title='bbox 378 2106 493 2168; x_wconf 81' lang='lat' dir='ltr'><strong>peccota</strong></span> <span class='ocrx_word' id='word_1_202' title='bbox 510 2106 567 2154; x_wconf 82' lang='lat' dir='ltr'><strong>tua.</strong></span> <span class='ocrx_word' id='word_1_203' title='bbox 605 2099 710 2169; x_wconf 75' lang='lat' dir='ltr'><strong>(Mattlu</strong></span> <span class='ocrx_word' id='word_1_204' title='bbox 729 2103 754 2168; x_wconf 85' lang='lat'><strong>9,</strong></span> <span class='ocrx_word' id='word_1_205' title='bbox 773 2099 808 2169; x_wconf 82' lang='lat'><strong>2.)</strong></span> 
     </span>
    </p>

    <p class='ocr_par' dir='ltr' id='par_1_7' title="bbox 111 2171 908 2867">
     <span class='ocr_line' id='line_1_29' title="bbox 149 2171 907 2240; baseline -0.003 -14"><span class='ocrx_word' id='word_1_206' title='bbox 149 2174 174 2226; x_wconf 81' lang='lat'><strong>3.</strong></span> <span class='ocrx_word' id='word_1_207' title='bbox 212 2171 304 2240; x_wconf 84' lang='lat' dir='ltr'><strong>Potor,</strong></span> <span class='ocrx_word' id='word_1_208' title='bbox 323 2173 436 2240; x_wconf 79' lang='lat' dir='ltr'><strong>peccaui</strong></span> <span class='ocrx_word' id='word_1_209' title='bbox 459 2173 490 2225; x_wconf 82' lang='lat' dir='ltr'><strong>c&#39;n</strong></span> <span class='ocrx_word' id='word_1_210' title='bbox 507 2171 615 2238; x_wconf 81' lang='lat' dir='ltr'><strong>ecclam,</strong></span> <span class='ocrx_word' id='word_1_211' title='bbox 641 2176 828 2238; x_wconf 67' lang='lat' dir='ltr'><strong>decretale,</strong></span> <span class='ocrx_word' id='word_1_212' title='bbox 851 2171 907 2224; x_wconf 67' lang='lat' dir='ltr'><strong>tam</strong></span> 
     </span>
     <span class='ocr_line' id='line_1_30' title="bbox 111 2240 908 2312; baseline 0.001 -17"><span class='ocrx_word' id='word_1_213' title='bbox 111 2257 169 2296; x_wconf 81' lang='lat' dir='ltr'><strong>non</strong></span> <span class='ocrx_word' id='word_1_214' title='bbox 193 2257 253 2296; x_wconf 81' lang='lat' dir='ltr'><strong>sum</strong></span> <span class='ocrx_word' id='word_1_215' title='bbox 279 2241 378 2312; x_wconf 76' lang='lat' dir='ltr'><strong>clipeus</strong></span> <span class='ocrx_word' id='word_1_216' title='bbox 399 2244 493 2296; x_wconf 75' lang='lat' dir='ltr'><strong>uocari</strong></span> <span class='ocrx_word' id='word_1_217' title='bbox 515 2242 589 2308; x_wconf 74' lang='lat' dir='ltr'><strong>filias</strong></span> <span class='ocrx_word' id='word_1_218' title='bbox 605 2247 677 2296; x_wconf 83' lang='lat' dir='ltr'><strong>tuus.</strong></span> <span class='ocrx_word' id='word_1_219' title='bbox 713 2240 861 2296; x_wconf 89' lang='lat' dir='ltr'><strong>Desideriis</strong></span> <span class='ocrx_word' id='word_1_220' title='bbox 880 2248 908 2296; x_wconf 89' lang='lat' dir='ltr'><strong>et</strong></span> 
     </span>
     <span class='ocr_line' id='line_1_31' title="bbox 113 2311 906 2382; baseline -0.001 -15"><span class='ocrx_word' id='word_1_221' title='bbox 113 2314 335 2382; x_wconf 82' lang='lat' dir='ltr'><strong>concupiscentiis</strong></span> <span class='ocrx_word' id='word_1_222' title='bbox 344 2313 410 2368; x_wconf 90' lang='lat' dir='ltr'><strong>meis</strong></span> <span class='ocrx_word' id='word_1_223' title='bbox 422 2313 613 2382; x_wconf 87' lang='lat' dir='ltr'><strong>optemperavi,</strong></span> <span class='ocrx_word' id='word_1_224' title='bbox 625 2320 652 2367; x_wconf 92' lang='lat' dir='ltr'><strong>te</strong></span> <span class='ocrx_word' id='word_1_225' title='bbox 662 2311 815 2368; x_wconf 88' lang='lat' dir='ltr'><strong>fidelissimo</strong></span> <span class='ocrx_word' id='word_1_226' title='bbox 825 2313 906 2366; x_wconf 85' lang='lat' dir='ltr'><strong>Patre</strong></span> 
     </span>
     <span class='ocr_line' id='line_1_32' title="bbox 113 2384 907 2453; baseline -0.003 -14"><span class='ocrx_word' id='word_1_227' title='bbox 113 2391 276 2453; x_wconf 91' lang='lat' dir='ltr'><strong>contempto.</strong></span> <span class='ocrx_word' id='word_1_228' title='bbox 308 2384 378 2439; x_wconf 86' lang='lat' dir='ltr'><strong>Fodi</strong></span> <span class='ocrx_word' id='word_1_229' title='bbox 395 2385 460 2438; x_wconf 89' lang='lat' dir='ltr'><strong>mihi</strong></span> <span class='ocrx_word' id='word_1_230' title='bbox 477 2384 607 2439; x_wconf 88' lang='lat' dir='ltr'><strong>cisternas</strong></span> <span class='ocrx_word' id='word_1_231' title='bbox 626 2385 836 2440; x_wconf 89' lang='lat' dir='ltr'><strong>consolationum</strong></span> <span class='ocrx_word' id='word_1_232' title='bbox 853 2391 907 2438; x_wconf 88' lang='lat' dir='ltr'><strong>ter·</strong></span> 
     </span>
     <span class='ocr_line' id='line_1_33' title="bbox 112 2455 908 2525; baseline 0 -17"><span class='ocrx_word' id='word_1_233' title='bbox 112 2470 246 2525; x_wconf 84' lang='lat' dir='ltr'><strong>renerum,</strong></span> <span class='ocrx_word' id='word_1_234' title='bbox 274 2456 403 2510; x_wconf 81' lang='lat' dir='ltr'><strong>cisternas</strong></span> <span class='ocrx_word' id='word_1_235' title='bbox 429 2455 579 2524; x_wconf 82' lang='lat' dir='ltr'><strong>dissipates,</strong></span> <span class='ocrx_word' id='word_1_236' title='bbox 606 2470 674 2523; x_wconf 90' lang='lat' dir='ltr'><strong>quae</strong></span> <span class='ocrx_word' id='word_1_237' title='bbox 700 2456 835 2510; x_wconf 73' lang='lat' dir='ltr'><strong>confidere</strong></span> <span class='ocrx_word' id='word_1_238' title='bbox 852 2469 908 2508; x_wconf 91' lang='lat' dir='ltr'><strong>non</strong></span> 
     </span>
     <span class='ocr_line' id='line_1_34' title="bbox 113 2525 907 2596; baseline -0.001 -17"><span class='ocrx_word' id='word_1_239' title='bbox 113 2527 204 2580; x_wconf 87' lang='lat' dir='ltr'><strong>valent</strong></span> <span class='ocrx_word' id='word_1_240' title='bbox 213 2541 305 2596; x_wconf 85' lang='lat' dir='ltr'><strong>aquas,</strong></span> <span class='ocrx_word' id='word_1_241' title='bbox 315 2533 343 2581; x_wconf 91' lang='lat' dir='ltr'><strong>te</strong></span> <span class='ocrx_word' id='word_1_242' title='bbox 352 2526 426 2581; x_wconf 85' lang='lat' dir='ltr'><strong>fonte</strong></span> <span class='ocrx_word' id='word_1_243' title='bbox 436 2541 522 2594; x_wconf 89' lang='lat' dir='ltr'><strong>aquae</strong></span> <span class='ocrx_word' id='word_1_244' title='bbox 532 2527 610 2580; x_wconf 88' lang='lat' dir='ltr'><strong>vivae</strong></span> <span class='ocrx_word' id='word_1_245' title='bbox 621 2526 756 2581; x_wconf 88' lang='lat' dir='ltr'><strong>derelicto.</strong></span> <span class='ocrx_word' id='word_1_246' title='bbox 775 2525 907 2580; x_wconf 82' lang='lat' dir='ltr'><strong>Gaudium</strong></span> 
     </span>
     <span class='ocr_line' id='line_1_35' title="bbox 114 2597 907 2666; baseline -0.001 -16"><span class='ocrx_word' id='word_1_247' title='bbox 114 2597 142 2650; x_wconf 92' lang='lat' dir='ltr'><strong>in</strong></span> <span class='ocrx_word' id='word_1_248' title='bbox 160 2599 290 2652; x_wconf 84' lang='lat' dir='ltr'><strong>creaturis</strong></span> <span class='ocrx_word' id='word_1_249' title='bbox 305 2599 433 2666; x_wconf 85' lang='lat' dir='ltr'><strong>quaesivi,</strong></span> <span class='ocrx_word' id='word_1_250' title='bbox 453 2597 525 2665; x_wconf 91' lang='lat' dir='ltr'><strong>quod</strong></span> <span class='ocrx_word' id='word_1_251' title='bbox 534 2599 562 2651; x_wconf 91' lang='lat' dir='ltr'><strong>in</strong></span> <span class='ocrx_word' id='word_1_252' title='bbox 571 2605 599 2652; x_wconf 87' lang='lat' dir='ltr'><strong>te</strong></span> <span class='ocrx_word' id='word_1_253' title='bbox 612 2598 670 2652; x_wconf 88' lang='lat' dir='ltr'><strong>eolo</strong></span> <span class='ocrx_word' id='word_1_254' title='bbox 681 2597 796 2652; x_wconf 89' lang='lat' dir='ltr'><strong>inveniri</strong></span> <span class='ocrx_word' id='word_1_255' title='bbox 808 2603 907 2664; x_wconf 86' lang='lat' dir='ltr'><strong>potest.</strong></span> 
     </span>
     <span class='ocr_line' id='line_1_36' title="bbox 113 2667 907 2737; baseline -0.003 -14"><span class='ocrx_word' id='word_1_256' title='bbox 113 2667 185 2724; x_wconf 79' lang='lat' dir='ltr'><strong>Vere</strong></span> <span class='ocrx_word' id='word_1_257' title='bbox 207 2685 281 2736; x_wconf 64' lang='lat' dir='ltr'><strong>‚mon</strong></span> <span class='ocrx_word' id='word_1_258' title='bbox 299 2675 338 2723; x_wconf 79' lang='lat' dir='ltr'><strong>est</strong></span> <span class='ocrx_word' id='word_1_259' title='bbox 351 2685 413 2737; x_wconf 79' lang='lat' dir='ltr'><strong>poa</strong></span> <span class='ocrx_word' id='word_1_260' title='bbox 429 2669 550 2737; x_wconf 74' lang='lat' dir='ltr'><strong>impiis;“</strong></span> <span class='ocrx_word' id='word_1_261' title='bbox 576 2683 659 2736; x_wconf 86' lang='lat' dir='ltr'><strong>quare</strong></span> <span class='ocrx_word' id='word_1_262' title='bbox 683 2668 718 2722; x_wconf 86' lang='lat' dir='ltr'><strong>ad</strong></span> <span class='ocrx_word' id='word_1_263' title='bbox 735 2675 762 2722; x_wconf 90' lang='lat' dir='ltr'><strong>te</strong></span> <span class='ocrx_word' id='word_1_264' title='bbox 780 2667 871 2736; x_wconf 87' lang='lat' dir='ltr'><strong>redeo,</strong></span> <span class='ocrx_word' id='word_1_265' title='bbox 889 2682 907 2721; x_wconf 96' lang='lat' dir='ltr'><strong>o</strong></span> 
     </span>
     <span class='ocr_line' id='line_1_37' title="bbox 113 2737 907 2811; baseline -0.001 -20"><span class='ocrx_word' id='word_1_266' title='bbox 113 2737 301 2808; x_wconf 79' lang='lat' dir='ltr'><strong>benignissime</strong></span> <span class='ocrx_word' id='word_1_267' title='bbox 320 2741 409 2811; x_wconf 87' lang='lat' dir='ltr'><strong>Pater,</strong></span> <span class='ocrx_word' id='word_1_268' title='bbox 429 2741 503 2794; x_wconf 89' lang='lat' dir='ltr'><strong>cuius</strong></span> <span class='ocrx_word' id='word_1_269' title='bbox 521 2739 719 2795; x_wconf 85' lang='lat' dir='ltr'><strong>misericordiae</strong></span> <span class='ocrx_word' id='word_1_270' title='bbox 732 2754 787 2793; x_wconf 91' lang='lat' dir='ltr'><strong>non</strong></span> <span class='ocrx_word' id='word_1_271' title='bbox 800 2745 842 2792; x_wconf 87' lang='lat' dir='ltr'><strong>est</strong></span> <span class='ocrx_word' id='word_1_272' title='bbox 859 2753 907 2790; x_wconf 88' lang='lat' dir='ltr'><strong>nn·</strong></span> 
     </span>
     <span class='ocr_line' id='line_1_38' title="bbox 115 2807 908 2867; baseline -0.003 -5"><span class='ocrx_word' id='word_1_273' title='bbox 115 2823 204 2867; x_wconf 86' lang='lat' dir='ltr'><strong>merus</strong></span> <span class='ocrx_word' id='word_1_274' title='bbox 222 2818 250 2866; x_wconf 86' lang='lat' dir='ltr'><strong>et</strong></span> <span class='ocrx_word' id='word_1_275' title='bbox 267 2811 395 2867; x_wconf 88' lang='lat' dir='ltr'><strong>bonitatis</strong></span> <span class='ocrx_word' id='word_1_276' title='bbox 412 2810 531 2867; x_wconf 83' lang='lat' dir='ltr'><strong>infinitus</strong></span> <span class='ocrx_word' id='word_1_277' title='bbox 553 2817 595 2866; x_wconf 90' lang='lat' dir='ltr'><strong>est</strong></span> <span class='ocrx_word' id='word_1_278' title='bbox 619 2812 771 2866; x_wconf 88' lang='lat' dir='ltr'><strong>thesaurus.</strong></span> <span class='ocrx_word' id='word_1_279' title='bbox 807 2807 908 2862; x_wconf 87' lang='lat' dir='ltr'><strong>lterum</strong></span> 
     </span>
    </p>
   </div>
   <div class='ocr_carea' id='block_1_5' title="bbox 0 0 1063 3226">
    <p class='ocr_par' dir='ltr' id='par_1_8' title="bbox 0 0 1063 3226">
     <span class='ocr_line' id='line_1_39' title="bbox 0 0 1063 3226; baseline 0 0"><span class='ocrx_word' id='word_1_280' title='bbox 0 0 1063 3226; x_wconf 95' lang='lat' dir='ltr'><strong> </strong></span> 
     </span>
    </p>
   </div>
  </div>
 </body>
</html>
