2152 3234
331 177 364 218 De
377 175 517 218 incremento
529 178 672 218 Matrimonii.
860 175 901 220 ul

104 279 137 335 Si
155 279 253 334 mulier
270 279 305 334 sit
322 285 407 348 raptu,
425 279 485 334 loco
503 293 553 333 nec
571 278 676 334 reddita
693 285 760 348 toto,

101 352 182 406 Haec
200 349 327 405 socianda
344 357 436 404 vetant
454 349 593 420 connubio,
611 349 685 404 facta
701 357 855 406 retractant.

140 421 217 476 Hseo
229 420 418 490 impedimenta
432 419 582 476 dirimentis
595 419 750 476 dividuntur
770 422 795 492 e)
812 423 840 474 in
852 437 902 490 pu·

101 493 177 548 blica
195 500 223 546 et
241 492 352 560 occulta,
375 492 402 562 b)
420 492 449 545 in
466 492 531 546 iuris
549 493 648 560 privati
666 499 694 546 et
711 492 777 548 iuris
794 493 902 562 publici.

141 564 259 618 Publica
272 562 395 618 dicuntum
408 577 441 617 ea
453 562 649 631 impedimenta,
668 578 736 630 quae
750 561 794 618 vel
806 569 903 632 erupta

101 640 216 701 uotruu,
241 635 285 688 vel
297 649 350 702 per
366 649 456 688 rmum
474 635 689 688 mrcumetuuic'ac
707 641 769 689 sunt
785 636 901 702 notorio,

16 749 17 760 ,
102 712 153 760 eut
171 705 266 761 saltem
288 705 317 758 in
340 703 399 759 foro
425 711 534 760 externo
559 705 668 774 probari
685 712 806 773 possunt.
841 705 902 760 Huc

16 825 17 830 ,
102 777 243 846 pertinent
261 776 469 845 cunctimodas
484 776 614 845 mohciiti
636 781 693 830 tom
710 778 899 845 eoueaapuiai·

101 848 179 914 totis,
198 864 279 916 pecora
297 847 440 914 officione
458 864 491 901 ae
509 847 606 916 copulo
624 848 706 914 licitu,
724 849 848 917 captatio
867 847 901 901 la-

100 919 176 988 paics
194 923 219 972 et
236 918 396 986 spiritualis,
410 917 522 986 publicu
535 919 667 985 immine,
686 917 753 972 ordo
772 923 902 974 ettotam

15 1003 17 1022 ¹
102 989 228 1044 sommae.
268 987 394 1056 Quemvis
412 990 482 1044 enim
499 987 558 1042 fieri
575 990 668 1058 possit,
687 997 717 1044 ut
735 990 802 1044 haee
819 989 902 1058 impe·

104 1059 226 1114 dimenta
249 1060 277 1113 in
295 1059 405 1129 singulis
429 1060 534 1114 casibus
557 1059 590 1114 de
612 1059 683 1114 facto
701 1061 857 1128 ignorentur
875 1067 903 1116 et

104 1131 222 1199 lateant,
251 1131 333 1185 nihilo
352 1137 441 1185 tamen
459 1131 545 1184 minus
571 1129 604 1184 de
622 1132 680 1184 iure
698 1139 903 1200 praesumuntur

104 1217 168 1258 esse
182 1201 302 1271 publica.
346 1201 407 1256 Alia
432 1209 521 1256 autem
544 1201 745 1272 impedimenta,
772 1203 901 1272 imprimis

104 1289 176 1342 quae
196 1289 230 1328 ex
248 1273 370 1341 crimine,
398 1279 425 1327 et
444 1271 552 1340 quidem
567 1272 736 1342 potissimum
754 1288 788 1327 ex
806 1275 902 1343 copula

102 1343 199 1398 illicita
216 1344 383 1412 proveniunt,
402 1352 449 1398 aut
459 1343 567 1412 publica
585 1351 631 1398 aut
648 1345 751 1398 occulta
764 1360 824 1400 esse
837 1361 900 1413 pos·

104 1423 183 1483 sunt,
207 1415 283 1468 iuxta
304 1430 394 1469 rerum
419 1415 636 1469 circumstantias.
673 1413 753 1470 Side
773 1415 902 1470 eiusmodi

105 1484 296 1554 impedimento
314 1485 384 1540 inter
402 1501 493 1540 omnes
512 1492 624 1554 constet,
644 1484 739 1540 dicitur
751 1488 902 1555 notorium

107 1557 214 1626 quoties
239 1557 292 1611 tale
317 1555 533 1625 impedimentum
551 1571 600 1625 per
623 1555 773 1610 iudicialem
798 1565 902 1612 senten·

107 1628 181 1698 tiam,
208 1627 253 1682 vel
275 1643 326 1696 per
350 1625 423 1682 aliud
441 1627 620 1682 authenticum
639 1626 824 1682 documentum
840 1644 903 1695 pro·

107 1697 169 1753 bari
185 1705 284 1768 potest,
303 1699 422 1766 quamvis
441 1697 474 1752 de
492 1697 563 1752 iacto
582 1697 668 1752 adhuc
685 1699 829 1766 ignoretur,
848 1715 902 1766 pu-

108 1769 207 1824 blicum
233 1776 364 1832 censetur.
401 1769 430 1823 Si
452 1787 544 1826 rumor
568 1770 612 1822 vel
633 1767 706 1823 fama
732 1769 800 1824 adeo
817 1768 902 1824 fertur

108 1840 143 1896 de
157 1840 355 1910 impedimento,
376 1848 406 1894 ut
418 1841 612 1897 rationabiliter
631 1839 697 1894 illud
711 1840 834 1896 credatur
848 1840 902 1896 exi-

109 1919 191 1980 atero,
208 1913 310 1980 pariter
323 1911 462 1980 publium
480 1919 521 1966 est
539 1910 707 1966 censendum.

148 1981 258 2037 Occulta
275 1981 398 2037 dicuntur
416 1998 449 2036 ea
465 1982 660 2051 impedimenta,
679 1997 747 2049 quae
761 1980 805 2035 vel
823 1997 840 2036 a
857 1995 902 2036 ne·

108 2053 188 2122 mine,
206 2054 251 2108 vel
269 2069 286 2108 a
303 2061 357 2107 tam
375 2054 467 2122 paucis
485 2055 611 2121 sciuntur,
639 2060 669 2106 ut
686 2067 774 2119 neque
794 2053 846 2107 sint
863 2050 902 2106 ia-

108 2140 193 2193 mosa,
211 2139 298 2192 neque
311 2123 459 2194 manifeste,
478 2139 565 2192 neque
579 2124 684 2178 notoria
696 2123 760 2178 facti
773 2124 817 2178 vel
828 2124 901 2179 iuris.
997 2146 1000 2151 ·

144 2195 219 2250 Inter
236 2195 339 2250 occulta
356 2195 518 2250 Matrimonii
540 2193 729 2264 impedimenta
751 2209 784 2248 eu
801 2195 903 2263 praeei-

108 2281 162 2336 pue
181 2273 360 2335 recensentur,
379 2281 448 2334 quae
467 2282 500 2320 ec
517 2265 621 2332 defectu
639 2281 782 2318 cousensus
794 2267 902 2332 interni,

108 2335 154 2392 rel
177 2353 211 2391 eu
234 2338 331 2406 copulo
353 2338 450 2390 citicito
472 2353 532 2390 cum
556 2337 760 2406 emuaupoc'uees
782 2337 903 2406 contupia

108 2409 140 2463 iu
153 2409 244 2476 prium
266 2409 308 2462 cel
331 2407 447 2462 secundo
469 2407 561 2478 produ
582 2413 645 2460 aute
668 2408 780 2476 nuptias
801 2407 902 2475 habita,

109 2478 155 2532 rel
172 2495 206 2533 eu
223 2479 333 2533 mimine
349 2478 488 2532 homicidii
505 2485 551 2531 aut
569 2478 698 2531 aduierc'e'
715 2477 843 2534 oriuntur.

146 2549 341 2618 iupedimenta
357 2551 426 2603 imru
439 2549 546 2618 privati
562 2556 624 2603 sunt
642 2563 682 2617 ea,
710 2563 778 2616 quae
797 2549 831 2602 ob
849 2547 902 2617 pri-

110 2627 200 2674 vatam
217 2623 302 2690 magis
320 2621 531 2675 contrahentium
547 2619 689 2674 utilitatem
706 2620 904 2674 Matrimonium

110 2689 225 2746 reddunt
242 2693 359 2747 irritum:
384 2707 461 2746 error
478 2718 511 2729 -
529 2692 570 2744 cio
587 2696 613 2744 ct
629 2696 714 2745 ouius
732 2719 765 2731 -
785 2689 903 2744 condeio

109 2791 144 2804 -
162 2763 327 2832 inpotentia.

140 2833 341 2902 ,Impediouato
357 2833 426 2886 iture
438 2833 545 2902 publici
561 2838 623 2888 sunt
640 2846 681 2904 ea,
704 2845 773 2902 quae
790 2831 829 2886 ita
845 2829 904 2886 Ma-

164 2923 267 2965 lionnala
281 2923 424 2967 secerdotum,
453 2923 536 2974 inuicto
549 2920 598 2974 VL)
764 2923 797 2975 16
