2098 3222
179 181 305 230 Benedictio
322 189 443 238 scopulosis
457 189 482 236 B.
496 191 526 236 M.
540 191 566 233 v.
580 190 607 230 de
620 193 695 231 monte
709 191 816 233 Oatmelo.
857 189 900 233 817

95 290 301 359 lucrifaciendo,
325 289 359 344 ae
384 287 430 344 ’die
451 305 506 359 qno
527 290 668 344 oiedanda
696 296 734 344 est
752 290 895 360 desipnata

95 362 213 428 ecelesia,
232 361 266 415 de
281 362 350 416 bora
369 360 546 430 deniqneqnn
560 361 670 416 dabitnr
683 363 830 428 Pontificio
842 365 895 418 Be·

95 433 221 488 nedictio.
479 451 482 460 Δ

132 507 158 560 2.
177 503 325 572 Postquam
351 504 461 558 statntrs
488 502 533 556 die
560 509 585 558 et
608 505 684 572 nora,
708 505 829 573 popntns
856 503 894 558 ad
921 517 925 528 “

95 575 232 629 eeclesiam
259 575 423 643 convenerit,
448 575 506 628 atta
532 590 595 630 coee
626 576 750 646 depantnr
774 576 894 630 Litterae

95 647 276 716 Apostotieae,
294 662 341 699 sen
358 645 477 700 Decreta
495 646 591 714 anebns
608 647 785 716 Indniqentia
804 661 894 700 conee-

97 717 180 784 ditnr‚
199 733 256 770 nna
280 733 340 770 orant
361 721 495 785 potestate
518 717 737 780 Benedictionern
760 717 896 785 Apostoli·

97 805 157 844 earn
174 804 256 856 snper
269 788 404 856 popntnrn
428 787 592 855 effundendi,
618 794 649 842 nt
674 789 707 842 de
733 789 898 857 delepatione

98 859 271 912 andiontebns
288 864 440 926 consistet
460 861 593 913 concessio
618 876 651 913 ea
669 860 755 913 totino
779 875 898 913 sermmee

96 932 127 984 in
150 931 289 999 ontparern
312 930 487 984 accomodate
512 930 558 984 ad'
568 931 671 999 popuii
693 931 898 998 intellipentiarn
967 996 970 1000 ¹

98 1017 227 1056 eonoersa
241 1002 451 1070 pronuntiatae:
465 1002 585 1069 populns
595 1001 633 1055 ad
646 1018 758 1056 suornm
772 1001 899 1055 eceteram

99 1072 299 1126 detestationem
321 1073 372 1140 pio
391 1073 514 1140 breviana
532 1089 652 1126 sermone
669 1074 815 1140 encitetnr;
834 1077 900 1140 poet

99 1159 176 1212 meae,
195 1143 322 1196 sacerdos
335 1143 418 1196 nadis
431 1144 665 1197 circumstantibus
674 1145 813 1211 ministris,
829 1143 899 1197 stola

99 1219 124 1268 et
140 1213 331 1280 superpelliceo
348 1213 469 1279 indntns,
496 1219 558 1266 ante
576 1216 663 1269 attare
678 1217 843 1286 pnnflenns,
861 1229 900 1269 ee·

99 1283 241 1353 qnentrbns
257 1284 343 1336 verbio
360 1284 416 1337 Dei
433 1299 509 1352 opens
526 1285 663 1352 imploret:

139 1355 170 1411 V.
188 1354 358 1408 Adiutorium
437 1383 471 1394 —
495 1355 526 1410 V.
544 1355 667 1425 Domine,
687 1356 802 1410 exaudi.
817 1397 823 1410 .
839 1398 846 1414 .
865 1385 899 1396 -

141 1425 172 1482 V.
190 1425 321 1480 Dominus
339 1426 542 1482 vobiscum...

136 1496 244 1551 Deinde
261 1501 337 1550 nans
355 1501 505 1565 sequentem
523 1497 614 1550 recitet
632 1497 795 1550 orationem:

140 1565 259 1622 Orotan.
279 1567 453 1636 Omnipotens
472 1574 501 1621 et
513 1569 664 1622 misericors
674 1567 756 1636 Deus,
776 1566 902 1622 danobis

102 1639 229 1693 auxilium
248 1638 282 1692 de
301 1639 407 1708 Sancto,
434 1645 462 1692 et
479 1645 544 1693 vote
561 1639 655 1706 populi
672 1639 752 1692 huius
770 1639 798 1690 in
816 1638 901 1692 humi·

101 1709 177 1764 litate
196 1709 284 1764 cordis
302 1712 408 1764 veniam
427 1715 598 1777 peccatorum
612 1710 756 1777 poscentis,
774 1715 903 1778 tuamque

100 1779 315 1836 benedictionem
340 1781 530 1849 praestolantis
557 1787 586 1834 et
610 1781 731 1849 gratim,
759 1780 902 1834 elementer

102 1851 215 1906 exaudi:
236 1851 374 1907 dexteram
387 1859 462 1906 tuem
471 1867 553 1920 saper
563 1867 624 1906 eum
632 1852 764 1920 benignus
778 1850 901 1920 extende,

102 1938 134 1976 ec
152 1923 345 1990 plenitudinem
365 1922 471 1978 divinae
496 1923 689 1977 benedictionis
714 1919 829 1991 effunde,
848 1937 901 1990 que

8 2045 9 2052 ,
101 1994 180 2048 bonis
199 1995 320 2048 omnibus
340 1995 496 2063 cumulatus,
518 1993 673 2048 felicitatem
693 2001 720 2046 et
738 1993 821 2047 vitam
840 2009 901 2048 eon·

102 2072 231 2133 sequatur
249 2072 393 2120 aeternnm.
430 2066 484 2118 Per
502 2065 637 2120 Christum
648 2106 654 2118 .
666 2105 690 2118 ..
709 2064 803 2119 Amen.

139 2139 164 2190 3.
194 2137 270 2190 Pane
293 2137 420 2190 sacerdos
445 2137 483 2191 nd
507 2152 591 2190 corone
612 2135 756 2204 Epistotae
782 2135 901 2200 accedat,

102 2213 127 2262 et
144 2207 243 2262 ebidem
255 2208 390 2276 popntnnr
407 2207 546 2262 benedicat
565 2209 636 2274 (cnm
665 2208 782 2274 inopine
805 2207 843 2260 D.
864 2205 902 2262 N.

101 2279 130 2334 J.
150 2278 192 2346 G.)
217 2280 299 2333 nnieo
322 2280 399 2348 sipno
423 2279 518 2348 erneis,
543 2284 568 2332 et
591 2279 735 2346 proferens
759 2277 816 2330 atta
840 2291 902 2332 cose

101 2351 171 2404 baec
188 2351 285 2404 enda:

122 2421 285 2476 Benedicat
303 2437 352 2476 vos
370 2419 622 2488 omnipoteneDens
635 2419 752 2487 †Peter,
771 2425 799 2473 et
815 2417 901 2473 Filius

105 2498 133 2548 et
151 2491 266 2560 Spiritus
286 2492 408 2548 Sanetus,
444 2487 478 2546 R.
498 2493 591 2546 Amen.

103 2585 145 2631 81.
168 2581 244 2630 nitus
258 2585 404 2630 servandus
417 2581 445 2628 in
459 2583 638 2628 benedictione
653 2595 683 2628 ee
697 2583 846 2638 receptione
860 2583 904 2628 hn-

174 2639 243 2684 bitu·
258 2639 421 2684 contratrum
435 2638 463 2682 B.
477 2638 510 2682 11.
524 2638 556 2683 V.
570 2638 602 2682 de
616 2639 702 2682 monte
716 2637 842 2682 (termedo.

206 2705 249 2758 (Ex
262 2708 320 2748 libro
333 2709 357 2747 P.
373 2707 459 2748 Mourel
474 2708 519 2756 „Le
534 2706 632 2746 chreston
647 2705 742 2746 ἐρωτῶ*
757 2707 807 2760 pte.)

141 2770 290 2826 Sodaditati
306 2789 402 2828 nomen
421 2773 544 2838 daturne,
563 2773 623 2840 apso
642 2771 686 2824 die
705 2771 743 2824 ad
761 2770 901 2824 Paeniten-

101 2844 160 2900 tiae
177 2849 258 2912 atque
268 2844 461 2900 Eucharistiae
474 2843 652 2899 Sanamenta
667 2841 785 2908 accedat,
804 2845 835 2896 nt
843 2840 902 2908 ple-
