2152 3234
272 207 304 278 De
318 207 460 248 sacramente
474 209 585 246 extremae
598 207 719 248 Unctionia.
858 203 900 248 att

102 307 174 362 tirmi
192 305 308 362 conditio
326 309 472 378 permittat,
491 314 553 362 ante
572 315 718 362 extremam
736 309 903 379 Unctiouem,

102 379 290 434 Poeuiteutiae
323 387 351 434 et
374 379 562 434 Eucharistiae
590 379 763 434 Sacramenta
793 379 905 438 infirmis

97 451 288 521 praebeantur.

138 525 163 579 3.
183 521 290 576 Habeat
307 521 388 591 igitur
405 521 540 590 parochus
558 521 617 576 loco
631 520 715 575 nitido
724 521 744 589 ²)
764 526 791 574 et
807 519 903 574 decen·
938 501 946 516 ⁸

19 635 23 643 .
98 600 142 648 ter
161 599 264 662 ornato,
282 593 311 646 in
327 608 393 647 vaae
408 599 535 661 argentee
556 607 604 647 seu
623 598 743 661 stanneo,
762 591 904 660 diligenter

102 663 264 718 custoditum
282 679 386 718 sacrum
406 663 500 718 Oleum
514 661 686 733 infirmorum,
705 662 777 731 quod
791 663 903 730 singulis

103 735 180 789 annis
198 733 267 790 feria
283 751 309 788 v.
327 736 355 789 in
374 735 465 789 Goena
482 735 590 789 Domini
614 735 648 789 ab
666 735 802 803 Episcopo
820 734 902 788 bene·

103 805 211 874 dictum,
230 806 316 860 veteri
335 806 472 862 combusto
479 806 499 876 π)
518 805 701 861 renovandum
726 814 776 861 est.
813 804 844 858 Id
862 812 902 858 ta·

99 893 171 945 men,
193 878 217 932 si
234 877 303 932 forte
322 877 392 932 infra
411 893 508 932 annum
526 878 615 946 aliquo
634 877 713 932 modo
731 878 770 932 ita
788 875 903 946 deficiat,

100 954 132 1003 ut
151 947 271 1003 sufficere
290 964 344 1003 non
361 964 442 1017 posse
460 948 590 1018 videatur,
616 963 704 1017 neque
729 947 803 1003 aliud
821 948 901 1002 bene·

102 1019 204 1074 dictum
221 1019 316 1074 baberi
335 1029 423 1088 queat,
443 1018 546 1074 modico
565 1020 625 1075 oleo
644 1037 698 1075 non
715 1018 856 1074 benedicto
874 1017 902 1073 in

103 1091 201 1144 minori
220 1092 368 1158 quantitate
387 1091 565 1160 superinfuso,
583 1091 704 1160 reparari
720 1088 846 1160 potest-³)

136 1165 163 1220 4.
183 1161 276 1216 Oleum
294 1178 375 1231 porro
392 1163 481 1230 ipsum
506 1162 551 1216 vel
568 1177 619 1231 per
637 1178 666 1218 se
691 1163 785 1232 solum,
810 1161 855 1216 vel
872 1161 901 1216 in

98 1232 248 1310 bombasio,
268 1248 317 1288 seu
334 1248 364 1287 re
380 1234 458 1288 simili
476 1235 580 1288 servari
597 1241 701 1303 potest,
727 1233 774 1288 scd
793 1232 827 1287 ad
846 1232 900 1287 evi·

96 1302 209 1359 undum
234 1303 371 1360 effusionis
394 1304 541 1372 periculum
566 1305 649 1360 multo
677 1303 841 1360 commodius
865 1302 901 1359 ad

96 1374 217 1430 infirmos
236 1375 355 1430 defertur
371 1375 400 1429 in
417 1371 565 1431 bombasio.

138 1448 163 1500 b.
182 1447 270 1501 Debet
288 1454 377 1502 antem
395 1447 447 1502 hoc
465 1446 665 1500 Sacramentum
688 1444 799 1500 infirmis
821 1459 900 1513 prae-

95 1517 164 1585 beri,
184 1518 238 1586 qui,
257 1533 316 1572 cnm
335 1517 369 1572 ad
387 1533 464 1572 usum
482 1518 593 1572 radonis
611 1517 792 1585 pervenerint,
799 1515 820 1585 ⁸)
844 1524 900 1570 mm

96 1589 218 1658 graviter
235 1590 367 1658 laborant,
386 1598 416 1643 ut
433 1589 527 1644 mortis
544 1587 693 1657 periculum
707 1588 843 1642 imminere
860 1586 900 1640 vi·

97 1657 201 1728 deutur,
221 1668 249 1715 et
266 1661 299 1716 iis
318 1661 371 1730 qui,
399 1675 465 1729 prae
484 1661 558 1716 aenio
577 1657 711 1728 deficiunt,
737 1666 765 1713 et
782 1659 810 1710 in
829 1655 899 1710 diem

96 1730 223 1786 videntur
240 1732 369 1801 morituri,
388 1732 469 1786 etiam
486 1731 543 1787 siue
562 1731 615 1785 alia
631 1729 792 1785 infirmitate.

109 1891 133 1945 1)
148 1894 278 1935 Sacerdotes
296 1903 371 1933 curam
392 1893 516 1932 anlmarum
534 1895 661 1932 exercentes
682 1901 726 1931 nou
745 1891 838 1941 possum
857 1900 899 1939 pro

149 1969 190 1999 aua
204 1959 359 1999 commoditate
372 1959 430 2007 apud
444 1969 467 1998 se
480 1959 504 1997 ln
518 1959 618 1999 domibus
639 1959 685 1998 sula
699 1958 793 1997 rotinere
808 1967 897 1996 sacrum

151 2025 228 2067 Oleum
241 2027 384 2074 intirmorum,
399 2027 491 2074 excepto
510 2026 584 2065 umen
604 2035 658 2065 casn
672 2033 765 2074 magnae
779 2023 899 2064 distantiae

149 2093 178 2132 ab
193 2092 291 2134 ecclesia.
320 2093 348 2141 (S.
363 2091 389 2131 n.
405 2091 427 2130 0.
442 2088 473 2133 le.
488 2091 538 2130 Dec.
554 2089 626 2139 1826.)

110 2155 133 2210 ἵ)
148 2157 183 2204 Se,
196 2158 219 2198 in
233 2158 342 2208 lampade,
363 2167 420 2206 quae
433 2157 498 2197 ardet
510 2158 562 2196 ante
576 2154 615 2197 88.
629 2154 800 2198 Sacramentum.
827 2155 897 2206 (Oeno.

145 2235 206 2274 pree.
220 2224 308 2264 ltsda'ot
323 2223 376 2269 IV.)

108 2286 130 2340 ³)
145 2288 191 2330 on.
211 2289 231 2332 a
246 2289 294 2338 Ing.
309 2289 343 2330 ttb.
357 2287 378 2328 6.
393 2299 447 2332 sem.
462 2286 509 2331 toa.
523 2287 618 2327 Lacreix
631 2297 686 2326 nem.
702 2281 762 2331 2⁰92.
790 2286 895 2326 Lamber-

147 2353 189 2392 tiul
202 2353 308 2393 Institutio
323 2353 355 2393 81.
372 2374 396 2385 -
411 2354 516 2396 sacerdos
530 2363 557 2391 ne
572 2353 595 2391 lu
609 2362 662 2391 casu
676 2351 764 2401 quldem
777 2352 895 2393 necessita·

148 2421 179 2460 tls
201 2420 228 2460 ad
248 2421 386 2460 ralidltatem
405 2420 539 2462 sacrementi
558 2419 591 2458 utl
611 2421 686 2468 potest
701 2418 749 2459 oleo
763 2429 777 2458 a
793 2429 818 2458 ae
831 2419 897 2458 bene·

147 2487 216 2535 dicto,
235 2489 302 2536 prout
316 2486 436 2528 declaravit
453 2485 473 2530 S.
494 2485 516 2524 C.
530 2485 677 2536 improbationis
691 2485 711 2524 d.
727 2484 760 2526 la.
775 2485 822 2529 Just
837 2483 894 2526 1611.
942 2540 947 2548 1

149 2556 171 2591 et
185 2551 246 2604 (inp.
261 2552 319 2596 XVI.
334 2553 354 2593 d.
369 2551 402 2598 14,
415 2553 470 2604 Sept.
484 2550 546 2591 1842.

107 2615 130 2672 ⁴)
143 2619 230 2660 Fideles
244 2629 327 2668 omnes,
342 2619 380 2667 qul
394 2619 492 2668 graviter
506 2617 646 2666 decumbunt,
660 2617 725 2656 modo
742 2615 794 2656 olim
805 2613 899 2656 rationis

147 2685 231 2725 merim
246 2687 364 2734 compotes,
379 2688 403 2724 ut
417 2686 508 2734 peccata
521 2685 658 2723 committere
671 2683 790 2732 potuerint,
806 2693 898 2731 capaces

150 2753 203 2789 sunt
211 2750 276 2790 huius
286 2750 434 2800 sacramentl3
448 2749 500 2789 binc
511 2750 576 2788 etlam
587 2751 660 2788 aetate
671 2747 775 2794 luulores,
789 2747 841 2785 llcet
854 2745 900 2795 prl-

148 2825 208 2856 mam
222 2815 402 2855 Oommnnlouem
415 2814 511 2854 noudum
525 2813 668 2864 susceperint.
697 2811 767 2859 (Oeno.
779 2823 838 2862 pree.
853 2809 898 2852 Oel.

145 2893 196 2932 pop.
211 2881 254 2925 116.
281 2881 326 2922 (lit.
340 2880 420 2922 aeneo.
434 2879 494 2920 xlv.
509 2881 535 2920 de
548 2881 595 2930 Spu.
611 2879 675 2923 dioec.
688 2879 726 2920 lib.
742 2877 761 2920 8.
776 2889 823 2929 cop,
837 2875 867 2927 6,)

1060 425 1062 456 l
