2106 3228
162 142 192 184 60
336 142 795 185 mmmmmcfflatrouu.
840 149 845 156 “

163 263 198 304 ne
217 245 392 314 desperemus
408 253 512 311 tamem
529 261 580 298 nos
593 244 693 312 quippe
711 245 736 298 si
750 243 903 311 respexerit
914 243 965 298 Je-

163 335 219 387 sns,
233 317 301 372 salvi
314 333 414 370 sumna
437 317 553 370 Peccata
563 316 711 383 lugeamus,
730 315 853 382 exemplo
868 313 896 367 S.
909 315 964 370 Pe·

162 391 208 457 tri,
225 389 302 444 onus
321 403 356 442 ex
369 387 454 442 oculis
474 388 651 455 lacrynarnn
662 388 715 440 riri
727 387 825 454 iugiter
839 401 965 453 erumpe·

163 461 238 529 baut,
256 477 317 513 cnm
329 458 517 512 recordaretur
529 457 658 525 perfidiae
672 473 745 512 suae.
772 457 905 523 &affice
921 457 965 510 la·

163 537 410 601 crymastcnqacm
419 531 555 582 vulnerati
561 531 719 598 sanquinem
729 528 827 585 cordis.
837 527 964 598 (S.Aug.)

201 604 236 656 ll.
268 602 366 655 Saulus
384 616 419 654 ex
435 608 607 668 persecutore
629 599 661 652 fit
678 600 787 666 Paulus,
805 600 964 667 Apostolus.

164 673 236 741 Quid
253 673 365 728 snmus?
398 670 468 737 Quid
484 671 601 725 luimus?
636 671 674 724 Ut
690 687 756 725 vera
774 671 810 724 sit
821 671 964 726 conversio

164 753 266 812 nostra,
284 743 383 798 imitari
396 742 525 796 debemus
539 742 567 796 S.
580 742 659 796 Pauli
671 743 700 796 in
716 743 761 796 ria
778 741 883 795 virtutis
898 757 964 796 con·

164 817 298 882 stantiam,
316 813 385 868 adeo
399 821 430 866 ut
442 815 520 868 citius
539 814 603 880 vita,
622 829 703 880 quam
714 813 801 880 gratia
814 827 965 872 careamus.

166 887 233 956 Quis
243 901 294 938 aas
304 885 442 952 ceperam
459 901 478 937 a
496 886 610 938 cordate
629 883 751 938 clanei?
786 883 879 938 &rita
890 899 962 952 aare

163 959 231 1026 quia
246 973 332 1024 neque
348 971 428 1022 mors,
453 963 503 1008 etc.
541 955 700 1009 Studeamus
717 955 819 1023 pariter
836 955 894 1009 eins
911 955 962 1008 ha-

163 1029 229 1082 bere
246 1027 410 1095 patientiam,
429 1028 576 1080 animarum
587 1026 711 1094 studium,
729 1026 913 1092 humilitatem,
932 1033 963 1082 et

163 1099 193 1154 in
210 1098 346 1174 Christum
363 1113 490 1152 amorem.
527 1097 605 1165 Audi,
624 1098 689 1165 quid
706 1097 777 1150 dicat
796 1097 824 1151 S.
841 1097 961 1156 Paulus:

163 1171 312 1224 imitatores
328 1170 382 1222 atei
398 1175 486 1235 θείοιο,
502 1170 572 1234 sicat
589 1173 614 1222 et
631 1185 679 1237 epo
698 1167 805 1222 atrati.

199 1241 249 1296 III.
278 1239 357 1308 Vide,
374 1241 471 1306 quibus
488 1240 635 1294 honoribus
653 1240 682 1294 hi
693 1239 817 1307 Apostoli
833 1239 862 1292 in
878 1239 962 1296 terris

163 1327 236 1366 nunc
254 1310 421 1364 afficiantur?
456 1311 554 1380 Reges,
572 1312 757 1379 imperatores,
775 1310 870 1366 summi
888 1310 962 1364 Pon·

163 1381 258 1450 tificee,
285 1382 420 1450 suppHces
444 1395 474 1436 se
492 1383 619 1436 abiiciunt
642 1381 678 1435 ad
698 1383 800 1436 cineres
818 1381 963 1448 piscatoris

165 1461 193 1508 et
211 1452 333 1508 mtfioist
364 1453 471 1507 Norunt
484 1453 583 1520 quippe
598 1453 740 1506 maximam
754 1468 845 1507 eorum
858 1453 887 1505 in
900 1468 963 1508 coe·
1048 1459 1049 1480 ¹

162 1523 197 1582 lis
210 1524 359 1593 potentiam
378 1531 406 1578 et
421 1524 585 1592 dignitatem
621 1525 760 1579 Honorum
772 1522 875 1590 cupidi!
895 1523 963 1591 quid

163 1611 230 1665 prae
248 1597 291 1651 his
302 1596 449 1650 honoribus
462 1603 524 1650 sunt
536 1596 653 1650 honores
667 1595 789 1650 saeculi?
823 1593 852 1647 Si
869 1601 964 1652 tantus

163 1667 252 1722 honor
270 1667 405 1722 sanctitati
420 1668 449 1720 in
466 1674 540 1722 terra
557 1666 706 1736 adhibetur,
734 1665 799 1734 quid
815 1665 844 1719 in
862 1666 964 1722 coelo?

165 1737 324 1794 Sanctorum
336 1739 450 1794 virtutes
463 1739 611 1806 imitemur3
624 1745 652 1792 et
663 1753 743 1804 quam
751 1737 889 1792 consecuti
900 1744 966 1797 sunt

163 1809 285 1878 gloriam,
302 1826 352 1865 nos
370 1810 472 1877 pariter
489 1823 690 1876 consequemur.

237 1934 277 1991 01.
295 1934 476 1986 meditatio:
500 1931 544 1986 De
565 1933 725 1986 Vda'tationc
741 1931 776 1986 B.
795 1931 836 1986 M.
860 1931 890 1985 V.

198 2020 218 2074 Ι.
253 2019 399 2074 Considera
412 2020 557 2088 Virginem,
576 2020 673 2087 quietis
688 2027 715 2074 et
728 2019 963 2088 contemplationis

162 2091 378 2160 amantissimam,
397 2106 447 2146 nec
466 2092 561 2146 aetatis
579 2091 766 2160 teneritudine,
790 2105 841 2144 nec
857 2091 964 2148 itineris

162 2162 336 2231 longitudine,
355 2177 405 2216 nec
419 2163 564 2230 asperitate
576 2163 713 2230 montium,
731 2177 782 2216 nec
795 2161 850 2216 ulla
863 2177 894 2215 re
908 2163 964 2218 alia

161 2232 302 2302 retardari,
321 2234 462 2301 quominus
481 2233 516 2287 ad
534 2234 652 2288 caritatis
662 2241 689 2288 et
703 2233 860 2288 humilitatis
874 2232 962 2290 officia

161 2303 303 2360 Elisabeth
319 2305 482 2373 praestanda
505 2304 584 2359 domo
603 2320 653 2359 sua
672 2305 758 2358 abeat.
796 2305 854 2358 lam
872 2305 962 2372 gratia

160 2376 242 2445 plena
260 2383 330 2444 erat;
356 2376 410 2429 iam
427 2376 480 2430 Dei
492 2383 578 2430 mater
595 2376 706 2443 effecta3
731 2376 786 2430 iam
802 2389 885 2442 super
901 2391 961 2430 mu·

160 2447 241 2502 lieres
259 2446 409 2502 benedicta.
445 2447 503 2516 Quo
521 2447 612 2515 itaque
631 2462 660 2502 se
679 2447 801 2502 altiorem
819 2445 900 2514 ridet,
926 2461 960 2502 eo

161 2533 191 2574 se
205 2518 344 2573 demittere
357 2519 443 2588 magis
456 2517 540 2573 ardet.
576 2517 681 2572 Pudeat
692 2525 729 2586 te,
744 2524 800 2572 tam
813 2517 960 2584 superbum

161 2604 230 2658 esse,
244 2591 290 2657 qui
303 2606 439 2657 nunquam
451 2598 479 2645 te
493 2589 630 2658 demittas,
649 2597 704 2644 tam
717 2587 843 2656 frigidum
854 2589 884 2642 in
893 2603 959 2658 ope·

160 2660 234 2715 ribus
250 2661 447 2716 misericordiae
466 2669 494 2716 et
510 2662 539 2716 in
556 2662 678 2730 proximo
697 2659 822 2716 iuvando.

196 2732 231 2786 11.
264 2732 366 2802 Cogita,
394 2749 447 2800 quo
466 2733 584 2788 cantatis
602 2732 707 2802 affectu,
735 2729 887 2801 postposito
906 2746 958 2786 suo

160 2802 299 2858 commodo
313 2809 341 2860 et
359 2804 465 2874 solatio,
483 2803 518 2859 ad
530 2809 635 2860 montes
652 2801 827 2872 concendat,
846 2817 901 2870 qua
917 2799 957 2856 le·
