2146 3234
169 134 210 178 622
286 195 288 203 Ι
326 137 358 177 De
371 136 502 186 quibusdem
516 136 566 178 niiie
580 136 718 176 incerdetum
731 135 816 175 efficite.

204 235 227 282 1.
244 224 336 284 Modne
348 235 517 283 benedicendi
531 237 557 281 et
571 233 755 280 introducendi
768 244 936 290 puerperam.

324 339 331 354 ,
457 306 501 356 (nx
515 306 558 350 Bit.
572 305 689 355 Romano.)

207 371 231 423 1.
251 368 284 424 St
297 385 355 437 qao
367 369 532 439 puerpera1)
547 374 612 437 poet
621 374 734 438 partam
752 369 831 422 laeta
839 369 921 436 piam
934 383 967 423 ao

170 439 333 496 laudabilem
351 439 567 494 cousuetudinem
593 439 630 493 od
656 440 790 494 eccleciam
816 439 907 494 amite
924 454 968 493 oo·

170 513 250 566 luerit
262 527 317 582 pro
335 511 517 566 incolumitate
533 527 585 565 etta
602 511 663 566 Deo
676 512 782 580 oratioe
800 516 905 577 actara,
919 526 968 578 pe·

170 583 293 652 tiemtqae
318 598 337 636 o
358 581 495 638 sacerdote
521 581 764 651 beneticentiae)
792 582 850 650 ipse
876 597 969 649 eaper-

167 654 279 724 pelllceo
297 658 322 707 et
339 653 409 706 stola
426 653 489 707 alba
505 653 632 721 lmdatme,
658 669 718 706 cam
735 653 858 705 ministro
877 668 969 720 aepor-

168 725 265 796 m'llam
292 723 424 790 deferente
452 723 489 778 ad
519 724 592 790 fores
618 724 742 778 ccclesiae
763 721 895 790 'accedam
922 723 971 776 obi

169 795 245 850 illam
262 795 476 864 pmaslecteutem
494 799 519 848 et
537 794 677 849 candelam
690 809 828 848 accensam
841 795 871 850 lm
885 809 969 848 mamm

170 871 299 922 tumentem
316 881 390 932 aquo·
407 863 545 920 benedicta
563 872 697 935 asperpat,
717 864 813 918 deiude
831 864 922 920 dicat:

210 935 241 993 V.
259 935 428 990 Adiutorium
445 942 566 991 nostrum
583 937 611 990 in
628 937 734 991 nomine
753 935 869 1004 Domini,

205 1007 240 1062 R.
260 1005 310 1074 Qui
328 1005 392 1060 iecit
409 1007 513 1062 coelum
531 1013 558 1062 et
575 1015 682 1062 terrem.
724 1037 727 1040 -

205 1077 318 1145 Antiplt.
351 1076 427 1131 Haec
444 1077 558 1146 accipiet
574 1078 786 1134 benedictionem
805 1094 822 1132 a
839 1077 964 1132 Domino.

206 1149 331 1204 Peeimue
346 1150 393 1216 23,
412 1147 520 1204 Domini
539 1157 580 1204 eet
597 1158 678 1219 terre,
697 1156 724 1204 et
736 1149 874 1217 plenitudo
890 1149 966 1203 eine:

156 1219 182 1246 '²‘
201 1217 273 1274 orbie
291 1225 430 1288 terrorum,
450 1228 477 1275 et
494 1221 620 1289 universi,
639 1223 684 1287 qui
701 1221 823 1275 hubitant
841 1221 870 1274 in
888 1235 930 1274 eo.

206 1288 275 1357 Quia
291 1290 350 1358 ipse
369 1306 450 1360 super
467 1292 552 1346 marie
574 1291 696 1348 fundavit
714 1307 790 1346 eum:
809 1295 822 1319 *
841 1298 868 1347 et
887 1305 969 1357 super

170 1357 279 1416 flumina
296 1362 468 1430 praeparavit
486 1377 554 1420 enm.

206 1431 272 1498 Quis
290 1432 416 1487 ascendet
434 1433 461 1486 in
475 1441 591 1488 montem
602 1433 731 1488 Domini?
751 1434 824 1488 *unt
842 1431 902 1500 quis
917 1437 971 1487 ste·

169 1501 254 1557 bitin
271 1503 330 1559 loco
350 1511 441 1559 sancto
460 1505 557 1568 eine?¹

186 1613 208 1668 1)
223 1617 257 1658 Ad
270 1617 445 1658 benedictionem
463 1619 521 1660 hene
540 1619 575 1659 iue
593 1619 746 1662 tantummodo
763 1618 847 1658 hubent
860 1617 971 1667 mulieres,

224 1694 280 1733 queo
296 1695 324 1723 ex
338 1684 435 1733 legitimo
444 1685 585 1724 Matrimonia
595 1687 745 1734 perpererunt.
764 1685 794 1733 (Βλ
803 1685 827 1728 B.
838 1683 860 1723 c‘.
868 1683 900 1727 18.
910 1683 972 1724 deuii

224 1749 295 1800 1869.)
317 1751 399 1791 Pertue
413 1751 499 1790 notorie
512 1751 646 1800 megitimm,
664 1753 771 1800 tunquam
784 1751 875 1790 effectui
891 1761 971 1790 cenete

223 1818 247 1856 in
261 1817 353 1856 ecclesia
366 1817 529 1867 abominabilis,
544 1817 611 1857 telem
625 1828 665 1866 pro
678 1820 749 1857 matre
762 1818 860 1857 tutorem
875 1827 920 1856 non
934 1815 971 1856 ud·

224 1884 302 1932 mittit,
325 1886 403 1933 utpote
419 1885 454 1924 oni
472 1884 568 1925 formula
588 1883 730 1924 benedicendi
750 1886 772 1924 et
792 1884 876 1932 gratim
895 1883 975 1932 egendi

208 1973 210 1978 .
224 1949 361 2000 praescripto
372 1961 417 1989 non
429 1952 557 2000 conveniot;
573 1961 640 2000 quere
650 1951 706 1990 telee
715 1951 897 2000 quemadmodum
907 1951 975 1990 etiem

224 2023 345 2064 puerperae
367 2015 505 2056 ecuthoiicee
528 2016 556 2056 ob
582 2016 624 2056 hec
653 2027 717 2056 eeoru
740 2017 879 2055 coeremonie
902 2015 975 2055 exelu-

224 2079 310 2121 duntur.
327 2101 350 2110 -
366 2081 451 2130 Meter,
475 2081 537 2121 cuiue
550 2082 624 2130 prolee
638 2082 697 2131 opud
711 2081 846 2121 uoetltolicoe
859 2081 975 2130 bepttuete

223 2148 246 2185 et
260 2145 365 2186 eecleeiue
379 2146 503 2186 catholicoe
514 2149 589 2198 erepte
598 2150 639 2196 eet,
653 2159 668 2187 ι
677 2148 828 2188 benedictione
840 2147 974 2197 repellenda,

223 2220 262 2249 een
275 2211 349 2258 potiue
364 2212 392 2251 ed
406 2213 517 2260 repnleom
526 2216 548 2252 et
558 2213 707 2253 confusionem
722 2212 833 2262 pubiicum
848 2212 975 2252 enitendum

223 2276 267 2316 tom
280 2279 368 2325 praevie
382 2279 409 2318 de
420 2279 462 2318 hoe
476 2279 606 2328 disciplinee
620 2279 692 2329 cupite
704 2279 764 2317 omni
778 2289 827 2318 eum
842 2278 976 2319 discretione

223 2343 359 2382 admonendo
373 2346 416 2384 eet.
434 2345 622 2400 [cmeteeertutlo
636 2345 661 2384 de
674 2345 876 2385 mntmcodemedu
886 2345 975 2386 tolomei

222 2408 363 2450 benedictione
377 2412 401 2452 io
414 2412 511 2462 templum
521 2423 627 2463 puerpera
647 2411 754 2460 cetlolioa,
774 2413 837 2452 cuiue
843 2411 918 2462 prolee
932 2423 975 2451 eon

223 2478 252 2513 eet
264 2487 278 2513 a
291 2475 390 2515 catholico
400 2478 492 2528 paracio
505 2478 614 2529 baptizata.
628 2477 718 2518 Louanll
727 2475 787 2520 1837.
803 2480 825 2516 et
840 2477 900 2520 eom.
912 2491 974 2530 prou.

223 2539 292 2584 Calon.
306 2554 326 2581 u.
341 2541 400 2586 leto.
411 2555 464 2594 pop.
478 2544 532 2591 110.)

183 2602 204 2653 ⁹)
218 2607 279 2647 Haeo
298 2607 422 2647 benedicito
447 2609 475 2649 ed
500 2611 626 2659 sequentem
647 2609 742 2649 Ritnoiie
760 2609 853 2650 Romani
872 2620 973 2650 normam

222 2671 294 2713 dende
303 2675 344 2720 eet,
359 2673 444 2714 ettemei
457 2675 530 2724 proies
544 2676 633 2730 mprtne
648 2674 716 2714 fuerit
726 2675 858 2726 quandoque
868 2676 915 2715 eine
928 2677 972 2717 Be·

221 2737 308 2785 ptimo.
335 2735 363 2788 (S.
379 2738 404 2780 B.
418 2737 440 2778 0.
455 2738 488 2782 12.
502 2739 556 2790 Sept.
573 2739 632 2781 1851.
660 2740 764 2780 Analecta
782 2741 837 2780 terte
857 2741 972 2791 Pontificid

222 2802 283 2846 tete.
297 2815 337 2842 mr·
351 2803 395 2846 111.
405 2815 457 2854 pop.
473 2803 611 2853 oud-oea.)
