2108 3226
243 187 275 227 De
289 189 412 237 gratiarum
425 189 512 230 acssone
526 191 577 238 post
591 188 688 248 bitrem,
829 187 870 230 nt

93 287 154 364 ⁸lt.
171 285 264 342 Omnia
289 288 361 346 vitae
387 296 449 345 tuae
473 295 621 358 momenta,
649 288 698 345 sed
722 295 870 346 extremum

91 357 199 434 {aprinis
217 360 343 428 spiritum
360 368 435 416 tuum
451 361 490 414 illi
509 359 673 429 commenda,
692 361 870 430 eximiumque

89 426 146 479 utut
157 429 500 501 efflagitapersevarantiae
510 430 617 500 donum,
632 445 685 498 quo
700 437 791 484 cetera
800 431 871 488 (lona

88 499 243 571 cumulantur,
263 510 295 557 ut
308 504 443 557 moriatur
461 504 555 556 auimo
572 509 620 556 tua
632 507 717 556 morte
729 503 870 573 immotam,

88 568 183 632 ιιῇιιηι
199 574 350 628 mooieeimo
367 581 416 628 tua
428 575 536 628 illorum
554 573 671 628 cimilia:
774 587 777 594 '

116 642 151 693 15.
173 642 230 697 Nec
255 661 323 699 vero
341 646 457 713 propriis
481 645 535 700 tuis
559 646 597 699 ita
620 641 812 698 intendendum
829 650 871 700 est

87 713 220 783 conmodis,
239 723 272 770 ιιι
290 717 404 770 aliorum
417 716 591 785 obliuiscaris,
608 731 659 784 pro
677 715 774 783 quibus
793 730 870 769 oren-

86 774 137 859 dum
151 784 198 837 tibi
215 787 355 842 incumbit
393 787 545 841 Sacerdotis
560 793 601 842 est
619 787 727 856 plorare
742 787 813 840 iuter
825 801 870 841 ue·

86 849 194 907 stonum
208 864 235 911 et
255 859 351 927 altare,
371 865 399 912 et
415 874 465 926 pro
484 858 614 927 omnibus,
634 858 730 926 quibus
743 864 872 926 gravatur

84 924 183 988 l⁰pulus
201 930 421 998 necessitatibus,
448 929 592 984 Dominum
615 929 762 998 deprecari.
799 928 868 998 Sup-

84 990 134 1070 llcx
149 997 273 1054 nimirum
293 1016 310 1054 a
327 1001 386 1054 Deo
415 1000 557 1070 deposoes,
585 1007 616 1055 ut
642 1007 760 1056 sanctam
784 1001 869 1056 accle-

84 1075 148 1134 ⁸¹au1,
172 1072 292 1125 omnium
309 1070 428 1126 fidelium
446 1078 571 1141 matrem,
597 1072 716 1126 exulare
730 1078 759 1126 et
776 1073 868 1141 ampli·

83 1128 149 1189 ficare
166 1138 307 1210 dignetur3
334 1150 365 1197 ut
392 1142 427 1196 ad
450 1143 528 1198 istius
554 1143 640 1197 almae
664 1144 757 1198 matris
783 1141 870 1198 smum

84 1215 160 1262 omues
178 1221 315 1281 errantes,
335 1214 478 1282 haeretici,
507 1214 677 1269 schismativo
694 1207 869 1283 rivocentur3

84 1286 211 1347 annosque
226 1284 352 1340 infideles
370 1286 398 1338 in
411 1286 521 1353 regione
536 1285 646 1340 umbrae
659 1285 753 1340 mortis
774 1285 869 1340 seden-

84 1347 116 1399 ἴθι
131 1349 320 1412 illuminentur.
357 1354 501 1410 Dominum
527 1357 665 1425 exorabis,
693 1364 724 1412 ut
745 1364 869 1424 pastores

84 1417 196 1478 ecclesiae
210 1434 292 1496 regat
306 1435 334 1481 et
347 1434 469 1496 tueatur,
483 1427 647 1495 principibus
657 1428 808 1482 christianis
820 1443 869 1496 pa·

85 1499 131 1541 cem
141 1491 220 1552 donet
234 1504 263 1552 et
278 1498 462 1566 concordiam,
481 1499 666 1566 peccatoribus
679 1513 772 1552 veram
782 1497 870 1552 cordis

85 1567 272 1624 conversionem
297 1576 325 1624 et
343 1576 513 1638 peccatorum
539 1571 722 1625 remissionem
739 1569 870 1636 iustisque

84 1631 216 1710 lfoiectum
228 1639 362 1695 concedat
371 1641 644 1709 etperseverantiam,
658 1647 689 1694 ut
703 1654 795 1693 omnes
807 1654 870 1706 pro·

85 1712 191 1778 imbuas,
205 1710 405 1780 benefactores,
420 1712 519 1766 amicos
532 1718 602 1780 tuos,
618 1712 672 1765 imo
686 1717 713 1765 et
727 1708 870 1764 adversiu-

85 1775 118 1826 ιιι
133 1777 185 1848 tibi,
212 1783 258 1836 vel
278 1797 335 1852 eos,
365 1783 410 1850 qui
428 1791 455 1838 te
474 1782 616 1850 aliquando
634 1781 757 1836 molestia
775 1780 870 1836 affece-

84 1853 141 1915 runt,
154 1853 233 1908 uultu
247 1869 347 1908 sereno
360 1861 387 1908 et
401 1853 559 1921 acceptabili
571 1853 710 1921 respiciat3
737 1853 869 1909 omnibus·
958 1860 961 1866 '

85 1917 264 2042 ¹lctieulficlelibns
291 1923 424 1980 debrnotis
446 1925 533 1979 lucem
551 1931 687 1980 aeternam
705 1930 732 1978 et
749 1925 869 1993 requiem

84 1997 105 2036 m
146 2002 213 2060 gest
938 2007 940 2010 ·

111 2057 154 2116 His
172 2067 218 2121 vel
232 2067 362 2121 similibus
372 2065 514 2135 exeratiis,
528 2072 609 2134 prout
623 2065 730 2122 devotio
744 2066 794 2122 tibi
807 2081 869 2135 sug·

84 2135 189 2206 cesserit,
208 2137 336 2206 peractis,
355 2153 401 2191 cor
416 2145 493 2191 tuum
507 2146 534 2192 et
546 2153 641 2192 seusus
655 2144 780 2192 externos
794 2137 866 2192 omni

84 2204 189 2280 Quadis
217 2223 378 2263 conservare
397 2215 515 2277 satages,
543 2210 696 2276 crebrisque
720 2224 770 2277 per
795 2207 867 2262 diem

85 2276 287 2349 tussientibus,
306 2295 340 2334 ne
358 2280 425 2334 tanti
442 2278 566 2332 beneficii
578 2280 706 2334 memoria
724 2278 866 2349 dilabatur,

84 2351 197 2466 Qunam
215 2351 268 2405 Dei
287 2365 353 2420 arga
378 2357 406 2404 te
424 2349 605 2418 dignationem
630 2365 803 2420 compensare
822 2364 866 2405 oo·

126 2430 182 2476 erus.

95 2550 99 2562 ,
113 2483 171 2545 Ouun
183 2498 275 2547 autem
288 2505 322 2546 ea
336 2492 371 2546 sit
382 2491 492 2545 humani
505 2489 604 2559 ingenii
617 2491 743 2562 conditio,
762 2499 793 2546 ut
806 2505 867 2560 pre·

85 2553 178 2617 honora
196 2577 321 2631 quaeque
347 2577 381 2617 ex
404 2579 457 2616 usu
483 2562 522 2616 illi
546 2563 676 2618 vilescant
700 2570 727 2617 et
749 2562 868 2617 taedium

84 2623 196 2704 afferant3
214 2649 249 2688 ne
267 2633 390 2702 repetitis
409 2647 515 2702 semper
532 2632 627 2688 iisdem
646 2634 756 2702 acubus,
775 2633 869 2688 fervor

86 2689 223 2768 languescat
241 2705 369 2773 caritatis,
388 2705 561 2760 subiicientur
583 2705 631 2758 tibi
644 2704 688 2758 hic
701 2705 792 2758 variae
805 2719 869 2771 pre-

85 2771 148 2828 caudi
163 2776 304 2845 formulae,
324 2777 421 2844 quibus
438 2775 501 2828 huic
518 2775 588 2829 malo
607 2775 716 2830 obviare
734 2775 831 2843 possis.
