2124 3230
163 171 206 218 854
334 175 366 215 De
381 173 527 214 celebratione
541 173 576 217 88.
590 174 673 214 literas
687 173 796 217 sacrificii,

164 275 289 331 teccdcnt
317 275 482 344 Episcopum
509 275 669 330 immediate
718 276 785 332 Post
816 275 969 332 Canonicos

165 346 294 416 procedet
312 345 489 401 subdiaconus
507 347 658 414 Epistulam
681 354 843 417 cantaturus,
869 363 970 416 gerens

164 418 261 474 librum
279 418 487 486 Evangeliorum
512 419 630 473 clausum
656 425 718 472 ante
737 426 840 487 pectus,
866 420 894 472 in
913 435 969 487 quo

164 489 309 544 includitur
325 489 476 556 manipulus
494 489 631 557 Episcopi,
657 488 752 544 deinde
778 489 906 544 diaconus
933 490 970 544 ad

164 562 298 616 sinistram
307 560 459 629 presbyteri
471 561 623 614 assistentis
632 561 744 628 pluviali
753 559 846 629 induti,
861 561 970 616 demum

164 633 247 701 Episc
284 649 316 686 us
342 648 402 686 cum
424 631 519 690 baculo
547 632 676 699 pastorali
699 632 727 684 in
752 648 832 686 manu
850 633 970 702 sinistra,

165 711 242 773 parte
268 719 349 757 curva
374 703 462 756 baculi
486 702 521 756 ad
538 703 667 770 populum
685 718 772 771 versa,
798 719 829 757 ac
855 703 971 758 dextera

166 783 260 844 aperta
277 773 446 842 benedicens,
465 773 568 828 medius
580 775 650 828 inter
663 773 790 828 diaconos
809 775 969 832 assistentes

165 853 283 914 paratos.
303 845 331 898 Si
350 851 439 900 autem
456 845 608 912 Episcopus
627 846 740 912 sumpsit
763 854 922 913 paramenta
939 847 969 900 in

165 917 332 986 presbyterio
351 915 423 984 apud
442 914 541 984 sedem,
567 916 610 969 vel
635 917 663 969 in
680 915 838 985 faldistorio,
864 932 920 970 nou
937 917 971 972 tit

165 986 317 1043 hsdusmodi
334 987 480 1055 processio,
499 987 547 1040 sed
565 986 687 1055 procedit
704 987 856 1055 Episcopus
875 987 911 1042 ad
930 989 969 1043 al-

165 1066 224 1114 tare
243 1059 300 1114 sine
319 1074 405 1126 cruce,
425 1059 482 1112 sine
501 1057 667 1124 candelabris
682 1065 709 1112 et
723 1059 780 1113 sine
794 1056 968 1114 thuriferario

166 1146 225 1184 eum
245 1129 308 1184 solis
326 1129 453 1184 ministris
472 1130 573 1197 paratis
591 1136 621 1183 ut
639 1145 728 1197 supra,
757 1136 784 1183 et
809 1130 969 1197 quibusdam

166 1201 234 1256 aliis.
266 1201 514 1268 PostEpiscopum
534 1201 653 1268 seqsritur
672 1200 825 1268 capellanus
845 1203 968 1256 serviens

166 1271 200 1326 de
217 1272 303 1340 mitra,
323 1278 350 1325 et
369 1271 414 1325 alii
433 1272 564 1339 capellani
588 1288 647 1325 cum
672 1272 758 1340 cottis,
784 1272 840 1325 bini
865 1280 894 1326 et
911 1273 968 1326 bini

165 1343 327 1398 incedentes.
347 1342 375 1396 si
393 1358 459 1396 vero
477 1343 615 1397 celebrans
632 1342 714 1397 fuerit
731 1343 967 1413 Archiepiscopus,

166 1421 213 1470 aut
230 1413 440 1483 Archiepisccpo
469 1415 561 1482 maior,
589 1420 637 1468 aut
661 1413 763 1468 habens
786 1415 965 1484 privilegium,

165 1493 196 1540 ut
214 1503 280 1540 crux
298 1493 359 1540 autc
379 1500 408 1540 se
428 1484 825 1554 deferaturArchiepiscopalis,
843 1501 894 1554 per
904 1487 965 1540 sub·

165 1557 307 1612 diaconum
325 1563 456 1626 paratum,
477 1555 510 1610 de
530 1573 582 1624 quo
602 1573 691 1626 supra,
711 1555 830 1610 defertur
838 1565 901 1611 ante
917 1558 966 1611 Ca·
1052 1569 1053 1590 ³

166 1629 276 1684 ncnicos
294 1635 404 1697 paratos
422 1633 533 1696 tantum,
562 1644 617 1682 non
640 1635 730 1682 autem
754 1634 816 1681 ante
844 1628 964 1683 aliosde
1052 1651 1053 1656 ¹

166 1701 247 1770 clero,
265 1699 380 1767 imagine
399 1697 524 1752 crucifixi
542 1698 682 1766 adipsum
699 1714 787 1755 versa.

203 1772 270 1826 (lum
292 1771 444 1838 Episcopus
467 1771 621 1838 pervenerit
645 1776 707 1823 ante
733 1768 851 1823 infimum
874 1770 966 1824 altaris

167 1839 286 1912 gradum,
311 1841 420 1911 deponit
445 1840 569 1894 baculum
599 1840 762 1909 pastoralem
790 1856 821 1894 ac
851 1841 966 1909 mitram,

166 1913 282 1980 facitque
303 1911 464 1980 profundam
481 1913 660 1967 reverentiam
683 1910 755 1966 cruci
773 1927 855 1979 super
887 1912 966 1966 altari

166 1985 280 2053 positae,
299 1983 377 2037 simul
396 1999 455 2036 cum
472 1984 528 2038 snis
545 1983 687 2050 ministris3
712 1982 815 2037 habens
842 1989 968 2038 autema

166 2055 270 2110 dextris
287 2054 473 2122 presbyterum
483 2054 652 2109 assistentem
670 2060 697 2108 et
716 2070 732 2107 a
750 2054 864 2108 sinistris
878 2053 967 2108 diaco·

167 2143 229 2180 num
255 2141 286 2180 ac
311 2125 500 2180 subdiaconum
526 2133 553 2180 et
578 2124 710 2180 modicum
740 2125 967 2180 retrodiaconcs
1052 2191 1053 2196 ἵ

167 2197 333 2265 assistentes,
351 2195 415 2250 facit
433 2196 546 2250 cumeis
564 2195 766 2265 confessionem,
785 2197 883 2262 chorus
900 2197 967 2250 inte

167 2283 216 2322 rea
233 2267 326 2335 incipit
343 2268 489 2322 Introitum.

204 2338 270 2393 (lum
277 2339 428 2408 Episcopus
438 2337 752 2408 dixeritladulpeutsitm,
767 2337 967 2404 absolutionem,

167 2416 218 2464 etc.
238 2409 416 2464 subdiaconus
435 2410 507 2477 capit
525 2409 697 2476 manipulum,
716 2409 762 2476 qui
779 2407 868 2463 fuerat
885 2409 968 2463 iuclu·
1052 2431 1053 2436 ¹

168 2497 214 2538 sus
239 2481 267 2534 in
291 2481 360 2535 libro
387 2480 611 2549 Evangeliorum,
636 2486 663 2533 ct
689 2495 705 2532 a
728 2480 811 2533 latere
841 2479 969 2548 manipuli
1052 2485 1053 2495 ¹

168 2552 311 2621 osculatur,
332 2551 427 2606 deinde
445 2552 559 2619 porrigit
568 2552 703 2620 Episcopo
722 2550 904 2621 osculandum,
923 2551 968 2604 ubi

168 2630 211 2678 est
228 2625 332 2692 signum
350 2623 444 2690 crucis,
462 2638 525 2676 mox
544 2623 660 2690 applicat
668 2621 805 2690 Episcopo
822 2622 967 2677 insinistro

167 2694 277 2749 brachio
297 2711 357 2749 cnm
376 2694 467 2748 osculo
481 2709 583 2762 manus,
602 2694 742 2761 ipsumque
757 2694 848 2748 stricte
861 2694 966 2762 religat

203 2765 294 2820 Finita
312 2763 479 2819 confessione
495 2765 649 2834 Episcopus
675 2763 796 2819 ascendit
820 2764 857 2820 ad
874 2765 966 2834 altare,

167 2835 286 2905 illudque
305 2836 442 2892 osculatur
459 2835 488 2888 in
505 2834 601 2906 medio,
622 2835 718 2890 deinde
737 2836 867 2891 ambabus
885 2835 967 2890 mani·
