2138 3226
141 116 181 159 its
328 118 406 158 Preces
420 119 473 156 anta
486 119 508 156 et
521 119 572 166 post
585 117 751 163 contessionem.

178 223 205 278 8.
240 220 354 274 Domine
373 219 553 288 omnipotens!
576 219 753 286 importabilis
779 224 821 274 est
838 219 940 288 magni-

143 291 251 346 ficentia
268 292 370 360 gloriae
388 298 460 360 tuae,
480 297 508 346 et
520 290 730 346 insustentabilis
743 291 784 344 ira
797 292 941 347 commina-

141 364 223 418 tionis
240 370 303 417 tuae
323 377 405 430 super
422 369 591 430 peccatores;
616 363 745 416 immensa
762 377 836 431 vero,
855 369 883 416 et
899 363 940 417 in-

144 435 309 503 vestigabilis
327 433 508 488 misericordia
520 433 702 501 promissionis
719 439 795 502 tuae;
814 434 941 500 quoniam

144 513 175 560 tu
193 521 222 560 es
240 505 372 560 Dominus
391 504 543 573 altissimus,
569 504 707 574 benignus,
725 504 892 573 longanimis,
911 513 940 562 et

143 577 255 632 multum
279 576 438 644 misericors,
470 582 497 631 et
519 575 695 643 procatabilab
718 591 799 643 saper
823 576 940 632 molitio

144 648 217 718 (Joel
233 649 267 716 II,
289 647 340 714 13)
375 646 425 716 Tu,
443 646 565 715 Domine,
584 646 728 700 secundum
745 646 942 728 multitudinem

144 719 343 801 bonitatistuae
345 688 941 786 ,promisistipo’enitenttanetremissionem

143 791 185 860 iis,
205 790 250 857 qui
259 787 438 858 peccaverunt
450 789 507 871 tibi,
521 796 549 842 et
561 787 728 842 multitudine
740 789 942 844 miserationum

144 868 251 916 tuarum
269 860 385 915 statuisti
403 860 594 927 poenitentiam
612 860 850 928 peccatoribnsin
868 861 940 916 salu·

145 939 208 988 tem.
227 931 269 984 Tu
283 931 372 998 igitur,
386 931 509 998 Domine,
522 931 744 1000 Deus1ustarum,
763 933 941 1000 nonposuisti

145 1002 337 1072 poenitentiam
354 1002 440 1070 iustis,
459 1001 596 1056 Abrabam
615 1008 642 1056 et
655 1003 732 1056 Isaac
750 1009 778 1057 et
791 1003 884 1071 Jacob,
896 1003 940 1072 iis,

146 1074 194 1141 qui
210 1073 259 1126 tibi
277 1089 331 1127 non
348 1079 535 1141 peccaverunt,
555 1072 603 1127 sed
620 1074 734 1141 posuisti
746 1073 941 1142 poenitentiam

145 1151 257 1214 propter
274 1158 317 1197 me
330 1150 507 1212 peccatorem,
527 1145 652 1211 quoniam
664 1145 779 1212 ,peccavi
797 1159 879 1213 super
891 1161 940 1200 nu·

145 1231 248 1270 merum
267 1230 364 1269 arenae
383 1216 479 1284 maris3
497 1215 688 1284 multiplicatae
706 1223 768 1270 sunt
785 1216 941 1284 iniquitates

145 1301 230 1357 meae,
249 1293 277 1341 et
293 1302 347 1341 non
366 1302 425 1340 sum
435 1285 530 1354 dignus
548 1287 646 1340 intueri
664 1293 692 1342 et
711 1287 831 1354 aspicere
853 1287 947 1357 altitu·¹
1052 1299 1053 1308 ¹

146 1357 235 1412 dinem
254 1358 322 1412 coeli
339 1373 405 1426 prae
432 1357 599 1412 multitudine
621 1358 790 1425 iniquitatum
814 1373 943 1413 mearum.
972 1351 980 1370 ⁶

146 1429 185 1484 Et
201 1445 271 1484 nunc
284 1428 364 1483 flecto
383 1443 454 1496 genu
473 1427 560 1484 cordis
578 1429 639 1496 mei,
656 1445 770 1497 precans
788 1445 805 1483 a
822 1436 850 1483 te
868 1428 945 1484 boni·

145 1507 238 1556 tatem.
256 1501 378 1569 Peccavi,
391 1500 518 1554 Domine!
533 1500 651 1569 peccavi,
666 1507 693 1554 et
700 1501 855 1569 iniquitates
864 1515 941 1556 meas

147 1587 272 1640 agnosco.
292 1571 381 1638 Quare
400 1586 464 1640 ergo
484 1571 648 1640 obsecrate,
669 1572 774 1626 remitte
792 1572 866 1640 mibi,
885 1572 942 1626 Do·

146 1645 231 1698 minet
256 1644 362 1697 remitte
387 1643 460 1711 mihi,
489 1649 516 1696 et
542 1657 577 1696 ne
602 1643 679 1696 simul
705 1642 803 1712 perdas
821 1657 864 1696 rne
883 1659 945 1697 cum

145 1715 330 1782 iniquitatibus
340 1714 414 1780 meis,
432 1727 520 1780 neque
534 1714 562 1767 in
576 1721 713 1768 aeternum
724 1714 817 1781 iratus,
833 1713 944 1770 damnes

147 1801 189 1838 me
196 1786 285 1853 ,quia
301 1792 332 1839 tu
350 1799 380 1839 es
398 1785 481 1853 Deus,
499 1785 582 1854 Deus,
600 1785 716 1854 inquam,
735 1785 945 1868 poenitentium,

148 1858 201 1910 et
193 1872 221 1909 m
239 1872 281 1910 me
301 1855 427 1910 ostendes
444 1871 548 1910 ornnem
560 1856 707 1910 bonitatem
724 1863 810 1925 tuam,
834 1863 862 1910 et
879 1857 945 1923 quia

147 1926 283 1994 indignum
302 1927 418 1981 salvabis
435 1941 478 1981 me
497 1926 642 1982 secundum
659 1943 781 1995 magnam
794 1927 946 1998 misericor·

149 1996 220 2052 diam
238 2005 319 2066 tuam,
337 1996 453 2052 landabo
464 2005 492 2052 te
503 2013 616 2068 semper,
631 1999 752 2054 omnibus
765 1997 860 2054 diebus
871 1999 945 2054 vitae

148 2083 224 2123 meae
242 2068 387 2136 laudetque
405 2076 432 2124 te
451 2070 536 2124 omnis
545 2071 631 2124 virtus
645 2070 800 2125 coelorum
792 2086 821 2124 ιιι
835 2070 946 2126 saecula

148 2140 324 2198 saeculorum.
360 2141 454 2196 Amen.

186 2211 395 2266 clementissime
414 2212 510 2266 Pater!
535 2210 644 2280 dignare
663 2212 767 2281 ceteris,
793 2212 947 2279 quaemihi

147 2282 202 2336 iam
220 2283 388 2352 contulisti,
380 2283 525 2337 innumeris
539 2281 674 2339 beneficiis
688 2283 769 2338 etiam
786 2283 838 2336 boc
857 2283 947 2338 adhuc

149 2352 257 2423 addere,
276 2360 306 2407 ut
323 2354 419 2408 mentis
437 2354 648 2409 meaetenebras
666 2355 753 2422 gretia
769 2360 833 2408 tuae
851 2354 945 2409 visita·

147 2425 230 2480 tionis
250 2393 394 2495 illumines,
423 2425 548 2479 affectum
571 2424 716 2479 voluntatis
741 2422 889 2480 inflammes
917 2429 946 2480 et
1052 2471 1053 2476 ,

149 2496 316 2566 corrobores,
341 2503 372 2551 ut
397 2511 564 2565 cognoscam,
590 2495 718 2564 quidquid
736 2495 898 2563 cogitatione
917 2501 946 2552 et

149 2565 255 2637 affectu,
274 2568 372 2636 verbis,
398 2568 524 2636 operibns
543 2573 572 2622 et
589 2565 776 2622 omissionibus
796 2573 891 2622 senua
907 2572 945 2639 te,

147 2645 242 2694 contra
258 2640 409 2708 proximum
427 2645 454 2694 et
471 2653 514 2694 me
531 2638 618 2708 ipsum
635 2637 810 2708 peccaverim.
