2138 3226
356 165 435 205 henes
448 175 490 214 pro
504 163 661 220 sacerdotibus.
865 161 905 204 28⁶1

14 213 19 302 y
103 275 169 324 neat
188 282 298 336 semper
314 267 343 320 in
362 283 402 337 eo,
422 276 450 322 et
467 267 562 323 doceat
580 267 757 323 eumdolores
775 283 846 338 suos,
866 269 904 323 vi-

105 349 164 395 tam
182 345 211 394 et
229 345 343 392 mortem
360 355 436 394 suam
460 339 509 394 tibi
533 354 690 394 consecrare
718 346 746 393 et
763 337 860 394 offerre
877 341 906 393 in

102 413 204 466 unione
213 410 346 478 passionis
357 417 384 464 et
395 411 488 466 mortis
497 411 605 465 Domini
618 410 703 465 nostri
712 411 730 465 J
731 425 780 465 esu
789 409 903 479 Christi3

103 491 130 538 et
150 483 174 537 si
193 481 228 535 ad
246 482 328 534 vitam
346 497 456 536 revoces
477 497 545 549 eum,
567 481 611 536 fae
634 490 665 536 ut
682 489 710 536 te
728 481 815 536 solum
833 481 903 549 eogi-

105 560 156 622 tet,
176 551 312 608 desideret
326 558 353 606 et
366 553 481 608 moriens
496 552 587 607 audiat
601 569 617 606 a
630 560 672 607 te:
691 552 784 606 Hodie
802 568 906 606 meeum

14 675 15 684 ,
104 626 161 680 eris
178 625 209 676 in
221 623 365 692 paradiso,
384 623 430 677 ubi
447 631 475 678 te
492 624 631 692 possideat
647 624 676 677 in
695 630 841 678 aeternum.

141 695 247 748 Eadem
265 695 345 748 etiam
356 695 445 750 unctio
458 696 559 764 gratiae
573 703 644 764 tuae,
654 695 777 762 Domine,
797 709 905 762 semper

14 809 15 824 ι
104 767 142 821 sit
161 771 189 820 et
205 773 313 820 maneat
329 766 357 819 in
375 781 426 835 me,
445 765 593 834 doceatque
605 767 736 834 meipsum
754 766 902 833 sicvivere,

104 837 185 905 quasi
197 837 412 891 mormoriturus
426 853 520 906 essem,
533 837 647 904 ideoque
667 852 773 906 semper
786 837 902 905 vigilem,

104 915 137 963 ut
156 909 226 962 oeuli
244 908 296 961 mei
312 908 378 961 nihil
396 907 503 976 profani
520 908 636 977 videant,
655 923 734 964 aures
752 908 827 962 nihil
839 908 903 962 mali

106 978 227 1048 audiant,
246 993 325 1033 nares
349 979 415 1034 nulli
440 980 607 1036 sensualitati
630 979 794 1048 indulgeant,
821 995 851 1034 os
871 979 905 1033 ab

20 1085 22 1088 -
110 1051 184 1106 omni
201 1049 342 1104 maledieto
360 1057 387 1105 et
405 1051 467 1118 gula
477 1051 628 1119 abhorreat,
646 1067 740 1106 manus
752 1051 818 1104 nihil
829 1050 906 1120 pravi

106 1127 198 1190 agant,
217 1121 300 1189 pedes
318 1121 419 1175 nullam
433 1123 531 1177 erroris
545 1121 728 1190 ingrediantur
737 1123 822 1190 viam;
840 1137 906 1190 pan·

106 1209 170 1261 gam
188 1192 302 1261 denique
327 1191 422 1248 foedus
442 1209 500 1246 cum
526 1194 658 1248 universis
684 1194 750 1248 meis
774 1193 904 1261 sensibus,

104 1266 160 1318 imo
180 1279 240 1317 eum
252 1262 332 1318 corde
341 1279 401 1318 meo
416 1271 444 1318 et
457 1265 545 1318 anima
556 1279 624 1334 mea,
643 1271 673 1319 ut
687 1265 720 1318 ab
732 1263 803 1318 omni
815 1265 904 1333 specie

105 1335 179 1388 mala
189 1335 345 1404 abstineam,
356 1343 383 1389 et
391 1335 420 1388 in
427 1336 548 1390 omnibus
557 1334 653 1390 faciam
661 1336 826 1389 voluntatem
832 1342 906 1390 tuam

105 1407 327 1473 beneplacentem
346 1413 373 1460 et
390 1405 544 1475 perlectam.
576 1407 694 1462 Veniens
714 1405 783 1459 enim
802 1407 903 1474 venies,

105 1493 161 1546 qua
179 1477 249 1531 hora
266 1493 321 1531 non
338 1484 413 1546 puto,
432 1484 460 1532 et
476 1477 546 1533 forte
561 1478 638 1532 citius
658 1493 737 1544 qnam
749 1477 820 1530 hune
833 1475 905 1531 infir·

106 1565 181 1602 mum
199 1547 235 1601 ad
252 1547 418 1602 tremendum
432 1549 548 1603 tribunal
565 1556 641 1603 tuum
658 1547 767 1602 vocabis
781 1562 832 1600 me.
850 1548 905 1601 Do-

106 1620 178 1674 mine
197 1620 273 1688 Jesu,
291 1620 418 1675 miserere
436 1621 502 1689 mei;
521 1621 653 1688 propitius
673 1625 730 1674 esto
755 1618 820 1671 mihi
840 1621 907 1687 ‘peu-

105 1691 201 1758 catori,
219 1697 247 1744 et
264 1705 314 1758 per
331 1697 404 1745 tuam
413 1691 569 1746 Passionem
582 1691 630 1746 ‘fae
647 1706 690 1745 me
709 1704 815 1757 semper
827 1704 906 1756 para-

104 1769 163 1816 tum
183 1776 251 1830 esse,
270 1762 338 1815 mori
354 1763 383 1816 in
400 1769 436 1831 te,
455 1770 483 1816 et
499 1763 527 1816 in
546 1769 683 1816 aeternum
701 1759 840 1829 possidere
864 1767 904 1814 te-

102 1833 193 1901 ipsum
206 1832 234 1886 in
249 1833 339 1901 coelis,
359 1833 405 1901 qui
423 1850 482 1887 eum
497 1834 578 1887 Patre
598 1840 625 1889 et
639 1833 740 1903 Spiritu
758 1839 850 1887 saneto
864 1831 903 1885 vi-

104 1905 146 1960 vis
165 1910 194 1959 et
211 1918 309 1972 regnas
327 1905 356 1957 in
374 1905 480 1959 saecula
498 1904 672 1959 saeculorum.
708 1905 803 1958 Amen.

285 2033 360 2080 Oratio
373 2038 423 2078 ente
437 2034 577 2079 visitationem
591 2034 727 2079 intirmorum.

141 2116 257 2172 Domine
270 2124 298 2170 et
311 2116 435 2171 Salvator
447 2123 548 2186 noster,
567 2117 613 2184 qui
627 2117 767 2172 consolans
786 2123 813 2170 et
826 2116 906 2170 bene·

105 2185 208 2242 iaciens
227 2187 354 2242 mnndum
373 2189 511 2258 transiisti,
537 2195 564 2242 et
590 2189 635 2256 qui
659 2187 775 2257 voluisti,
799 2194 830 2242 ut
847 2203 907 2241 eum

105 2257 269 2312 laetantibus
288 2258 451 2326 gaudeamus
470 2265 498 2314 et
515 2275 575 2312 oum
587 2259 691 2314 afflictis
705 2259 906 2326 contristemnr3

106 2344 168 2384 eene
188 2345 238 2397 ego
263 2328 391 2384 famulum
413 2338 488 2384 tuum
512 2335 694 2398 aegrotantem
719 2337 747 2384 et
770 2329 906 2384 doloribus

107 2400 241 2470 afflictum,
260 2408 404 2469 praecepto
422 2409 469 2455 tuo
479 2401 607 2456 obediens
619 2400 780 2455 visitandum
798 2407 826 2454 et
844 2415 906 2454 eon-

107 2471 246 2526 solandum
265 2471 414 2540 aggredior.
433 2473 475 2527 Ne
492 2473 628 2541 respicias,
651 2473 802 2526 misericors
820 2471 904 2539 Deus,

106 2550 218 2610 peecata
236 2558 304 2612 mea,
323 2542 371 2597 sed
389 2559 492 2614 munus,
512 2543 583 2611 quod
602 2543 694 2610 subeo,
714 2549 741 2596 et
759 2542 903 2610 gratiatua

105 2613 257 2682 largissima
267 2629 381 2670 exornes
389 2630 441 2684 me,
459 2621 490 2668 ut
504 2621 641 2683 'aegrotus
660 2613 749 2668 verbis
767 2613 833 2667 m'eis
844 2627 901 2666 ere-

72 2714 75 2724 ,
105 2692 173 2755 etus,
191 2685 220 2739 in
237 2683 299 2754 fide,
318 2701 367 2755 spe
386 2693 413 2740 et
431 2687 541 2741 caritate
560 2684 688 2753 firmetur,
711 2683 764 2753 vel,
783 2685 807 2738 si
825 2683 902 2738 aber·

105 2756 208 2811 raverit
224 2757 365 2824 pervitam
379 2773 461 2826 suam,
482 2757 516 2812 ad
533 2765 560 2812 te
578 2755 722 2811 reducatur
734 2755 836 2823 tibique
846 2769 905 2809 ser·

105 2827 170 2896 viat,
189 2832 220 2882 ut
236 2827 275 2880 illi
291 2829 400 2883 morbus
419 2827 584 2884 adsalutem
609 2826 758 2895 proveniat.
796 2825 838 2877 Tu
857 2839 902 2878 au·
