2128 3228
367 171 488 212 lnatmctio
501 171 642 216 clementina.
865 169 906 214 708

104 273 269 331 adorationis
283 271 491 342 dignoscendas,
510 287 594 341 quare
609 273 702 344 quavis
714 273 783 328 bora
800 273 853 331 diei
871 291 904 330 ac

105 346 191 401 noctis
208 345 303 400 maiori
321 360 450 413 campana
468 343 576 400 dabitur
593 345 706 412 signum.

141 417 189 471 XI.
215 415 306 470 Pridie
324 416 498 484 expositionis
516 429 644 484 vespere,
672 415 735 470 dato
758 416 834 484 signo
852 431 902 484 pro

106 487 196 558 „Ave
214 486 358 556 Maria“,
373 486 407 541 ad
416 486 636 541 commonendum
643 487 780 556 populum,
791 487 903 542 solemni

105 558 186 614 modo
205 573 350 627 campanae
368 559 522 627 pulsentur,
549 557 672 626 idemque
690 556 739 612 liat
755 573 834 612 mane
853 559 903 613 sub

106 645 213 699 aurora,
232 636 259 684 et
278 630 396 696 quotidie
415 629 527 684 durante
542 629 718 698 expositione,
736 627 772 683 ad
789 628 904 698 quodvis

7 701 11 708 '
107 702 212 770 signum
242 701 410 757 salutationis
436 701 596 769 Angelicae3
628 700 781 769 pariterque
809 701 907 769 triplici

106 773 165 828 vice
184 771 318 880 delmore
334 773 476 841 pulsentur
497 787 642 840 campanae
667 778 728 826 ante
747 771 846 827 Missas
864 786 906 826 ao·

107 843 218 969 leff‘
233 843 265 968 7η
283 915 361 969 ellari
378 915 424 970 ubi
448 921 491 970 est
515 915 667 983 expoaitum
685 913 732 968 SS.
752 912 907 968 Sacramen-

110 992 175 1055 tum,
189 986 263 1040 nulla
268 985 290 1055 2)
304 986 358 1041 alia
371 986 521 1041 celebretur
533 987 749 1054 Missapraeter
762 986 907 1041 solemnem

110 1057 139 1111 in
161 1057 328 1125 expositione
354 1066 382 1112 et
407 1059 580 1128 repositione.
614 1057 674 1112 Hoc
695 1056 776 1111 biduo
798 1061 908 1125 praeter

110 1127 223 1184 Missam
241 1128 445 1182 conventualem
464 1128 501 1196 (in
521 1128 649 1197 ecclesiis,
667 1129 809 1195 inquibus
828 1127 907 1181 datur

2 1223 9 1248 t
110 1197 239 1267 obligatio
266 1214 326 1252 eam
352 1198 500 1269 cantandi),
534 1199 684 1254 celebretur
711 1205 774 1268 post
800 1197 907 1254 Nonam

110 1268 196 1324 Missa
219 1269 311 1323 votiva
334 1269 458 1324 solemnis
483 1269 516 1323 de
539 1266 780 1325 SS.Sacra1i1ento
804 1286 854 1339 pro
876 1284 907 1323 re

111 1341 201 1408 gravi,
230 1341 349 1408 exceptis
374 1347 464 1394 umen
487 1340 609 1396 omnibus
627 1341 772 1395 Dominicis
793 1345 841 1396 lae
859 1345 907 1394 aut

111 1413 162 1464 2ae
181 1410 282 1477 classis,
308 1411 373 1464 item
397 1418 511 1478 excepta
534 1410 603 1465 feria
626 1414 662 1466 4a
680 1411 813 1481 cinerum,
839 1410 908 1465 feria

112 1483 148 1534 2a
165 1483 201 1535 3a
218 1487 246 1535 et
262 1484 298 1535 4a
314 1482 422 1537 maioris
447 1480 645 1550 hebdomadae,
674 1483 795 1536 omnibus
814 1482 908 1538 diebus

111 1567 165 1635 per
179 1559 295 1636 ⁸stcttavas
318 1553 454 1622 Paschae,
480 1553 654 1636 l’cntecostes
680 1559 708 1607 et
730 1553 907 1622 Epiphaniae,

110 1622 371 1765 ab
389 1624 502 1763 usu
518 1624 707 1750 aarum
725 1624 908 1752 illitis:

110 1765 205 1834 ceptis,
232 1773 353 1820 cantetur
380 1766 546 1822 solummodo
564 1767 649 1822 Missa
672 1765 856 1820 conventualis
874 1763 908 1819 de
986 1778 990 1788 ·

112 1835 159 1892 die
174 1853 234 1891 cum
251 1837 376 1892 adiuncta
394 1837 521 1892 Oratione
547 1837 580 1892 de
599 1837 647 1892 SS.
667 1837 853 1905 Sacramento,
881 1842 910 1890 et

110 1907 219 1977 quidem
237 1909 286 1963 sub
305 1909 384 1964 runica
402 1909 584 1977 conclusion03
613 1923 681 1976 quae
701 1908 790 1963 omnia
806 1907 835 1960 in
853 1921 908 1962 om-

109 1979 189 2034 nibus
214 1979 342 2049 ecclesiis,
368 1987 426 2036 tum
452 1981 641 2050 saecularium,
667 1986 724 2034 tram
745 1978 908 2048 reginarium

110 2051 297 2109 servabuntur.

147 2123 221 2176 Xlll.
240 2121 362 2178 Secundo
380 2121 464 2178 tridui
479 2121 653 2192 expositionis
667 2120 711 2177 die
723 2127 833 2190 praeter
844 2119 910 2176 ldis·

125 2318 146 2368 ι)
160 2321 231 2360 ilxtra
243 2319 324 2359 Urbem
338 2314 461 2359 cenentur*
471 2317 640 2358 consuctndlnes
656 2315 784 2356 laudabiles.
805 2313 911 2366 (Gordel.)

125 2381 148 2434 Ι)
162 2384 216 2424 Dari
229 2384 316 2433 quidem
330 2385 424 2433 possunt
439 2393 504 2424 mene
518 2383 670 2432 particulares,
686 2381 765 2431 quibua
779 2381 874 2420 fortasse
887 2379 911 2418 ln

164 2461 190 2489 eo
204 2451 269 2490 altari
283 2450 365 2498 poterit
379 2449 498 2498 celebs-aru
512 2449 578 2488 aicuti
591 2460 666 2498 arcaea
679 2447 797 2496 mesebon,
816 2446 910 2496 desectas

164 2516 263 2556 ultoriam
276 2517 299 2556 ln
313 2507 389 2556 cadem
401 2516 501 2564 ecclesis,
514 2515 550 2554 vel
563 2515 680 2554 alciacram
693 2513 832 2562 ecclesiaram,
847 2522 911 2561 prae·

165 2582 240 2622 wrtlm
254 2583 292 2623 ubl
305 2584 447 2632 pracceptum
466 2583 530 2631 urges
548 2580 651 2621 audiendi
664 2591 765 2630 accrum,
779 2579 911 2627 consuetodo,

164 2657 216 2696 quoa
228 2658 274 2686 ecre
288 2649 315 2686 all
328 2647 503 2696 immemorabilis,
522 2657 613 2697 quaeqae
627 2645 672 2686 lolli
686 2648 771 2695 aeqraect
785 2645 831 2685 aiae
842 2654 911 2694 popa·

164 2712 230 2753 brasc
238 2713 338 2754 amadclc
351 2717 371 2753 et
384 2715 502 2764 offensione,
516 2713 601 2763 alioqu
613 2712 738 2760 huiuamodi,
752 2721 809 2762 qnae
819 2709 912 2750 ecclesia

165 2778 254 2827 vigente
268 2780 335 2819 stiam
349 2779 461 2820 contraria
473 2779 523 2828 lege
536 2779 645 2820 mercado
658 2789 706 2818 ease
720 2779 800 2820 cenam.
815 2775 910 2827 (Gordel

163 2843 208 2901 ltal
218 2842 246 2881 ad
259 2843 370 2882 decretum
384 2844 405 2884 s.
419 2845 445 2884 ll.
460 2843 483 2888 0.
498 2840 531 2884 1⁶2.
545 2844 600 2885 Noa.
616 2839 675 2887 1881.
689 2853 709 2886 n.
723 2839 794 2892 tort.)
