2138 3226
296 179 377 220 Preces
390 179 418 218 nd
430 177 548 220 lucranda
561 177 717 226 indulgentlu.
866 173 909 218 lta

106 297 167 338 rum
183 281 264 350 lepra
280 279 409 334 mundare
427 293 469 334 me
487 277 612 348 dignatum
629 276 721 333 fueris
751 276 793 333 Sit
808 293 907 335 noman

106 361 191 421 mum,
219 368 236 406 o
255 351 331 420 lesu,
356 350 526 406 benedictum
542 351 571 404 in
589 349 704 404 saecula.
740 349 811 405 Vere
828 357 859 405 tu
877 366 909 406 es

107 425 198 492 desua,
231 423 285 478 boc
303 428 345 477 ent
363 421 494 490 Salvator,
519 422 566 489 qni
587 421 719 476 neminem
744 428 805 476 ate
823 437 907 489 quan·

107 495 232 550 numlibet
248 492 411 562 flagitiosum
426 493 544 561 repellis,
562 493 608 560 qui
622 507 714 546 omnes
732 492 802 547 serio
815 493 908 560 poeni·

4 609 5 616 ,
107 573 198 622 tentes
214 566 244 620 iu
262 564 375 633 gratiam
392 565 504 633 recipis,
537 569 565 618 et
587 565 616 618 in
636 578 775 618 numerum
792 561 908 618 filiorum

107 645 217 693 tuorum
231 635 369 691 adscribis.
387 634 587 690 Misericordiae
601 642 664 690 tuae
677 634 788 703 macera
803 650 819 689 o
832 634 909 703 Jesu,

108 723 227 777 agnosco
255 715 283 762 et
308 707 468 775 amplector,
493 721 589 774 meque
614 712 700 761 totum
725 706 834 761 servitio
859 711 909 760 tuo

109 777 237 848 deinceps
255 777 359 834 addico.
400 777 521 846 Adiuro,
546 777 672 846 obsecro,
699 777 908 832 imbecillitatem

108 865 205 919 meam,
232 855 264 904 ut
287 864 422 917 nunquam
438 849 527 916 huius,
554 847 626 915 quod
652 848 717 902 mihi
741 847 908 916 praestitisti,

86 929 88 934 “
108 921 233 978 beneficii
247 920 354 990 oblitus,
367 935 458 976 amore
470 920 551 974 ullius
564 918 756 988 delectationis,
770 926 817 973 aut
829 933 907 988 prae·

109 993 213 1062 posteri
228 991 340 1046 allectus
357 991 495 1059 impulsus,
519 991 548 1044 in
564 991 657 1059 priora
673 997 784 1059 peccata
800 989 909 1044 relabar

108 1079 205 1132 meque
232 1079 250 1117 a
266 1070 294 1118 te
312 1077 442 1131 saperem.
475 1062 529 1116 (lor
553 1069 580 1116 et
605 1062 717 1116 animam
738 1077 824 1117 meam
842 1060 908 1116 dile·

110 1135 208 1191 ctioms
219 1139 284 1188 tuae
297 1133 413 1188 brachiis
433 1135 472 1188 ita
483 1140 572 1188 tecum
585 1134 750 1201 constringe,
768 1139 799 1188 ut
818 1131 908 1188 dicere

110 1223 172 1262 cnm
183 1205 318 1274 Apostolo
331 1205 444 1274 possim:
465 1204 532 1274 Ques
548 1220 590 1258 me
603 1205 740 1272 separabit
758 1220 777 1257 a
793 1205 910 1258 caritate

112 1275 337 1345 Gbneti?·(ltom.
347 1278 372 1330 8.
383 1277 436 1343 35.)
450 1275 473 1329 0
488 1275 638 1330 dulcissime
651 1275 828 1343 Redemptor!
847 1289 908 1329 amo

108 1356 139 1404 te
157 1363 191 1402 ex
208 1354 268 1402 toto
287 1345 367 1402 corde
384 1362 444 1402 meo
464 1353 543 1402 etex
560 1353 618 1401 tote
642 1347 731 1400 anima
746 1361 820 1415 mea,
845 1345 911 1418 quia

111 1417 215 1474 infinite
234 1418 321 1474 bonus
339 1433 377 1473 es.
395 1418 482 1473 Doleo
497 1416 569 1484 quod
581 1433 698 1484 unquam
711 1426 738 1470 te
753 1416 910 1472 offenderim

112 1489 279 1556 firmiterque
298 1504 420 1558 propono
446 1489 628 1557 inposterum
646 1489 698 1542 iam
716 1504 771 1545 non
787 1502 909 1556 peccare.

111 1590 146 1604 -
161 1561 214 1630 Da
233 1560 355 1630 Domine,
374 1567 405 1614 ut
422 1559 548 1629 deinceps
566 1559 675 1628 diligam
692 1566 728 1627 te,
747 1566 777 1613 ut
795 1558 911 1613 serviam

111 1632 162 1690 tibi
175 1632 311 1688 constanti
323 1632 469 1700 voluntate,
487 1638 519 1685 ut
538 1631 651 1698 matiam
668 1637 742 1686 tuam
755 1644 911 1684 conservem

112 1710 141 1759 et
152 1704 244 1772 potins
256 1702 362 1771 morien,
381 1718 460 1770 quam
481 1717 516 1756 ex
533 1703 581 1756 illa
600 1717 650 1770 per
663 1708 802 1769 peccatum
814 1700 911 1755 iterum

112 1774 243 1831 excidam.
255 1803 287 1814 —
297 1774 411 1842 Largire
419 1773 492 1843 mihi,
504 1772 628 1842 Domine,
646 1772 759 1841 gratiam
771 1770 913 1840 proposita

112 1844 286 1914 exsequendi,
304 1846 387 1899 vitam
403 1844 474 1900 serio
493 1843 652 1898 emendandi
670 1850 698 1897 et
714 1843 743 1897 iu
760 1843 847 1911 gratia
864 1848 914 1896 tua

113 1917 149 1972 ad
166 1923 282 1972 mortem
306 1930 392 1984 usque
414 1915 612 1984 perseverandi.
632 1944 665 1954 -
683 1915 767 1982 Deus,
790 1915 836 1982 qui
853 1912 911 1968 dili·

114 1987 241 2057 gentibur
259 1994 287 2042 te
313 1986 380 2042 facis
404 1993 501 2041 cuncta
516 1986 661 2055 prodesse,
691 1985 727 2041 da
752 1985 827 2040 cordi
850 1999 912 2040 meo

113 2058 297 2116 inviolabilem
313 2065 377 2113 tuae
395 2058 514 2112 caritads
528 2057 659 2124 affectum,
678 2064 709 2112 nt
725 2058 793 2112 haec
808 2055 911 2112 deside·

112 2131 154 2186 ria
171 2130 206 2185 de
225 2136 274 2184 tua
290 2129 465 2199 inspiratione
484 2136 613 2196 concepte
637 2129 711 2182 nulla
727 2127 837 2182 veleant
853 2134 912 2182 ten·

110 2203 214 2328 ingone
232 2201 339 2260 ιιιιιιιιὶ.
375 2201 429 2256 Per
453 2200 587 2255 Christum
614 2200 757 2254 Dominum
782 2206 912 2255 nostrum

163 2289 207 2330 en.

464 2342 564 2357 ΛΛΜΛΛΛΛ

141 2430 285 2488 PREGES
302 2430 353 2485 AD
371 2429 590 2486 LUGRANDAS
608 2428 882 2485 INDULGENTIAS

164 2524 198 2569 vel
213 2523 263 2575 albi,
277 2523 310 2567 vel
324 2523 433 2567 snlmebus
447 2523 467 2567 le
481 2523 603 2592 purgatorio
616 2523 860 2576 detentlaappllcendaa.

150 2627 472 2698 &odoproeporoton'a
480 2627 654 2697 Omnipotens
661 2627 822 2696 sempiterne
830 2626 915 2694 Dens,

113 2701 188 2755 coins
205 2699 391 2755 misericordia
415 2701 565 2768 apeccatls
589 2699 710 2754 omnibus
735 2703 916 2763 aeternaeque

114 2770 294 2826 damnationis
311 2777 389 2826 reatu
411 2785 455 2825 me
480 2769 632 2826 absolutum
656 2768 775 2837 confido,
794 2767 916 2834 quamvis

114 2841 310 2913 temporalibus
322 2841 418 2911 poenis
431 2841 563 2898 obnoxius
576 2855 761 2910 permaneam3
778 2853 838 2892 cnm
849 2851 916 2890 vero
