2124 3230
317 185 350 224 De
363 184 431 224 Missa
445 184 567 224 Pontificall
580 185 678 224 solemni.
858 180 901 223 858

103 286 183 341 bacili
201 283 323 340 sandalia
341 289 368 338 et
382 284 488 355 caligas,
508 285 560 339 alio
574 285 635 340 selo
648 293 785 353 cooperta,
805 291 832 339 et
846 301 900 339 arn·

102 359 186 412 babus
214 355 337 414 manibus
366 356 471 410 elevata
497 363 559 410 ante
586 356 764 425 Episcopum,
792 356 900 426 illaque,

102 427 291 482 adiuvantibus
323 426 426 480 duobus
449 428 579 496 Episcopi
617 426 764 496 scutiferis,
796 427 842 494 qui
866 427 901 481 ad

18 533 22 569 1
104 501 216 555 abacum
235 498 323 552 solent
340 498 475 566 assistere,
494 497 651 566 genuflexus
665 497 752 552 induit
769 497 854 566 primo
872 499 901 552 in

102 570 222 654 deutero,
242 567 363 622 deinde
356 585 383 622 sn
402 569 508 626 sinistro
527 565 596 637 pede
614 569 751 637 Episcopi,
772 568 899 623 detractis

15 691 16 697 ,
102 643 176 710 prius
195 655 245 708 per
263 639 417 694 semiferum
436 639 576 695 ordinariis
595 641 700 696 calceis.
721 639 857 696 Extractis
876 640 901 694 ei

14 716 18 741 ¹
103 727 152 780 per
176 712 333 766 assistentes
351 711 486 768 Diaconos
512 712 631 779 annulis,
658 713 811 780 Episcopus
828 710 902 766 lavat

102 800 205 838 manus.
232 782 377 850 Presbyter
395 783 523 837 assistens
540 783 654 851 porrigit
671 783 807 851 Episcopo
826 797 900 835 man·

101 855 147 910 tile
166 853 202 908 ad
219 853 377 921 tergendum
394 869 501 921 manns,
521 854 616 920 quibus
634 855 713 909 tersis
731 859 899 923 reponuntur

102 927 128 980 ei
145 925 237 981 annuli
255 925 289 978 ab
315 923 410 978 eodem
435 924 591 992 presbytero
617 926 766 981 assistente.
804 924 900 980 Statim

101 997 164 1052 lotis
182 996 306 1050 manibus
324 995 412 1050 adsint
429 996 553 1064 acolythi,
572 997 617 1064 qui
636 997 750 1051 afferant
768 1011 802 1050 ex
821 995 900 1050 altari

101 1074 259 1136 paramenta
275 1067 404 1135 Episcopi
428 1082 478 1134 per
500 1067 619 1122 ordinem
637 1085 705 1123 unus
723 1075 785 1136 post
803 1068 899 1135 alium3

10 1169 12 1210 i
102 1139 230 1194 diaconus
250 1144 277 1191 et
286 1137 463 1192 subdiaconus
478 1139 613 1206 capientes
627 1140 731 1208 singula
744 1146 901 1208 paramenta

10 1213 12 1238 ²
102 1209 135 1266 de
163 1208 287 1266 manibus
316 1209 506 1277 acolythorum,
533 1210 644 1277 quisque
671 1226 762 1266 eorum
781 1226 798 1264 a
814 1210 900 1264 latere

102 1297 151 1336 suo
171 1279 281 1336 adiuvat
298 1278 436 1335 vestiendo
455 1282 626 1350 Episcopum,
652 1281 699 1336 sed
717 1281 900 1349 principaliter

101 1352 230 1406 diaconus
248 1351 337 1405 omnis
356 1358 490 1420 operatur,
516 1352 694 1407 subdiaconus
719 1368 784 1407 vero
802 1353 899 1406 solum·

9 1431 11 1446 '
100 1423 180 1478 modo
199 1419 347 1490 coadiuvat,
366 1423 412 1476 ubi
430 1438 497 1490 opus
516 1431 565 1478 est
601 1424 746 1492 Presbyter
772 1423 899 1478 assistens

101 1495 217 1563 imponit
233 1493 359 1547 annulum
367 1493 550 1548 Pontificalem
568 1495 690 1548 annulari
708 1494 790 1562 digito
809 1495 900 1548 dexte·

101 1581 148 1620 rae
169 1581 264 1620 manus
282 1565 417 1634 Episcopi,
438 1566 534 1621 annulo
553 1566 627 1634 prius
652 1573 679 1620 et
702 1581 782 1620 manu
806 1571 903 1633 postea

102 1636 273 1692 deosculatis
300 1637 437 1705 Episcopo
455 1644 550 1721 parato
568 1635 697 1691 accedunt
715 1635 750 1689 ad
769 1651 829 1689 eum
847 1634 900 1689 duc

101 1707 207 1762 diaconi
226 1707 362 1761 honorarii
380 1709 467 1775 parati
492 1707 655 1775 dalmaticis3
683 1707 811 1761 diaeonus
835 1721 901 1760 vero

102 1786 129 1834 et
147 1777 326 1836 subdiaconus
343 1779 480 1847 recedunt,
499 1787 527 1833 et
545 1785 682 1833 assumunt
699 1794 763 1832 suos
780 1777 900 1848 manipu-

101 1849 150 1906 los
190 1847 322 1915 (Uectem.
336 1850 430 1918 Epioe.
444 1851 489 1906 lib.
502 1854 529 1904 2
544 1853 569 1903 8
584 1867 611 1904 c.
625 1852 733 1917 5-23.)

136 1921 308 1975 Ministraute
326 1921 483 1990 presbytero
502 1922 643 1976 assistente
669 1921 818 1974 naviculam
836 1919 902 1986 Epi·

102 2008 200 2076 secpus
213 1990 326 2059 imponit
336 1998 363 2046 et
376 1992 508 2047 benedicit
519 1993 597 2061 thus;
615 2000 672 2047 turn
691 1991 776 2075 surgit
794 2000 821 2045 et
834 1991 901 2044 reci·

102 2065 141 2132 pit
160 2063 283 2118 baculum
300 2064 471 2132 pastoralem,
489 2062 612 2147 factaque
626 2079 686 2117 cum
706 2064 761 2118 suis
774 2062 902 2116 ministris

101 2135 254 2190 reverentia
280 2133 352 2188 cruci
380 2149 462 2216 super
486 2134 595 2188 altari
587 2152 615 2189 1n
640 2135 711 2188 dicto
737 2134 834 2188 sacello
854 2149 903 2187 seu

103 2205 247 2260 secretario
267 2205 401 2274 existenti,
419 2206 611 2273 processionali
629 2206 683 2260 ritu
701 2205 849 2272 procedunt
867 2202 902 2258 ad

102 2276 222 2344 altare‚'
214 2291 242 2328 ιιι
261 2291 313 2342 quo
332 2275 418 2330 Missa
436 2283 477 2331 est
494 2276 654 2330 celebranda
671 2277 722 2330 hoc
741 2276 846 2330 ordine:

137 2346 338 2402 Thuriderarius
369 2363 429 2400 cum
452 2347 597 2414 thuribulo,
622 2347 717 2403 deinde
749 2343 903 2401 ceroferarii

44 2459 47 2466 .
103 2433 163 2472 cum
181 2417 299 2472 candelis
318 2433 436 2473 accenso
446 2417 561 2472 medium
574 2389 704 2474 h’abentes
719 2419 832 2472 alterum
841 2416 902 2471 sub

103 2488 244 2544 diaconum
276 2496 401 2557 paratum
431 2490 565 2556 tunicella,
596 2505 702 2544 crucem
731 2479 903 2572 deferentem,

103 2559 199 2614 deinde
218 2559 307 2614 clerici
326 2567 353 2614 et
342 2559 517 2614 tbeneficiati
531 2529 659 2616 edelesiae
678 2561 803 2616 cumsuis
816 2558 903 2627 cottis,

102 2630 159 2686 bini
177 2639 206 2686 et
222 2631 278 2684 bini
294 2631 481 2698 incipiendus
504 2632 661 2701 iunioribus,
686 2648 735 2686 seu
759 2625 903 2685 miuusdi·

103 2702 172 2770 gnis.
207 2702 265 2756 Hos
294 2703 415 2770 sequitur
439 2703 559 2770 reliquus
583 2704 670 2758 clerus
686 2703 757 2757 illius
776 2700 904 2755 ecclesiae

104 2788 154 2828 suo
173 2772 276 2840 ordine,
295 2773 334 2827 ita
351 2780 382 2827 ut
400 2773 534 2842 digniores
549 2789 655 2842 semper
669 2774 723 2828 sint
740 2771 905 2841 posteriores

103 2843 132 2898 in
149 2843 338 2912 processione;
357 2844 485 2900 canonici
502 2860 576 2913 vero,
601 2845 647 2912 qui
665 2851 727 2898 sunt
744 2842 840 2911 parati,
858 2855 904 2892 an·
