2152 3234
160 169 201 216 550
280 217 282 220 ,
333 175 365 214 De
380 174 572 216 decrementorum
585 173 782 214 administratione.

194 277 261 345 Reg.
277 279 301 330 1.
319 276 393 329 inter
406 274 472 331 duas
485 291 623 346 personas,
638 292 751 345 quarum
763 282 861 331 neutra
875 292 957 345 copu-

159 348 213 403 lam
230 347 324 402 habuit
334 363 400 401 cum
416 349 614 416 consanguinea
632 349 750 418 alterius,
768 347 882 403 affinitas
899 363 959 403 esse

159 435 213 474 non
231 426 329 488 potest.

195 491 263 558 Reg.
277 495 302 545 2.
327 487 764 557 Affinitasnonpariteffinitatem.
789 487 867 544 Unde
880 495 960 557 pater

160 567 189 616 ot
204 561 276 616 filius
294 559 392 616 ducere
410 567 523 629 possunt
541 568 653 615 matrem
672 567 700 615 et
717 559 815 629 filiam3
835 559 888 615 duo
906 560 961 615 ire·

159 640 216 688 tres
241 633 308 687 duas
332 647 454 700 sorores3
479 630 549 686 filius
575 631 687 688 Joanuis
712 648 738 686 a.
759 647 784 698 g.
811 647 845 686 ex
871 632 961 700 priore

160 703 339 772 Matrimonio,
357 703 465 770 nupo'as
482 703 550 757 inire
568 710 658 772 potest
677 719 737 757 cum
755 701 811 756 filia
829 717 963 758 novercae

99 816 106 832 .
160 790 240 844 suae,
268 789 347 843 quam
365 774 433 828 haee
451 789 485 828 ex
503 775 637 830 anteriore
666 789 772 842 quoque
791 773 962 830 Matrimonio

150 847 266 915 ‚geniut3
284 846 395 900 vitricus
410 861 469 898 cum
483 844 566 899 aidum
578 846 703 914 privigni,
723 850 751 900 et
768 860 886 899 noverca
904 862 963 900 cum

160 918 256 972 marito
273 917 420 986 privignae.
454 915 564 985 (Bened.
582 917 654 972 XIV.
674 917 708 970 de
727 916 793 985 syn.
813 915 897 970 dioec.
917 918 962 974 tri.
1011 963 1014 972 ,

161 991 186 1043 9.
204 1003 264 1056 cosp.
283 991 325 1042 13.
342 1003 416 1042 uam.
434 990 473 1053 4.)

194 1059 262 1127 Reg.
280 1061 305 1113 3.
325 1058 416 1125 Quadis
435 1065 477 1112 est
489 1057 588 1126 gradus
602 1058 841 1126 consanguinitatis
855 1058 889 1113 ab
903 1073 957 1113 una

160 1137 247 1198 parte,
270 1129 332 1184 talia
351 1136 393 1184 est
411 1128 523 1184 affinitas
542 1130 575 1184 ab
594 1130 680 1184 altera
697 1135 790 1198 parte3
810 1145 870 1184 oum
891 1130 961 1184 enim

160 1201 203 1254 vir
220 1207 248 1254 et
265 1200 361 1254 mulier
377 1201 430 1255 sint
447 1217 501 1254 una
518 1217 590 1269 earo,
614 1217 669 1254 una
695 1215 802 1269 quoque
821 1201 960 1269 utriusque

160 1269 192 1326 fit
208 1272 404 1340 propinquitas.
440 1272 529 1326 Tanta
547 1287 611 1340 ergo
623 1273 674 1326 erit
686 1270 813 1326 distantia
826 1270 960 1326 affinitatis

160 1342 231 1396 inter
248 1344 335 1397 virum
353 1351 381 1397 et
407 1343 617 1412 consanguineos
642 1343 769 1411 mulieris,
796 1350 897 1410 quanta
922 1349 963 1398 est

161 1413 288 1469 distantia
305 1414 541 1482 consanguinitatis
558 1415 629 1468 inter
641 1414 874 1483 mulieremipsam
892 1414 960 1470 eins-

162 1500 214 1553 que
232 1486 452 1554 consanguineos,
472 1493 499 1539 et
516 1485 643 1540 vicissim.

196 1557 357 1626 Disputatur
368 1557 439 1611 inter
450 1556 599 1626 theologos,
619 1555 810 1626 quonamiure,
829 1571 863 1609 an
877 1556 960 1611 eccie-

162 1627 269 1684 siastico
288 1636 399 1696 tuntum,
417 1643 452 1681 an
470 1628 550 1682 edam
568 1627 684 1682 natinaii
698 1625 811 1682 affinitas
828 1627 856 1681 in
875 1627 961 1695 primo
1053 1655 1054 1658 ¹

161 1700 247 1768 gradu
269 1701 356 1754 lineae
380 1705 478 1768 rectae,
504 1698 568 1753 dum
595 1714 629 1752 ex
655 1699 752 1768 oopnia
776 1698 965 1753 matrimoniali
1053 1703 1054 1778 ,

162 1772 255 1841 oritur,
279 1771 478 1825 Matrimonium
510 1769 635 1824 dirimat?
672 1769 747 1823 Haeo
779 1771 965 1824 conuoversia

161 1857 257 1910 parum
275 1842 309 1896 ad
327 1841 432 1911 praxim
457 1839 548 1912 refert,
574 1857 634 1895 euni
652 1846 764 1909 constet,
789 1840 828 1910 (ut
852 1839 965 1896 adnotat

161 1913 322 1968 Benedictus
340 1913 413 1966 XIV.
433 1912 466 1968 de
479 1912 545 1982 Syra.
565 1912 647 1966 dioec
667 1912 712 1966 leia.
731 1915 756 1966 9.
775 1928 797 1965 o.
817 1914 861 1968 13.
877 1928 906 1966 aa.
925 1914 965 1980 4.)

162 1983 285 2038 Summos
303 1983 448 2047 Pontifices
466 1984 566 2053 pluries
584 1989 705 2052 rogatos,
724 1999 741 2037 a
758 1983 837 2036 simili
856 1982 965 2052 dispen-

162 2055 266 2110 satione
285 2053 374 2109 danda
392 2069 498 2124 semper
515 2055 686 2110 abstinuisse.
721 2053 764 2107 De
790 2053 849 2108 eliis
875 2063 966 2108 autem

162 2125 288 2194 gradibus
313 2133 370 2179 tum
395 2127 482 2180 lineae
506 2133 605 2195 rectae,
629 2133 685 2180 tum
711 2125 872 2180 collateralis
898 2125 965 2182 satis

162 2198 287 2251 convenit
303 2197 374 2250 inter
385 2197 526 2266 Doctores,
544 2197 645 2251 nulium
663 2196 764 2252 seilicet
781 2211 816 2250 ex
833 2195 886 2250 illis
904 2197 964 2251 iure

161 2268 278 2322 naurdi
294 2267 493 2322 Matrimonium
510 2269 624 2323 irritare.
657 2267 735 2334 Quod
753 2267 834 2321 etiam
852 2266 963 2323 evidens
1053 2311 1054 2314 ,

161 2337 193 2392 iit
210 2353 244 2393 ex
258 2339 336 2407 praxi
348 2339 484 2409 ecciesiae,
503 2355 572 2408 quae
590 2339 618 2392 in
631 2339 684 2394 illis
697 2337 825 2406 gradibus
838 2336 963 2406 frequen·

160 2417 204 2463 ter
222 2410 394 2479 dispensavit,
414 2417 494 2478 atque
515 2412 596 2466 etiam
614 2425 685 2464 nuno
703 2409 848 2479 dispensat.
887 2408 964 2464 idem
1053 2421 1054 2434 ¹

163 2479 213 2548 dio,
230 2487 342 2549 propter
355 2481 467 2535 eandem
478 2482 617 2550 rationem,
636 2481 669 2536 de
682 2481 768 2550 primo
779 2479 865 2549 gradu
876 2480 964 2536 lineae
1053 2491 1054 2500 ¹

162 2559 261 2621 rectae,
280 2550 386 2618 quando
405 2551 518 2608 affinitas
537 2554 621 2608 oritur
640 2567 674 2607 ex
693 2552 790 2620 copula
806 2551 908 2606 illicita.

199 2622 251 2689 Qui
267 2624 389 2690 peccavit
406 2639 466 2676 oum
484 2623 587 2678 duabus
606 2624 743 2679 sororibus
761 2630 809 2678 aut
827 2622 963 2678 consobri-

162 2691 204 2747 nis
222 2693 363 2761 germanis,
383 2701 437 2746 aua
447 2709 507 2747 cum
524 2701 609 2749 matre
629 2702 656 2749 et
673 2693 737 2764 iilia,
754 2695 855 2748 nuliam
868 2695 964 2749 harum
1053 2747 1054 2752 ,

163 2761 260 2818 ducere
277 2770 368 2832 potest
393 2761 493 2831 absque
519 2764 725 2834 dispensatione.
763 2765 792 2820 Si
814 2780 880 2820 aero
904 2764 963 2834 qun

161 2835 283 2896 peccavit
300 2849 360 2888 oum
377 2841 462 2889 matre
480 2835 606 2905 mulieris,
625 2851 705 2904 quam
724 2835 823 2892 dooere
841 2835 963 2905 intendit,
