2146 3234
45 71 46 100 i

45 103 46 128 E
185 138 263 179 Modus
277 138 397 187 recipiendi
410 148 578 180 neo-conversos
591 139 615 180 lu
629 141 735 189 maurium
749 141 859 183 acclesiae.
879 137 921 180 621

158 257 184 308 g.
211 241 253 294 De
275 238 412 294 validitate
429 239 559 308 Baptismi
576 241 605 294 in
621 240 728 296 haeresi
746 242 863 309 suscepti
879 242 919 297 in-

41 359 42 388 ,
125 311 284 379 quirendum
303 318 352 368 est.
387 311 513 366 instituto
533 310 652 378 diligenti
670 311 791 366 examina
810 315 833 368 si
850 329 920 368 oom-

123 390 228 451 pertum
249 381 338 450 fuerit,
368 389 416 436 aut
432 382 533 437 nullum
551 389 598 436 aut
614 382 722 436 nulliter
739 381 822 438 fuisse
841 384 920 438 oolla-

124 461 187 522 tum,
216 451 370 521 baptizandi
394 459 472 508 erunt
495 453 621 508 obsolute.
659 451 688 507 Si
706 460 795 509 autern
812 454 921 508 investi·

125 527 232 594 godone
246 531 357 592 peracta
370 523 457 578 adbuc
469 522 608 592 probabile
623 521 730 578 dubium
745 522 778 578 do
791 524 921 591 Baptismi

125 595 263 650 validitate
278 595 402 663 supersit,
422 594 547 650 sacerdos
560 602 681 650 recurrat
694 593 730 648 ad
743 594 919 665 ordinarium,

126 667 195 730 etsi
212 667 298 734 ipsius
315 665 413 720 iudicio
431 666 584 734 Baptismus
612 666 661 720 sub
689 665 839 720 conditione
856 667 919 722 iter·

124 737 210 792 andus
229 743 285 805 est,
314 742 404 791 utatrn
428 736 543 791 formula
567 752 584 790 a
606 736 707 791 Rituali
730 736 851 792 Romano
869 754 919 806 pro

123 808 262 877 Baptismo
282 806 433 862 adultorum
451 807 618 876 praescripta
637 807 676 874 (S.
691 807 725 861 R.
742 807 770 862 Ο.
788 811 833 862 27.
847 809 919 878 Acar

120 878 328 947 1836.ad1.);
354 878 417 947 „ubi
446 894 511 934 vero
536 879 625 934 debita
648 878 734 934 forma
758 885 785 935 et
808 881 921 934 materia
986 889 989 902 ·

123 957 233 1006 serrata
252 956 301 1018 est,
326 950 425 1012 omissa
442 956 544 1004 tantum
562 949 745 1019 suppleantur,
770 951 821 1005 nisi
838 951 919 1006 ratio·

121 1021 205 1076 nubili
220 1019 253 1074 de
267 1035 348 1075 causa
357 1021 435 1074 aliter
444 1021 579 1090 Episcopo
589 1020 737 1075 videatur.“
751 1021 818 1087 (Ru.
827 1021 918 1088 Rom.)

123 1093 239 1148 Domum
265 1091 468 1160 siconstiterit‚
496 1091 613 1146 validum
639 1092 722 1146 fuisse
745 1092 919 1162 Baptismum,
1020 1101 1024 1108 ’

121 1160 268 1232 recipiendi
295 1168 372 1217 erunt
394 1163 575 1218 tantummodo
601 1162 636 1218 ad
660 1163 853 1219 abiurationem
871 1179 920 1220 seu

122 1233 317 1305 professionem
334 1231 406 1287 fidei.
419 1233 572 1303 -Triplex
589 1233 670 1302 igitur
688 1237 734 1300 (ex
750 1234 837 1290 forma
856 1252 873 1290 a
891 1235 919 1291 S.

122 1302 410 1361 Quotidianae.
425 1305 490 1358 Julii
507 1307 583 1360 1859.
603 1306 770 1374 praescripta
784 1313 811 1360 et
825 1322 858 1360 ex
873 1306 919 1362 de·

125 1376 206 1432 oretis
224 1372 249 1428 d.
269 1373 294 1429 d.
315 1377 357 1431 17.
375 1374 441 1429 Dee.
462 1377 539 1430 1868.
567 1383 594 1431 et
620 1379 661 1430 17.
679 1376 753 1430 Junii
780 1377 866 1447 1715.)
892 1379 920 1432 in

122 1444 293 1503 conciliandis
311 1446 452 1500 haereticis
471 1445 641 1514 distinguitur
658 1445 811 1502 methodus:

149 1519 172 1576 I.
191 1517 219 1572 Si
233 1516 384 1584 Baptismus
403 1517 522 1572 obsolute
534 1517 693 1586 conferatur,
712 1518 785 1571 nulla
799 1519 919 1585 sequitur

35 1589 41 1602 ’
195 1587 337 1657 abiuratio,
354 1601 405 1642 nee
423 1587 564 1657 absolutio,
587 1603 619 1643 eo
639 1588 711 1658 quod
729 1589 818 1643 omnia
836 1589 920 1645 abluit

195 1659 395 1713 Sacramentum
411 1661 629 1727 regenerationis.

139 1732 176 1786 11.
195 1729 224 1784 si
238 1730 390 1799 Baptismus
408 1730 623 1786 assonatione
642 1728 779 1785 iterandus
800 1737 849 1799 est,
867 1729 920 1785 hoc

195 1799 288 1855 ordine
306 1800 504 1868 procedendum
518 1802 583 1856 erit:
604 1803 635 1855 1⁰
649 1801 779 1856 abiuratio
794 1799 919 1862 saufidei

194 1871 342 1941 professio;
362 1871 391 1926 2⁰
409 1872 561 1940 Baptismus
579 1871 788 1940 conditionatum
811 1873 840 1925 3⁰
858 1888 919 1927 con·

195 1942 277 1998 fessio
297 1943 496 1999 sacramentalis
523 1959 583 1998 eum
601 1944 767 1998 absolutione
793 1943 920 1999 conditio·

195 2021 268 2068 nata.

122 2086 172 2141 Ill.
198 2083 311 2152 Quando
330 2083 444 2151 denique
462 2084 580 2138 validum
603 2084 747 2140 iudicatum
770 2083 852 2139 fuerit
870 2085 921 2140 Ba-

195 2156 301 2226 ptisma,
320 2155 378 2210 sola
395 2155 523 2223 recipitur
541 2154 688 2224 abiuratio‚
713 2170 762 2210 seu
779 2154 842 2210 fidei
859 2171 921 2224 pro·

195 2227 286 2297 fessio,
306 2241 386 2294 quam
399 2225 531 2281 absolutio
550 2242 567 2280 a
585 2227 704 2282 censuris
723 2228 851 2293 sequitur.
878 2227 920 2281 De

195 2297 322 2352 facultate
340 2295 496 2351 absolvendi
514 2297 548 2352 ab
562 2297 668 2352 haeresi
686 2312 735 2364 pro
754 2297 919 2354 confessario

193 2367 397 2423 aeonverteudo
405 2367 617 2436 libereeligsndo
625 2375 728 2422 mature
735 2367 920 2435 provideatur.

159 2437 202 2492 De
220 2439 357 2508 Baptismo
375 2436 481 2507 Judaei,
504 2439 603 2506 inquo
622 2454 656 2493 ex
674 2437 781 2494 decreto
801 2439 828 2493 S.
842 2440 874 2494 B.
890 2439 919 2494 O.

123 2509 149 2561 9.
167 2508 234 2562 Maii
254 2513 331 2565 1857.
358 2508 524 2565 adhibendus
552 2517 593 2566 est
619 2511 686 2564 ritus
709 2526 758 2577 pro
782 2510 921 2579 Baptismo

124 2576 283 2650 adultorum,
302 2581 364 2635 ride
381 2578 481 2636 Bened.
491 2581 563 2636 XIV.
583 2581 695 2638 Constit.
709 2580 734 2635 d.
744 2580 770 2635 d.
784 2584 827 2635 28.
840 2581 921 2638 Febr.

127 2650 205 2705 1747.
225 2657 252 2704 et
271 2653 312 2706 15.
330 2652 396 2706 Dec.
417 2653 494 2706 1751.

157 2719 184 2773 h.
202 2719 285 2776 Actus
302 2723 360 2791 ipse
379 2722 541 2790 receptionis
558 2722 610 2777 hot
628 2721 707 2777 modo
725 2719 876 2790 perficitur:

164 2790 360 2860 depopulosa
379 2799 404 2848 et
421 2794 490 2848 stuba
507 2794 621 2848 owbacer'
637 2794 733 2848 colores
750 2792 862 2846 indutus
879 2808 921 2846 so·
