2128 3228
154 156 196 202 tet
308 159 341 200 De
355 158 486 208 quibusdam
499 157 549 199 aitis
562 159 700 200 sacerdotum
714 160 797 203 ciliciis.

188 261 223 317 11.
242 261 291 322 SS.
309 261 509 318 Sacramentum
541 260 728 331 exponendum
752 261 804 316 erit
826 260 856 316 iu
875 261 959 318 altari

153 333 275 388 maiori²

189 405 238 461 111.
257 334 433 473 obponere
456 403 544 473 imago
568 403 613 459 vei
637 409 733 472 statua,
759 417 828 471 quae
853 402 958 460 ibidem

155 477 302 545 reperitur:
325 476 390 530 item
414 475 531 543 parietes
559 475 637 530 altari
661 475 750 543 vicini,
769 473 959 532 deficientibus

156 547 318 602 ornamentis
335 545 405 616 fixis,
423 547 519 614 pannis
528 546 733 614 cooperiantur3
751 560 845 600 verum
858 561 958 602 cavea·

154 625 207 686 tur,
221 633 255 672 ne
269 619 339 674 inter
348 623 493 686 apparatus
507 618 561 674 rint
571 617 708 685 historiae,
721 631 799 672 resve
812 615 957 684 profanae.

190 689 237 744 IV.
255 689 288 743 In
305 689 384 744 uitari
401 705 456 744 non
473 695 608 758 ponantur
626 688 782 744 Sanctorum
795 687 928 756 reliquiae
934 689 957 758 2)

156 766 203 814 aut
220 767 342 828 statuoe;
366 759 498 827 (adhiberi
519 766 634 828 possunt
656 757 818 827 Angelorum
836 766 955 828 statuae,

156 845 226 899 qnae
244 830 462 886 candelabrorum
479 832 565 887 vicem
577 831 691 901 genunt),
708 830 792 884 multo
804 830 892 886 minus
905 846 956 898 po·

157 910 255 958 uantur
273 902 419 956 animarum
436 903 585 971 purgatorii
610 900 721 970 figurae,
747 901 957 970 qualescumque

156 973 224 1042 siut3
242 973 315 1040 quod
333 974 413 1028 etiam
430 973 588 1043 prohibetur
605 973 633 1027 in
645 973 766 1028 omuibus
781 973 957 1040 expositioni·

156 1044 206 1099 bus
224 1044 438 1113 particularibus,
455 1045 509 1100 imo
527 1046 556 1098 in
567 1045 600 1100 iis
615 1045 703 1112 etiam,
724 1058 793 1111 quoe
806 1045 835 1096 in
848 1043 955 1100 illarum

157 1115 303 1169 animarum
321 1114 476 1184 suffragium
494 1115 654 1183 quandoque
672 1115 854 1170 instituuntur.
862 1113 883 1185 ³)

193 1185 226 1239 V.
246 1185 334 1254 Super
358 1187 443 1242 altare
467 1187 632 1256 praedictum
660 1193 689 1240 et
705 1187 733 1240 in
751 1186 878 1241 eminenti
895 1185 956 1242 loco

157 1255 192 1311 sit
208 1256 416 1326 tabernaculum,
435 1258 492 1314 sive
509 1259 621 1314 thronus
640 1273 700 1312 cum
716 1257 874 1313 baldachino
894 1271 957 1312 con·

157 1327 282 1382 veniente
300 1327 354 1383 albi
377 1329 490 1398 coloris;
514 1345 596 1399 supra
621 1329 697 1384 cnius
718 1327 815 1397 pedem
839 1334 958 1396 ponatur

157 1400 296 1468 corporale
314 1399 349 1454 ad
367 1399 550 1469 reponendum
571 1400 756 1468 ostensorium,
775 1399 848 1468 quod
860 1400 890 1454 iu
901 1413 957 1454 rue·

159 1469 204 1524 dio
222 1469 305 1526 radiis
324 1471 430 1539 quidem
448 1471 638 1526 circumdatum
657 1485 717 1526 esse
734 1477 833 1539 potest,
860 1469 957 1540 quotie

158 1557 224 1598 vero
243 1549 339 1598 ornatu
357 1557 449 1598 carere
469 1542 557 1614 debet,
576 1542 622 1612 qui
636 1540 684 1596 SS.
700 1540 864 1598 sacramenti
879 1556 957 1611 aspe-

159 1619 230 1668 ctum
250 1613 379 1682 impedire
397 1613 491 1683 possit.

193 1685 240 1742 VI.
258 1684 302 1738 Ad
320 1684 404 1742 altare
427 1686 553 1741 contnuo
579 1683 692 1740 ardeant
712 1682 834 1753 viginti)
861 1683 958 1740 saltem

212 1850 304 1899 delitet)
315 1871 339 1880 -
350 1849 502 1900 ‚,Praedlotam
515 1849 687 1890 Instructionem
701 1849 765 1888 extra
773 1847 856 1888 Urbem
864 1858 910 1888 non
920 1847 959 1888 ob·

211 1916 293 1966 ligare3
307 1916 517 1967 laudandoatameu,
532 1916 570 1966 qui
579 1915 643 1956 aelidi
652 1914 790 1955 conformare
800 1915 898 1964 nudent,
915 1913 959 1954 ulai
1053 1959 1054 1972 χ

212 1981 270 2020 alind
285 1982 313 2021 ab
328 1981 449 2022 ordinariis
463 1981 561 2022 iocorum
574 1980 709 2030 atatuatur,“
724 1979 844 2020 declaravit
857 1979 878 2021 R
894 1979 921 2020 B.
936 1979 958 2020 0.

212 2043 244 2087 12.
259 2045 315 2084 Juttt
327 2044 388 2088 1749.

172 2104 193 2158 ¹)
207 2108 368 2157 Aniependium
382 2109 468 2159 altaria,
481 2111 520 2150 ubi
530 2111 647 2160 exponitur
660 2109 696 2154 88.
706 2111 879 2160 sacramomom,
893 2111 960 2152 debet

211 2184 259 2215 osae
272 2176 353 2216 coloris
367 2176 419 2226 albi,
434 2178 501 2216 etiam
514 2178 538 2216 in
551 2177 666 2218 Dominica
679 2177 826 2220 Pentecosten.
850 2176 880 2226 (8.
895 2179 921 2222 R.
935 2177 958 2220 0.

211 2240 243 2280 19.
259 2242 308 2285 Dee.
323 2240 396 2291 182⁹.)

172 2300 196 2354 ²)
211 2305 342 2346 Sanctorum
356 2307 462 2356 reliquiae
476 2318 520 2348 uon
534 2309 587 2346 sunt
600 2307 740 2348 ooilooandaa
754 2307 915 2358 supermeant,
937 2308 960 2349 in

211 2380 255 2418 quo
275 2371 349 2420 reipsa
366 2372 400 2414 ss.
415 2371 581 2412 Sacramentum
608 2375 642 2414 est
659 2372 789 2422 expositum.
816 2369 845 2418 (ἃ
860 2373 887 2417 R.
901 2372 924 2414 0.
938 2372 960 2416 8.

212 2436 265 2486 sept.
280 2435 348 2487 1741.)

173 2498 193 2552 ³)
207 2501 260 2542 'ires
274 2503 382 2553 tabellae,
402 2515 458 2554 quaa
472 2505 573 2544 rubricae
591 2504 619 2544 ad
638 2504 769 2544 celebrantia
783 2503 961 2544 commoditatem

211 2566 303 2615 engone
316 2567 340 2606 in
354 2567 501 2609 celebratione
514 2569 611 2617 Elaeae.
635 2569 659 2610 iu
673 2568 811 2618 expetitione
830 2568 865 2610 dh
882 2567 961 2609 daca*

212 2631 280 2670 menti
295 2631 342 2671 aive
355 2641 395 2680 pro
410 2633 515 2674 Oratione
523 2633 563 2674 xii
573 2633 678 2674 horarum
692 2645 732 2674 asu
740 2635 786 2674 ailo
795 2634 873 2683 quavis
884 2645 960 2684 naun,

212 2700 301 2740 omniuo
315 2702 448 2742 amovendae
462 2705 515 2743 aunt
529 2703 557 2743 ab
571 2703 648 2744 altari.
659 2702 689 2755 (8.
704 2704 730 2746 it
745 2703 768 2744 G·
781 2703 816 2746 80.
826 2705 878 2749 nae.
887 2701 961 2754 1804.)

172 2761 194 2814 ⁴)
209 2763 259 2802 Hoc
272 2768 414 2813 praeceptum
427 2767 487 2808 vaiet
499 2771 586 2808 tantum
600 2769 623 2808 iu
632 2770 703 2819 Urbe;
717 2773 781 2810 extra
795 2770 886 2818 eoum
899 2773 960 2810 atau-

213 2829 264 2876 dum
279 2832 313 2870 est
333 2832 422 2872 statutis
442 2834 465 2872 et
478 2832 542 2874 luatis
554 2833 747 2884 laudabilibnsqua
766 2833 960 2876 comoetudinim
