2130 3242
170 172 212 215 tob
345 175 378 215 De
392 169 582 215 sacramentorum
599 174 794 216 administratione.

171 279 297 346 aegrotis,
307 278 325 347 1)
340 284 453 346 paterne
469 277 573 346 offeret,
587 285 616 332 et
628 277 805 332 annuentibus
818 275 852 330 de
864 291 900 330 eo
911 276 973 344 ipse
1054 273 1055 282 ’

170 348 319 418 provideat,
337 357 370 403 ut
386 347 527 417 sacrilegia
544 357 699 416 praevertat
716 356 744 402 et
761 348 865 402 animas
884 348 972 402 lucre·

171 429 223 478 tur.
242 451 276 460 -
295 421 493 475 Existimationi
512 421 592 475 etiam
615 421 728 476 aliorum
745 418 973 474 confessariorum

171 492 359 559 cuiuscumque
374 499 461 546 status
475 497 503 546 et
516 491 617 546 ordinis
630 491 760 558 conridet,
778 497 809 544 nt
822 505 917 545 omnes
929 491 971 544 in-

170 563 306 632 telligant,
334 562 512 618 confessarios
530 570 657 630 tanquam
674 563 727 616 Dei
744 562 858 616 mearios
877 569 973 616 mutuo

170 635 290 689 caritatis
307 635 413 688 vinculo
432 634 579 702 colligatos,
598 633 664 687 nibil
681 647 821 702 quaerere,
844 633 897 687 nisi
915 633 974 701 gic-
1054 645 1055 674 ³

170 706 238 760 riam
252 706 308 760 Dei
327 713 354 759 et
371 707 484 760 salutem
502 705 657 759 animarum.

207 779 233 832 5.
251 779 404 843 Antequam
414 777 525 844 incipiat
539 775 631 830 audire
646 775 746 830 exdtet
759 773 923 828 desiderium
933 790 976 830 sa-

170 847 234 902 lutis
253 849 399 902 animarum
418 855 445 902 et
462 848 572 903 honnus
597 846 686 914 divini,
715 846 840 914 imploret
858 847 975 913 gratiam
1054 869 1055 912 g

172 918 287 986 Spiritus
306 919 405 988 sancti,
433 917 583 986 formetque
608 918 782 972 intentionem
799 917 976 985 absolvendi3

171 997 200 1044 et
217 989 458 1057 quiaquandoqua
477 990 607 1058 absolute,
633 987 794 1056 quandoque
812 987 863 1042 sub
883 987 975 1042 condi·
1054 1011 1055 1026 π

171 1060 243 1114 tione
250 1060 271 1129 2)
291 1059 401 1114 debebit
418 1061 568 1130 absolvere,
587 1066 677 1129 potest
694 1060 770 1114 initio
788 1058 907 1114 formare
921 1060 974 1114 hoc

225 1204 253 1244 ad
274 1205 422 1246 confessiones
447 1207 600 1256 excipiendas,
623 1207 705 1261 popula
730 1205 907 1248 annuntiandum
935 1209 975 1250 est.

226 1268 296 1318 (Ocno.
309 1281 367 1319 proc.
384 1269 453 1311 Ooloa.
468 1283 488 1314 c.
503 1270 564 1312 186⁰.
576 1284 626 1324 paq.
639 1271 697 1322 1142
714 1271 975 1316 ctr.a1nnst.11’astoral·
1054 1307 1055 1328 ζ

225 1333 282 1374 blatt
305 1347 324 1377 a.
344 1333 403 1376 1865.
424 1347 482 1380 num
496 1335 516 1381 2.
538 1359 563 1368 -
583 1340 703 1390 Praecepto
721 1348 808 1378 annues
828 1339 975 1380 confessionis

225 1399 343 1449 satisfacit,
362 1401 433 1452 quivis
447 1403 551 1442 sacerdoti
563 1404 589 1442 ab
603 1403 706 1454 Epteeopo
721 1404 836 1454 approbato
850 1405 974 1446 confitetur.

226 1485 250 1494 -
265 1467 314 1507 Non
328 1469 363 1506 est
377 1477 444 1516 opus,
470 1471 495 1507 ut
512 1469 690 1524 heeeeoniessio
711 1471 750 1510 fiat
764 1471 855 1519 proprio
869 1471 975 1520 parocho,

214 1544 295 1582 ,nequa
309 1534 374 1573 datur
393 1533 498 1584 obligatio
518 1537 606 1586 petendi
627 1535 723 1576 eiusdem
742 1536 856 1576 licentiam
875 1537 905 1576 ad
924 1548 975 1577 eon·

226 1598 331 1637 iitendunr
345 1599 455 1637 sacerdoti
470 1599 541 1642 alteri.
566 1599 620 1650 (Otr.
636 1599 695 1644 Coro.
707 1615 767 1652 proc.
782 1601 851 1645 Colca.
862 1615 914 1653 paq.
929 1601 974 1644 112.

228 1665 357 1704 Lcmbcrtini
371 1665 479 1704 institutio
494 1665 526 1706 18.
542 1668 563 1705 et
577 1667 597 1706 S.
611 1668 656 1716 Εἰς),
671 1667 707 1710 tib.
722 1667 741 1710 6.
757 1680 813 1708 eram.
828 1667 877 1708 564.
894 1669 975 1720 Knopp

226 1730 314 1779 „Ueber
335 1731 377 1770 den
397 1730 498 1770 sacerdos
518 1733 620 1781 proprius
638 1743 677 1772 nur
689 1722 837 1783 ‘Verwaitung
855 1735 894 1775 des
908 1735 975 1775 Buss-

226 1797 381 1837 secramentes.
408 1797 552 1846 Begensbnrg
565 1795 651 1846 1851.¹‘)

187 1861 209 1914 ι)
223 1863 266 1906 Otr,
280 1864 422 1912 ¹ingeburger
436 1863 593 1904 Pastoraibiatt
607 1877 627 1909 a.
643 1863 702 1910 lect.
721 1877 742 1906 n.
756 1863 790 1909 38,
805 1868 828 1906 et
840 1863 875 1906 84.

186 1925 209 1979 ²)
224 1929 339 1969 Absolutio
360 1930 396 1968 rut
422 1930 540 1970 coadttom
560 1931 587 1970 de
602 1932 676 1981 saturo
697 1943 809 1982 nunquam
829 1933 877 1972 dari
895 1935 975 1983 potest,

225 2003 275 2032 cum
288 1993 425 2034 sacramenti
444 1995 507 2034 valor
528 1997 632 2044 suspendi
648 2000 744 2045 nequeat
764 1997 793 2037 ed
813 2000 918 2038 eventum
936 2003 995 2048 apd

224 2060 311 2108 positae
336 2061 480 2110 conditionis;
506 2063 542 2103 aab
567 2063 684 2104 conditiore
714 2067 783 2104 tamea
808 2065 834 2104 eis
867 2066 976 2116 praemi

186 2136 190 2144 ¹
225 2125 404 2176 quotiescumque
418 2130 484 2176 urget
498 2129 618 2168 necessitas
632 2127 777 2178 Sacramentl.
801 2129 913 2170 absolutio
927 2130 976 2170 deri

224 2193 313 2242 potest:
333 2189 355 2242 i)
371 2193 389 2232 si
403 2194 499 2242 prudens
514 2194 604 2234 (labium
617 2194 692 2243 adest,
715 2206 744 2244 an
758 2197 874 2248 poenitens
889 2198 934 2236 iarn
948 2197 977 2238 ed

225 2257 370 2296 sufficientem
384 2267 449 2296 nsum
468 2259 562 2298 rationis
575 2259 710 2309 pervenerim
738 2257 761 2311 2)
775 2263 794 2302 si
813 2261 924 2302 incertum
938 2263 977 2310 sit,

225 2333 254 2362 an
270 2323 384 2371 poenitens
403 2325 475 2364 adhuc
495 2325 567 2374 virat;
589 2321 612 2375 3)
633 2327 651 2366 si
671 2327 814 2368 moribundus
834 2329 922 2368 incerte
941 2327 976 2368 rel
1054 2371 1055 2376 ,

224 2385 287 2425 nulla
300 2385 383 2425 dederit
396 2389 548 2436 poenitentiae
562 2389 637 2438 siqnaq
651 2387 676 2438 i)
691 2390 711 2430 sl
721 2394 782 2431 certe
796 2394 890 2440 peccate
898 2392 976 2432 baberi

225 2461 270 2490 non
284 2451 382 2500 possint3
403 2450 426 2504 5)
440 2454 460 2492 ei
475 2454 622 2495 confessarius
635 2457 755 2505 prudentor
768 2458 862 2507 dubitet,
886 2469 915 2498 an
928 2460 973 2499 ior·

224 2527 284 2557 mam
305 2517 482 2558 substantialiter
495 2521 604 2570 integrent
624 2522 753 2572 protulerit3
771 2521 794 2575 t)
812 2525 832 2564 ei
846 2535 874 2564 ex
887 2525 976 2566 absolu·

224 2584 285 2622 tione
305 2593 350 2622 non
371 2583 425 2623 data
438 2585 548 2633 gravloris
561 2587 734 2638 diffamationis,
758 2589 794 2628 rei
807 2589 914 2640 scandali,
940 2591 976 2630 val

225 2649 298 2689 damni
311 2659 357 2688 non
370 2649 435 2688 aliter
454 2661 521 2700 quarn
540 2661 581 2700 per
593 2651 654 2692 subd
667 2656 782 2702 peccatum
805 2654 838 2706 (r.
852 2666 874 2706 g.
886 2656 975 2696 menda·

228 2714 296 2765 ctum)
312 2714 484 2763 effumendornm
498 2717 619 2764 periculum
630 2719 727 2768 timetur,
743 2720 778 2760 rel
791 2721 810 2760 si
825 2731 853 2760 ex
867 2721 976 2762 adiunctis

226 2779 334 2819 conticere
349 2779 409 2828 licet,
423 2790 536 2828 nunqnam
544 2781 600 2830 fore,
614 2784 639 2820 ut
652 2791 716 2822 omne
730 2783 822 2824 dubium
832 2785 894 2825 circa
902 2795 976 2826 neces·

225 2845 307 2884 seriem
320 2845 453 2892 poenitentis
464 2846 631 2896 dispectionem
644 2848 713 2899 absit,
727 2850 835 2900 simulque
845 2851 923 2894 durius
937 2852 973 2901 eit,
1054 2903 1055 2916 χ
