2130 3242
162 125 203 170 458
337 128 370 170 De
384 101 574 170 documentorum
586 129 783 170 administratione.

161 245 289 286 necnon
313 245 369 299 eos,
395 247 508 298 quorum
533 231 640 301 araxilio,
666 232 776 288 consilio
800 231 845 286 vel
870 230 968 288 favore

162 303 326 371 appellatum
343 301 432 356 buerit.

43 414 48 422 .
199 375 225 432 ὅ.
244 372 343 428 Omnes
361 371 560 441 interficientes,
587 372 748 441 mutilantes,
773 374 968 444 percutientes,

59 453 64 462 ’
162 444 307 514 capientes,
326 452 503 511 carcerantes,
523 443 680 513 detinentes,
708 445 752 500 vel
770 445 908 500 hostiliter
926 446 968 500 in·

162 524 305 584 sequentes
324 515 351 570 S.
369 516 402 570 R.
421 516 455 574 E.
470 513 635 584 Cardinales,
653 515 832 585 Patriarchas,
852 517 969 572 Archia-

161 587 295 656 pisoopos,
313 586 472 656 Episcopos,
492 585 621 654 sedisque
639 586 811 654 Apostolicae
837 587 970 659 Legatos,

162 659 206 712 vel
214 659 341 727 Nuntios,
361 665 407 712 aut
427 673 474 713 eos
493 673 510 711 a
527 658 583 712 suis
596 657 780 727 Dioecesibus,
801 658 969 730 Territoriis,

163 729 263 798 Terris,
282 728 470 785 seuDominiis
485 728 629 799 ejicientes,
649 745 771 782 necnon
791 744 824 784 ea
837 730 969 785 mandan-

161 806 212 870 tes,
231 800 275 854 vel
292 806 352 855 rata
370 800 509 868 habentes,
528 814 577 854 seu
598 807 768 868 praestantes
785 799 814 853 in
832 801 872 857 eis
891 803 970 856 auxi-

161 871 234 940 lium,
253 871 392 926 consilium
409 871 453 925 vel
470 869 600 927 favorem.

197 941 429 1010 6.-'Impcdientes
459 941 559 996 directe
586 941 630 996 vel
654 941 782 996 indirecte
809 943 969 998 exercitium

162 1011 352 1068 iurisdictionis
378 1013 574 1068 ecclesiasticae
593 1014 649 1068 sive
668 1013 765 1068 interni
783 1013 840 1068 sive
861 1015 968 1070 externi

82 1081 85 1090 ’
162 1083 223 1152 lori,
242 1090 269 1137 et
287 1083 321 1137 ad
339 1084 391 1139 hoc
409 1090 577 1138 recurrentes
588 1082 718 1138 adfurum
737 1085 875 1140 saeculare
896 1086 967 1141 eius-

163 1169 215 1222 que
242 1154 368 1209 mandata
394 1162 577 1224 procurantes,
603 1153 721 1225 edentes,
750 1162 797 1210 aut
824 1157 966 1227 auxilinm,

163 1225 301 1280 consilium
319 1226 363 1280 vel
380 1225 501 1281 favorem
518 1232 696 1294 praestantes.

199 1299 224 1354 7.
244 1295 377 1364 Cogentes
403 1299 459 1352 sive
490 1297 597 1366 directe,
626 1298 682 1352 sive
706 1297 836 1352 indirecte
859 1297 965 1353 iudices

162 1366 245 1422 laicos
264 1367 298 1422 ad
315 1368 475 1423 trahendum
493 1367 527 1422 ad
545 1383 622 1424 suum
635 1369 752 1422 tribuual
770 1383 904 1438 personas
923 1383 967 1423 ec·

163 1439 325 1495 clesiasticas
343 1447 452 1508 praeter
475 1439 615 1493 canonicas
640 1439 875 1510 dispositiones:¹)
901 1441 968 1496 item
1057 1451 1058 1466 ³

163 1509 274 1636 {dentes
292 1511 365 1580 leges
383 1511 427 1565 vel
445 1510 554 1565 decreta
568 1517 661 1565 contra
673 1511 825 1566 hbertatem
844 1517 892 1566 aut
905 1512 967 1567 iura

190 1583 310 1638 eclesiae.

199 1655 227 1709 8.
245 1653 423 1708 Recurrentes
442 1651 477 1706 ad
494 1651 590 1706 laicam
601 1658 764 1720 potestatem
773 1649 969 1722 adimpedien·

164 1723 212 1780 das
230 1725 334 1780 litteras
352 1724 396 1778 vel
424 1730 484 1777 acta
504 1722 638 1790 quaelibet
663 1739 680 1776 a
705 1722 775 1777 Sede
801 1722 969 1793 Apostolica,

163 1796 207 1850 vel
226 1796 259 1849 ab
279 1795 398 1850 eiusdem
415 1795 526 1864 Legatis
545 1801 591 1848 aut
603 1795 742 1862 Delegatis
757 1794 969 1862 quibuscumque

163 1865 292 1936 profecta,
307 1881 452 1933 eorumque
463 1865 703 1934 promulgationem
712 1865 757 1920 vel
768 1865 969 1921 exsecutionem

164 1937 264 1992 directe
282 1938 326 1992 vel
343 1938 472 1992 indirecte
490 1937 672 2006 prohibentes,
699 1943 746 1992 aut
773 1952 867 1991 eorum
886 1952 970 1992 causa

163 2008 221 2132 {ive
239 2008 312 2076 ipsas
330 2016 430 2078 partes,
450 2009 506 2063 sive
526 2007 593 2062 alios
604 2007 751 2078 laedentes,
770 2008 815 2062 rel
832 2015 968 2076 perterre·

175 2079 300 2133 acientes.

200 2152 226 2204 9.
245 2149 343 2204 Omnes
353 2147 475 2204 falsarios
490 2151 639 2206 litterarum
648 2149 872 2218 Apostolicarum,
888 2149 970 2204 etiam
1057 2145 1058 2158 ¹

163 2220 192 2274 in
209 2219 296 2275 forma
313 2221 408 2275 Brevis
429 2236 460 2274 ae
470 2223 693 2290 supphcationum
703 2222 818 2290 gratiam
831 2221 876 2276 vel
893 2219 970 2276 iusti-

163 2291 228 2346 tiam
247 2291 469 2363 concernentium,
496 2309 546 2363 per
570 2293 720 2348 Romanurn
738 2291 906 2362 Pontificem,
925 2291 970 2346 vel

164 2361 192 2418 S.
210 2363 243 2417 R.
258 2363 291 2420 E.
305 2363 563 2420 vice-cancellarios
579 2379 627 2420 seu
637 2363 767 2418 Gerentes
781 2364 854 2419 vices
864 2378 967 2432 eorum,

165 2440 211 2488 ant
229 2433 263 2489 de
280 2433 405 2488 mandato
426 2434 546 2490 eiusdem
564 2435 678 2490 Romani
691 2433 830 2489 Pontificis
850 2435 967 2502 signata·

163 2519 236 2559 rum:
261 2521 312 2560 nec
336 2521 389 2559 non
415 2503 483 2562 falso
510 2507 676 2577 publicantes
694 2505 812 2561 Litteras
830 2505 970 2574 Apostoli·

176 2668 200 2720 1)
213 2670 256 2710 Par
269 2669 337 2708 rerba
348 2671 433 2718 praetor
449 2668 564 2708 Cosmicos
579 2669 726 2720 dispositiones
741 2667 820 2708 allusio
835 2667 861 2708 nt
875 2667 904 2708 td
918 2677 969 2708 cou-

218 2734 309 2774 ccrdnta
322 2733 479 2782 gubernlorum
492 2745 543 2773 cum
558 2733 686 2783 apostolica
702 2729 764 2782 dede,
784 2742 841 2782 quac
855 2731 880 2772 lu
894 2733 969 2782 rigore

216 2800 366 2852 permaneant.
394 2797 524 2849 (Aventini.)
