<?xml version="1.0" encoding="UTF-8"?>
<!DOCTYPE html PUBLIC "-//W3C//DTD XHTML 1.0 Transitional//EN"
    "http://www.w3.org/TR/xhtml1/DTD/xhtml1-transitional.dtd">
<html xmlns="http://www.w3.org/1999/xhtml" xml:lang="en" lang="en">
 <head>
  <title>
</title>
<meta http-equiv="Content-Type" content="text/html;charset=utf-8" />
  <meta name='ocr-system' content='tesseract 3.04.00' />
  <meta name='ocr-capabilities' content='ocr_page ocr_carea ocr_par ocr_line ocrx_word'/>
</head>
<body>
  <div class='ocr_page' id='page_1' title='image "./manualesacerdot00schngoog_0549.png"; bbox 0 0 2152 3234; ppageno 0'>
   <div class='ocr_carea' id='block_1_1' title="bbox 293 183 919 226">
    <p class='ocr_par' dir='ltr' id='par_1_1' title="bbox 293 183 919 226">
     <span class='ocr_line' id='line_1_1' title="bbox 293 183 919 226; baseline 0.003 -2"><span class='ocrx_word' id='word_1_1' title='bbox 293 183 326 224; x_wconf 78' lang='lat' dir='ltr'>De</span> <span class='ocrx_word' id='word_1_2' title='bbox 340 183 483 224; x_wconf 70' lang='lat' dir='ltr'>sacramento</span> <span class='ocrx_word' id='word_1_3' title='bbox 498 185 609 224; x_wconf 70' lang='lat' dir='ltr'>extrem</span> <span class='ocrx_word' id='word_1_4' title='bbox 623 183 745 226; x_wconf 78' lang='lat' dir='ltr'>Unottnntn.</span> <span class='ocrx_word' id='word_1_5' title='bbox 878 183 919 226; x_wconf 77' lang='lat' dir='ltr'>tls</span> 
     </span>
    </p>
   </div>
   <div class='ocr_carea' id='block_1_2' title="bbox 110 284 918 570">
    <p class='ocr_par' dir='ltr' id='par_1_2' title="bbox 110 284 918 570">
     <span class='ocr_line' id='line_1_2' title="bbox 112 284 918 356; baseline -0.001 -14"><span class='ocrx_word' id='word_1_6' title='bbox 112 292 146 342; x_wconf 89' lang='lat' dir='ltr'>nt</span> <span class='ocrx_word' id='word_1_7' title='bbox 164 284 222 342; x_wconf 88' lang='lat' dir='ltr'>eins</span> <span class='ocrx_word' id='word_1_8' title='bbox 241 286 330 341; x_wconf 89' lang='lat' dir='ltr'>anima</span> <span class='ocrx_word' id='word_1_9' title='bbox 346 286 375 340; x_wconf 92' lang='lat' dir='ltr'>in</span> <span class='ocrx_word' id='word_1_10' title='bbox 393 287 462 341; x_wconf 91' lang='lat' dir='ltr'>hora</span> <span class='ocrx_word' id='word_1_11' title='bbox 480 287 568 342; x_wconf 67' lang='lat' dir='ltr'>exitus</span> <span class='ocrx_word' id='word_1_12' title='bbox 591 287 633 342; x_wconf 92' lang='lat' dir='ltr'>sui</span> <span class='ocrx_word' id='word_1_13' title='bbox 649 293 677 340; x_wconf 86' lang='lat' dir='ltr'>te</span> <span class='ocrx_word' id='word_1_14' title='bbox 695 287 810 341; x_wconf 88' lang='lat' dir='ltr'>iudicem</span> <span class='ocrx_word' id='word_1_15' title='bbox 827 288 918 356; x_wconf 91' lang='lat' dir='ltr'>propi·</span> 
     </span>
     <span class='ocr_line' id='line_1_3' title="bbox 110 356 913 426; baseline 0.001 -14"><span class='ocrx_word' id='word_1_16' title='bbox 110 358 210 412; x_wconf 88' lang='lat' dir='ltr'>tiatum</span> <span class='ocrx_word' id='word_1_17' title='bbox 226 358 354 424; x_wconf 85' lang='lat' dir='ltr'>inveniat,</span> <span class='ocrx_word' id='word_1_18' title='bbox 373 365 401 412; x_wconf 92' lang='lat' dir='ltr'>et</span> <span class='ocrx_word' id='word_1_19' title='bbox 417 358 446 411; x_wconf 88' lang='lat' dir='ltr'>in</span> <span class='ocrx_word' id='word_1_20' title='bbox 463 357 597 426; x_wconf 76' lang='lat' dir='ltr'><strong>Sanguine</strong></span> <span class='ocrx_word' id='word_1_21' title='bbox 617 356 736 412; x_wconf 88' lang='lat' dir='ltr'>eiusdem</span> <span class='ocrx_word' id='word_1_22' title='bbox 748 358 811 412; x_wconf 85' lang='lat' dir='ltr'>Filii</span> <span class='ocrx_word' id='word_1_23' title='bbox 829 359 869 412; x_wconf 91' lang='lat' dir='ltr'>tui</span> <span class='ocrx_word' id='word_1_24' title='bbox 879 359 913 413; x_wconf 87' lang='lat' dir='ltr'>ab</span> 
     </span>
     <span class='ocr_line' id='line_1_4' title="bbox 112 427 916 497; baseline 0 -13"><span class='ocrx_word' id='word_1_25' title='bbox 112 429 187 484; x_wconf 89' lang='lat' dir='ltr'>omni</span> <span class='ocrx_word' id='word_1_26' title='bbox 204 429 309 483; x_wconf 87' lang='lat' dir='ltr'>macula</span> <span class='ocrx_word' id='word_1_27' title='bbox 327 429 419 483; x_wconf 89' lang='lat' dir='ltr'>abluta</span> <span class='ocrx_word' id='word_1_28' title='bbox 435 430 550 484; x_wconf 86' lang='lat' dir='ltr'>transire</span> <span class='ocrx_word' id='word_1_29' title='bbox 569 427 696 483; x_wconf 85' lang='lat' dir='ltr'>advitam</span> <span class='ocrx_word' id='word_1_30' title='bbox 709 435 916 497; x_wconf 84' lang='lat' dir='ltr'>mereaturpsr·</span> 
     </span>
     <span class='ocr_line' id='line_1_5' title="bbox 114 500 845 570; baseline 0 -16"><span class='ocrx_word' id='word_1_31' title='bbox 114 507 236 570; x_wconf 84' lang='lat' dir='ltr'>petuam.</span> <span class='ocrx_word' id='word_1_32' title='bbox 272 500 326 554; x_wconf 90' lang='lat' dir='ltr'>Per</span> <span class='ocrx_word' id='word_1_33' title='bbox 345 500 458 554; x_wconf 89' lang='lat' dir='ltr'>eundem</span> <span class='ocrx_word' id='word_1_34' title='bbox 477 500 612 556; x_wconf 81' lang='lat' dir='ltr'>Christum</span> <span class='ocrx_word' id='word_1_35' title='bbox 631 507 683 557; x_wconf 76' lang='lat' dir='ltr'>eta</span> <span class='ocrx_word' id='word_1_36' title='bbox 698 500 734 554; x_wconf 83' lang='lat' dir='ltr'>R.</span> <span class='ocrx_word' id='word_1_37' title='bbox 751 500 845 554; x_wconf 83' lang='lat' dir='ltr'>Amen.</span> 
     </span>
    </p>
   </div>
   <div class='ocr_carea' id='block_1_3' title="bbox 75 587 919 728">
    <p class='ocr_par' dir='ltr' id='par_1_3' title="bbox 75 587 919 728">
     <span class='ocr_line' id='line_1_6' title="bbox 75 587 919 643; baseline -0.004 0"><span class='ocrx_word' id='word_1_38' title='bbox 75 613 79 620; x_wconf 95' lang='lat'>·</span> <span class='ocrx_word' id='word_1_39' title='bbox 153 591 179 643; x_wconf 87' lang='grc'>6.</span> <span class='ocrx_word' id='word_1_40' title='bbox 201 588 271 642; x_wconf 86' lang='lat' dir='ltr'>Tam</span> <span class='ocrx_word' id='word_1_41' title='bbox 284 588 356 642; x_wconf 81' lang='lat' dir='ltr'>dieto</span> <span class='ocrx_word' id='word_1_42' title='bbox 366 587 400 641; x_wconf 84' lang='lat' dir='ltr'>ab</span> <span class='ocrx_word' id='word_1_43' title='bbox 417 603 473 641; x_wconf 83' lang='lat' dir='ltr'>aaa</span> <span class='ocrx_word' id='word_1_44' title='bbox 486 603 520 643; x_wconf 84' lang='lat' dir='ltr'>ecc</span> <span class='ocrx_word' id='word_1_45' title='bbox 533 589 636 642; x_wconf 58' lang='lat' dir='ltr'>clerica</span> <span class='ocrx_word' id='word_1_46' title='bbox 648 587 833 642; x_wconf 73' lang='lat' dir='ltr'>adstaattiras:</span> <span class='ocrx_word' id='word_1_47' title='bbox 851 587 919 642; x_wconf 80' lang='lat' dir='ltr'>Gon·</span> 
     </span>
     <span class='ocr_line' id='line_1_7' title="bbox 111 657 762 728; baseline -0.002 -13"><span class='ocrx_word' id='word_1_48' title='bbox 111 657 202 728; x_wconf 84' lang='lat' dir='ltr'>fiteor,</span> <span class='ocrx_word' id='word_1_49' title='bbox 221 665 268 713; x_wconf 88' lang='lat' dir='ltr'>etc.</span> <span class='ocrx_word' id='word_1_50' title='bbox 287 659 413 713; x_wconf 85' lang='lat' dir='ltr'>sacerdos</span> <span class='ocrx_word' id='word_1_51' title='bbox 430 659 518 714; x_wconf 83' lang='lat' dir='ltr'>dieat:</span> <span class='ocrx_word' id='word_1_52' title='bbox 535 659 698 714; x_wconf 86' lang='lat' dir='ltr'>Misereatur</span> <span class='ocrx_word' id='word_1_53' title='bbox 716 663 762 714; x_wconf 85' lang='lat' dir='ltr'>etc.</span> 
     </span>
    </p>
   </div>
   <div class='ocr_carea' id='block_1_4' title="bbox 111 747 919 1528">
    <p class='ocr_par' dir='ltr' id='par_1_4' title="bbox 150 747 274 802">
     <span class='ocr_line' id='line_1_8' title="bbox 150 747 274 802; baseline -0.016 0"><span class='ocrx_word' id='word_1_54' title='bbox 150 747 274 802; x_wconf 77' lang='lat' dir='ltr'>Deinde:</span> 
     </span>
    </p>

    <p class='ocr_par' dir='ltr' id='par_1_5' title="bbox 111 815 919 1456">
     <span class='ocr_line' id='line_1_9' title="bbox 150 815 918 888; baseline -0.005 -14"><span class='ocrx_word' id='word_1_55' title='bbox 150 819 283 874; x_wconf 77' lang='lat' dir='ltr'>Dominus</span> <span class='ocrx_word' id='word_1_56' title='bbox 301 825 393 874; x_wconf 88' lang='lat' dir='ltr'>noster</span> <span class='ocrx_word' id='word_1_57' title='bbox 410 819 491 874; x_wconf 85' lang='lat' dir='ltr'>Jesus</span> <span class='ocrx_word' id='word_1_58' title='bbox 511 819 640 888; x_wconf 86' lang='lat' dir='ltr'>Christus,</span> <span class='ocrx_word' id='word_1_59' title='bbox 668 817 754 874; x_wconf 83' lang='lat' dir='ltr'>Filius</span> <span class='ocrx_word' id='word_1_60' title='bbox 779 817 832 872; x_wconf 92' lang='lat' dir='ltr'>Dei</span> <span class='ocrx_word' id='word_1_61' title='bbox 855 815 918 887; x_wconf 85' lang='lat' dir='ltr'>vivi,</span> 
     </span>
     <span class='ocr_line' id='line_1_10' title="bbox 113 887 917 960; baseline -0.002 -14"><span class='ocrx_word' id='word_1_62' title='bbox 113 891 161 960; x_wconf 89' lang='lat' dir='ltr'>qui</span> <span class='ocrx_word' id='word_1_63' title='bbox 179 890 259 944; x_wconf 88' lang='lat' dir='ltr'>beato</span> <span class='ocrx_word' id='word_1_64' title='bbox 277 889 368 959; x_wconf 89' lang='lat' dir='ltr'>Petro,</span> <span class='ocrx_word' id='word_1_65' title='bbox 387 890 519 958; x_wconf 83' lang='lat' dir='ltr'>Apostolo</span> <span class='ocrx_word' id='word_1_66' title='bbox 539 907 595 960; x_wconf 87' lang='lat' dir='ltr'>suo,</span> <span class='ocrx_word' id='word_1_67' title='bbox 616 889 689 944; x_wconf 82' lang='lat' dir='ltr'>dedit</span> <span class='ocrx_word' id='word_1_68' title='bbox 706 895 869 958; x_wconf 85' lang='lat' dir='ltr'>potestatem</span> <span class='ocrx_word' id='word_1_69' title='bbox 886 887 917 944; x_wconf 92' lang='lat' dir='ltr'>li·</span> 
     </span>
     <span class='ocr_line' id='line_1_11' title="bbox 114 959 918 1032; baseline -0.002 -16"><span class='ocrx_word' id='word_1_70' title='bbox 114 961 199 1032; x_wconf 84' lang='lat' dir='ltr'>gandi</span> <span class='ocrx_word' id='word_1_71' title='bbox 214 966 294 1028; x_wconf 88' lang='lat' dir='ltr'>atque</span> <span class='ocrx_word' id='word_1_72' title='bbox 309 959 438 1030; x_wconf 89' lang='lat' dir='ltr'>solvendi,</span> <span class='ocrx_word' id='word_1_73' title='bbox 456 977 506 1030; x_wconf 92' lang='lat' dir='ltr'>per</span> <span class='ocrx_word' id='word_1_74' title='bbox 520 977 596 1016; x_wconf 89' lang='lat' dir='ltr'>suam</span> <span class='ocrx_word' id='word_1_75' title='bbox 609 961 756 1029; x_wconf 79' lang='lat' dir='ltr'>piissimam</span> <span class='ocrx_word' id='word_1_76' title='bbox 769 961 918 1017; x_wconf 91' lang='lat' dir='ltr'>misericor-</span> 
     </span>
     <span class='ocr_line' id='line_1_12' title="bbox 115 1031 919 1102; baseline -0.004 -14"><span class='ocrx_word' id='word_1_77' title='bbox 115 1033 189 1088; x_wconf 88' lang='lat' dir='ltr'>diam</span> <span class='ocrx_word' id='word_1_78' title='bbox 216 1032 329 1100; x_wconf 87' lang='lat' dir='ltr'>recipiat</span> <span class='ocrx_word' id='word_1_79' title='bbox 347 1033 541 1088; x_wconf 84' lang='lat' dir='ltr'>confessionem</span> <span class='ocrx_word' id='word_1_80' title='bbox 566 1040 647 1102; x_wconf 84' lang='lat' dir='ltr'>tuam,</span> <span class='ocrx_word' id='word_1_81' title='bbox 673 1040 700 1088; x_wconf 91' lang='lat' dir='ltr'>et</span> <span class='ocrx_word' id='word_1_82' title='bbox 724 1033 849 1088; x_wconf 85' lang='lat' dir='ltr'>restituat</span> <span class='ocrx_word' id='word_1_83' title='bbox 869 1031 919 1087; x_wconf 87' lang='lat' dir='ltr'>tibi</span> 
     </span>
     <span class='ocr_line' id='line_1_13' title="bbox 113 1103 919 1174; baseline -0.004 -14"><span class='ocrx_word' id='word_1_84' title='bbox 113 1103 213 1160; x_wconf 90' lang='lat' dir='ltr'>stolam</span> <span class='ocrx_word' id='word_1_85' title='bbox 230 1104 353 1173; x_wconf 87' lang='lat' dir='ltr'>primam,</span> <span class='ocrx_word' id='word_1_86' title='bbox 372 1119 452 1172; x_wconf 89' lang='lat' dir='ltr'>quam</span> <span class='ocrx_word' id='word_1_87' title='bbox 479 1105 507 1157; x_wconf 94' lang='lat' dir='ltr'>in</span> <span class='ocrx_word' id='word_1_88' title='bbox 526 1103 691 1172; x_wconf 89' lang='lat' dir='ltr'>Baptismate</span> <span class='ocrx_word' id='word_1_89' title='bbox 719 1105 860 1174; x_wconf 82' lang='lat' dir='ltr'>recepisti3</span> <span class='ocrx_word' id='word_1_90' title='bbox 891 1109 919 1158; x_wconf 87' lang='lat' dir='ltr'>ct</span> 
     </span>
     <span class='ocr_line' id='line_1_14' title="bbox 113 1173 917 1246; baseline -0.002 -16"><span class='ocrx_word' id='word_1_91' title='bbox 113 1191 166 1244; x_wconf 89' lang='lat' dir='ltr'>ego</span> <span class='ocrx_word' id='word_1_92' title='bbox 185 1173 311 1229; x_wconf 76' lang='lat' dir='ltr'><strong>facultate</strong></span> <span class='ocrx_word' id='word_1_93' title='bbox 326 1175 390 1229; x_wconf 89' lang='lat' dir='ltr'>mihi</span> <span class='ocrx_word' id='word_1_94' title='bbox 405 1176 438 1229; x_wconf 87' lang='lat' dir='ltr'>ab</span> <span class='ocrx_word' id='word_1_95' title='bbox 452 1175 610 1243; x_wconf 90' lang='lat' dir='ltr'>Apostolica</span> <span class='ocrx_word' id='word_1_96' title='bbox 623 1175 692 1230; x_wconf 83' lang='lat' dir='ltr'>Sede</span> <span class='ocrx_word' id='word_1_97' title='bbox 704 1176 812 1246; x_wconf 89' lang='lat' dir='ltr'>tributa,</span> <span class='ocrx_word' id='word_1_98' title='bbox 831 1173 917 1230; x_wconf 89' lang='lat' dir='ltr'>indul·</span> 
     </span>
     <span class='ocr_line' id='line_1_15' title="bbox 111 1246 916 1316; baseline -0.002 -14"><span class='ocrx_word' id='word_1_99' title='bbox 111 1247 232 1316; x_wconf 82' lang='lat' dir='ltr'>gentiam</span> <span class='ocrx_word' id='word_1_100' title='bbox 249 1246 405 1316; x_wconf 80' lang='lat' dir='ltr'>plenariam,</span> <span class='ocrx_word' id='word_1_101' title='bbox 425 1253 452 1301; x_wconf 92' lang='lat' dir='ltr'>et</span> <span class='ocrx_word' id='word_1_102' title='bbox 469 1247 653 1300; x_wconf 84' lang='lat' dir='ltr'>remissionem</span> <span class='ocrx_word' id='word_1_103' title='bbox 678 1247 795 1301; x_wconf 90' lang='lat' dir='ltr'>omnium</span> <span class='ocrx_word' id='word_1_104' title='bbox 822 1261 916 1315; x_wconf 89' lang='lat' dir='ltr'>pecca·</span> 
     </span>
     <span class='ocr_line' id='line_1_16' title="bbox 113 1316 916 1390; baseline -0.002 -17"><span class='ocrx_word' id='word_1_105' title='bbox 113 1321 204 1373; x_wconf 83' lang='lat' dir='ltr'>tornai</span> <span class='ocrx_word' id='word_1_106' title='bbox 222 1317 271 1372; x_wconf 89' lang='lat' dir='ltr'>tibi</span> <span class='ocrx_word' id='word_1_107' title='bbox 290 1316 416 1376; x_wconf 84' lang='lat' dir='ltr'>concedo.</span> <span class='ocrx_word' id='word_1_108' title='bbox 451 1317 483 1372; x_wconf 93' lang='lat' dir='ltr'>In</span> <span class='ocrx_word' id='word_1_109' title='bbox 501 1318 608 1371; x_wconf 88' lang='lat' dir='ltr'>nomine</span> <span class='ocrx_word' id='word_1_110' title='bbox 632 1317 720 1372; x_wconf 90' lang='lat' dir='ltr'>Patris</span> <span class='ocrx_word' id='word_1_111' title='bbox 746 1321 772 1388; x_wconf 91' lang='lat'>†,</span> <span class='ocrx_word' id='word_1_112' title='bbox 800 1325 827 1373; x_wconf 92' lang='lat' dir='ltr'>et</span> <span class='ocrx_word' id='word_1_113' title='bbox 844 1317 916 1390; x_wconf 87' lang='lat' dir='ltr'>Filii,</span> 
     </span>
     <span class='ocr_line' id='line_1_17' title="bbox 114 1387 520 1456; baseline -0.005 -12"><span class='ocrx_word' id='word_1_114' title='bbox 114 1395 144 1444; x_wconf 90' lang='lat' dir='ltr'>et</span> <span class='ocrx_word' id='word_1_115' title='bbox 162 1387 277 1456; x_wconf 82' lang='lat' dir='ltr'>Spiritus</span> <span class='ocrx_word' id='word_1_116' title='bbox 297 1389 390 1444; x_wconf 88' lang='lat' dir='ltr'>sancti.</span> <span class='ocrx_word' id='word_1_117' title='bbox 426 1387 520 1442; x_wconf 84' lang='lat' dir='ltr'>Amen.</span> 
     </span>
    </p>

    <p class='ocr_par' dir='ltr' id='par_1_6' title="bbox 152 1459 919 1528">
     <span class='ocr_line' id='line_1_18' title="bbox 152 1459 919 1528; baseline -0.001 -15"><span class='ocrx_word' id='word_1_118' title='bbox 152 1459 206 1514; x_wconf 88' lang='lat' dir='ltr'>Per</span> <span class='ocrx_word' id='word_1_119' title='bbox 230 1465 401 1514; x_wconf 88' lang='lat' dir='ltr'>sacrosancta</span> <span class='ocrx_word' id='word_1_120' title='bbox 429 1459 561 1514; x_wconf 90' lang='lat' dir='ltr'>humanae</span> <span class='ocrx_word' id='word_1_121' title='bbox 585 1459 763 1526; x_wconf 76' lang='lat' dir='ltr'>reparationis</span> <span class='ocrx_word' id='word_1_122' title='bbox 791 1459 919 1528; x_wconf 86' lang='lat' dir='ltr'>mysteria</span> 
     </span>
    </p>
   </div>
   <div class='ocr_carea' id='block_1_5' title="bbox 115 1530 1016 1600">
    <p class='ocr_par' dir='ltr' id='par_1_7' title="bbox 115 1530 1016 1600">
     <span class='ocr_line' id='line_1_19' title="bbox 115 1530 1016 1600; baseline -0.003 -14"><span class='ocrx_word' id='word_1_123' title='bbox 115 1531 235 1586; x_wconf 88' lang='lat' dir='ltr'>remittat</span> <span class='ocrx_word' id='word_1_124' title='bbox 252 1531 301 1585; x_wconf 88' lang='lat' dir='ltr'>tibi</span> <span class='ocrx_word' id='word_1_125' title='bbox 325 1532 492 1600; x_wconf 88' lang='lat' dir='ltr'>omnipotens</span> <span class='ocrx_word' id='word_1_126' title='bbox 510 1530 585 1586; x_wconf 91' lang='lat' dir='ltr'>Deus</span> <span class='ocrx_word' id='word_1_127' title='bbox 604 1545 695 1584; x_wconf 89' lang='lat' dir='ltr'>omnes</span> <span class='ocrx_word' id='word_1_128' title='bbox 713 1530 872 1598; x_wconf 88' lang='lat' dir='ltr'>praesentis,</span> <span class='ocrx_word' id='word_1_129' title='bbox 891 1535 919 1584; x_wconf 93' lang='lat' dir='ltr'>et</span> <span class='ocrx_word' id='word_1_130' title='bbox 1014 1547 1016 1551; x_wconf 92' lang='lat'>·</span> 
     </span>
    </p>
   </div>
   <div class='ocr_carea' id='block_1_6' title="bbox 112 1599 918 2166">
    <p class='ocr_par' dir='ltr' id='par_1_8' title="bbox 115 1599 918 1743">
     <span class='ocr_line' id='line_1_20' title="bbox 116 1599 918 1670; baseline -0.001 -16"><span class='ocrx_word' id='word_1_131' title='bbox 116 1599 222 1656; x_wconf 82' lang='lat' dir='ltr'>futurae</span> <span class='ocrx_word' id='word_1_132' title='bbox 240 1601 311 1657; x_wconf 86' lang='lat' dir='ltr'>vitae</span> <span class='ocrx_word' id='word_1_133' title='bbox 330 1601 577 1670; x_wconf 88' lang='lat' dir='ltr'>poenas‚paradisi</span> <span class='ocrx_word' id='word_1_134' title='bbox 595 1608 687 1668; x_wconf 88' lang='lat' dir='ltr'>portas</span> <span class='ocrx_word' id='word_1_135' title='bbox 707 1601 818 1670; x_wconf 65' lang='lat' dir='ltr'>aperiat,</span> <span class='ocrx_word' id='word_1_136' title='bbox 838 1599 918 1654; x_wconf 86' lang='lat' dir='ltr'>etad</span> 
     </span>
     <span class='ocr_line' id='line_1_21' title="bbox 115 1671 680 1743; baseline 0 -17"><span class='ocrx_word' id='word_1_137' title='bbox 115 1671 214 1742; x_wconf 85' lang='lat' dir='ltr'>gandia</span> <span class='ocrx_word' id='word_1_138' title='bbox 232 1673 394 1743; x_wconf 88' lang='lat' dir='ltr'>sempiterna</span> <span class='ocrx_word' id='word_1_139' title='bbox 412 1671 550 1740; x_wconf 90' lang='lat' dir='ltr'>perducat.</span> <span class='ocrx_word' id='word_1_140' title='bbox 586 1673 680 1726; x_wconf 90' lang='lat' dir='ltr'>Amen.</span> 
     </span>
    </p>

    <p class='ocr_par' dir='ltr' id='par_1_9' title="bbox 115 1731 916 1883">
     <span class='ocr_line' id='line_1_22' title="bbox 151 1731 916 1814; baseline 0 -18"><span class='ocrx_word' id='word_1_141' title='bbox 151 1743 298 1798; x_wconf 86' lang='lat' dir='ltr'>Benedicat</span> <span class='ocrx_word' id='word_1_142' title='bbox 315 1751 342 1798; x_wconf 88' lang='lat' dir='ltr'>te</span> <span class='ocrx_word' id='word_1_143' title='bbox 362 1743 621 1814; x_wconf 85' lang='lat' dir='ltr'>omnipotensDeus‚</span> <span class='ocrx_word' id='word_1_144' title='bbox 640 1743 722 1798; x_wconf 90' lang='lat' dir='ltr'>Pater</span> <span class='ocrx_word' id='word_1_145' title='bbox 735 1746 762 1812; x_wconf 86' lang='lat'>†‚</span> <span class='ocrx_word' id='word_1_146' title='bbox 781 1747 809 1796; x_wconf 91' lang='lat' dir='ltr'>et</span> <span class='ocrx_word' id='word_1_147' title='bbox 822 1731 916 1812; x_wconf 86' lang='lat' dir='ltr'>Filius,</span> 
     </span>
     <span class='ocr_line' id='line_1_23' title="bbox 115 1813 544 1883; baseline 0 -13"><span class='ocrx_word' id='word_1_148' title='bbox 115 1813 277 1883; x_wconf 79' lang='lat' dir='ltr'>etSpiritus</span> <span class='ocrx_word' id='word_1_149' title='bbox 297 1822 412 1870; x_wconf 87' lang='lat' dir='ltr'>sanatus.</span> <span class='ocrx_word' id='word_1_150' title='bbox 449 1817 544 1870; x_wconf 89' lang='lat' dir='ltr'>Amen.</span> 
     </span>
    </p>

    <p class='ocr_par' dir='ltr' id='par_1_10' title="bbox 112 1885 917 2166">
     <span class='ocr_line' id='line_1_24' title="bbox 151 1885 917 1954; baseline -0.003 -14"><span class='ocrx_word' id='word_1_151' title='bbox 151 1889 177 1941; x_wconf 84' lang='lat'>7.</span> <span class='ocrx_word' id='word_1_152' title='bbox 196 1886 229 1941; x_wconf 72' lang='lat' dir='ltr'>aa·</span> <span class='ocrx_word' id='word_1_153' title='bbox 244 1901 307 1940; x_wconf 87' lang='lat' dir='ltr'>aero</span> <span class='ocrx_word' id='word_1_154' title='bbox 325 1887 450 1952; x_wconf 70' lang='lat' dir='ltr'>infirmas</span> <span class='ocrx_word' id='word_1_155' title='bbox 473 1887 509 1940; x_wconf 84' lang='lat' dir='ltr'>sc&#39;t</span> <span class='ocrx_word' id='word_1_156' title='bbox 534 1885 602 1939; x_wconf 81' lang='lat' dir='ltr'>adeo</span> <span class='ocrx_word' id='word_1_157' title='bbox 620 1885 703 1939; x_wconf 79' lang='lat' dir='ltr'>morti</span> <span class='ocrx_word' id='word_1_158' title='bbox 714 1885 867 1954; x_wconf 76' lang='lat' dir='ltr'>proximas,</span> <span class='ocrx_word' id='word_1_159' title='bbox 885 1887 917 1938; x_wconf 85' lang='lat' dir='ltr'>at</span> 
     </span>
     <span class='ocr_line' id='line_1_25' title="bbox 112 1956 916 2028; baseline -0.002 -16"><span class='ocrx_word' id='word_1_160' title='bbox 112 1973 200 2026; x_wconf 78' lang='lat' dir='ltr'>aeque</span> <span class='ocrx_word' id='word_1_161' title='bbox 217 1959 392 2026; x_wconf 73' lang='lat' dir='ltr'>confessiones</span> <span class='ocrx_word' id='word_1_162' title='bbox 407 1957 541 2028; x_wconf 76' lang='lat' dir='ltr'>poneretis</span> <span class='ocrx_word' id='word_1_163' title='bbox 556 1956 708 2026; x_wconf 78' lang='lat' dir='ltr'>faciendae,</span> <span class='ocrx_word' id='word_1_164' title='bbox 735 1972 821 2024; x_wconf 68' lang='lat' dir='ltr'>aecae</span> <span class='ocrx_word' id='word_1_165' title='bbox 835 1970 916 2024; x_wconf 78' lang='lat' dir='ltr'>prae-</span> 
     </span>
     <span class='ocr_line' id='line_1_26' title="bbox 113 2028 916 2098; baseline -0.004 -15"><span class='ocrx_word' id='word_1_166' title='bbox 113 2031 259 2084; x_wconf 76' lang='lat' dir='ltr'>missarum</span> <span class='ocrx_word' id='word_1_167' title='bbox 284 2045 396 2098; x_wconf 80' lang='lat' dir='ltr'>precam</span> <span class='ocrx_word' id='word_1_168' title='bbox 427 2028 631 2083; x_wconf 78' lang='lat' dir='ltr'>recitandarum</span> <span class='ocrx_word' id='word_1_169' title='bbox 656 2033 759 2096; x_wconf 84' lang='lat' dir='ltr'>tempas</span> <span class='ocrx_word' id='word_1_170' title='bbox 783 2029 916 2096; x_wconf 78' lang='lat' dir='ltr'>suppetat,</span> 
     </span>
     <span class='ocr_line' id='line_1_27' title="bbox 113 2099 813 2166; baseline -0.003 -12"><span class='ocrx_word' id='word_1_171' title='bbox 113 2101 207 2154; x_wconf 80' lang='lat' dir='ltr'>statim</span> <span class='ocrx_word' id='word_1_172' title='bbox 224 2099 350 2154; x_wconf 83' lang='lat' dir='ltr'>sacerdos</span> <span class='ocrx_word' id='word_1_173' title='bbox 367 2100 574 2154; x_wconf 74' lang='lat' dir='ltr'>benedictionem</span> <span class='ocrx_word' id='word_1_174' title='bbox 593 2100 619 2152; x_wconf 85' lang='lat' dir='ltr'>ec‘</span> <span class='ocrx_word' id='word_1_175' title='bbox 632 2099 813 2166; x_wconf 13' lang='lat' dir='ltr'>temperantur.</span> 
     </span>
    </p>
   </div>
   <div class='ocr_carea' id='block_1_7' title="bbox 77 2185 986 2916">
    <p class='ocr_par' dir='ltr' id='par_1_11' title="bbox 111 2185 918 2612">
     <span class='ocr_line' id='line_1_28' title="bbox 152 2185 918 2256; baseline -0.003 -14"><span class='ocrx_word' id='word_1_176' title='bbox 152 2189 298 2244; x_wconf 83' lang='lat' dir='ltr'>Notanda:</span> <span class='ocrx_word' id='word_1_177' title='bbox 320 2193 344 2242; x_wconf 88' lang='lat'>1.</span> <span class='ocrx_word' id='word_1_178' title='bbox 363 2189 495 2244; x_wconf 87' lang='lat' dir='ltr'>Recitatio</span> <span class='ocrx_word' id='word_1_179' title='bbox 509 2187 692 2256; x_wconf 84' lang='lat' dir='ltr'>confessionis,</span> <span class='ocrx_word' id='word_1_180' title='bbox 711 2187 729 2242; x_wconf 88' lang='lat' dir='ltr'>i.</span> <span class='ocrx_word' id='word_1_181' title='bbox 740 2201 763 2242; x_wconf 85' lang='lat' dir='ltr'>e.</span> <span class='ocrx_word' id='word_1_182' title='bbox 784 2185 918 2253; x_wconf 69' lang='lat' dir='ltr'>Confiteor</span> 
     </span>
     <span class='ocr_line' id='line_1_29' title="bbox 111 2257 915 2328; baseline -0.002 -15"><span class='ocrx_word' id='word_1_183' title='bbox 111 2259 142 2313; x_wconf 93' lang='lat' dir='ltr'>in</span> <span class='ocrx_word' id='word_1_184' title='bbox 160 2259 332 2314; x_wconf 83' lang='lat' dir='ltr'>Sacramenta</span> <span class='ocrx_word' id='word_1_185' title='bbox 350 2259 535 2315; x_wconf 85' lang='lat' dir='ltr'>Paenitentiae</span> <span class='ocrx_word' id='word_1_186' title='bbox 553 2261 654 2328; x_wconf 88' lang='lat' dir='ltr'>habita,</span> <span class='ocrx_word' id='word_1_187' title='bbox 674 2275 728 2313; x_wconf 93' lang='lat' dir='ltr'>non</span> <span class='ocrx_word' id='word_1_188' title='bbox 747 2257 842 2314; x_wconf 87' lang='lat' dir='ltr'>sufficit</span> <span class='ocrx_word' id='word_1_189' title='bbox 865 2273 915 2325; x_wconf 92' lang='lat' dir='ltr'>pro</span> 
     </span>
     <span class='ocr_line' id='line_1_30' title="bbox 111 2327 917 2399; baseline -0.002 -13"><span class='ocrx_word' id='word_1_190' title='bbox 111 2329 270 2386; x_wconf 86' lang='lat' dir='ltr'>recitatione</span> <span class='ocrx_word' id='word_1_191' title='bbox 293 2331 364 2386; x_wconf 88' lang='lat' dir='ltr'>illius</span> <span class='ocrx_word' id='word_1_192' title='bbox 389 2332 580 2399; x_wconf 86' lang='lat' dir='ltr'>praescriptae,</span> <span class='ocrx_word' id='word_1_193' title='bbox 609 2329 714 2398; x_wconf 90' lang='lat' dir='ltr'>quando</span> <span class='ocrx_word' id='word_1_194' title='bbox 740 2327 917 2397; x_wconf 83' lang='lat' dir='ltr'>impertienda</span> 
     </span>
     <span class='ocr_line' id='line_1_31' title="bbox 113 2399 915 2470; baseline -0.005 -13"><span class='ocrx_word' id='word_1_195' title='bbox 113 2409 156 2458; x_wconf 91' lang='lat' dir='ltr'>est</span> <span class='ocrx_word' id='word_1_196' title='bbox 173 2401 324 2456; x_wconf 83' lang='lat' dir='ltr'>benedictio</span> <span class='ocrx_word' id='word_1_197' title='bbox 350 2418 411 2456; x_wconf 93' lang='lat' dir='ltr'>cum</span> <span class='ocrx_word' id='word_1_198' title='bbox 434 2401 650 2470; x_wconf 82' lang='lat' dir='ltr'>indulgentiam</span> <span class='ocrx_word' id='word_1_199' title='bbox 676 2401 788 2456; x_wconf 79' lang='lat' dir='ltr'>articrdo</span> <span class='ocrx_word' id='word_1_200' title='bbox 814 2399 915 2467; x_wconf 86' lang='lat' dir='ltr'>mortis,</span> 
     </span>
     <span class='ocr_line' id='line_1_32' title="bbox 112 2473 912 2542; baseline -0.003 -14"><span class='ocrx_word' id='word_1_201' title='bbox 112 2474 193 2528; x_wconf 77' lang='lat' dir='ltr'>irrata</span> <span class='ocrx_word' id='word_1_202' title='bbox 212 2474 326 2541; x_wconf 81' lang='lat' dir='ltr'>praaa&#39;m</span> <span class='ocrx_word' id='word_1_203' title='bbox 353 2479 378 2527; x_wconf 83' lang='lat' dir='ltr'>at</span> <span class='ocrx_word' id='word_1_204' title='bbox 399 2473 537 2541; x_wconf 78' lang='lat' dir='ltr'>rubricas,</span> <span class='ocrx_word' id='word_1_205' title='bbox 562 2475 618 2528; x_wconf 79' lang='lat' dir='ltr'>cisi</span> <span class='ocrx_word' id='word_1_206' title='bbox 641 2473 789 2528; x_wconf 81' lang='lat' dir='ltr'>arcessitae</span> <span class='ocrx_word' id='word_1_207' title='bbox 809 2476 912 2542; x_wconf 73' lang='lat' dir='ltr'>arpeat.</span> 
     </span>
     <span class='ocr_line' id='line_1_33' title="bbox 114 2543 535 2612; baseline -0.005 -12"><span class='ocrx_word' id='word_1_208' title='bbox 114 2543 156 2611; x_wconf 76' lang='lat' dir='ltr'>(S.</span> <span class='ocrx_word' id='word_1_209' title='bbox 177 2543 205 2600; x_wconf 83' lang='lat'>0.</span> <span class='ocrx_word' id='word_1_210' title='bbox 223 2544 250 2600; x_wconf 85' lang='lat' dir='ltr'>J.</span> <span class='ocrx_word' id='word_1_211' title='bbox 270 2546 296 2602; x_wconf 85' lang='lat'>5.</span> <span class='ocrx_word' id='word_1_212' title='bbox 313 2545 394 2600; x_wconf 83' lang='lat' dir='ltr'>Febr.</span> <span class='ocrx_word' id='word_1_213' title='bbox 413 2547 504 2611; x_wconf 83' lang='grc'><strong><em>1841.)</em></strong></span> <span class='ocrx_word' id='word_1_214' title='bbox 533 2605 535 2612; x_wconf 40' lang='grc'><strong>,</strong></span> 
     </span>
    </p>

    <p class='ocr_par' dir='ltr' id='par_1_12' title="bbox 77 2631 986 2916">
     <span class='ocr_line' id='line_1_34' title="bbox 151 2631 986 2701; baseline 0.001 -15"><span class='ocrx_word' id='word_1_215' title='bbox 151 2635 177 2688; x_wconf 84' lang='lat'>2.</span> <span class='ocrx_word' id='word_1_216' title='bbox 202 2633 286 2687; x_wconf 86' lang='lat' dir='ltr'>Juxta</span> <span class='ocrx_word' id='word_1_217' title='bbox 310 2633 415 2701; x_wconf 83' lang='lat' dir='ltr'>praxim</span> <span class='ocrx_word' id='word_1_218' title='bbox 433 2640 461 2687; x_wconf 89' lang='lat' dir='ltr'>et</span> <span class='ocrx_word' id='word_1_219' title='bbox 485 2633 606 2688; x_wconf 86' lang='lat' dir='ltr'>rubricas</span> <span class='ocrx_word' id='word_1_220' title='bbox 629 2647 740 2688; x_wconf 86' lang='lat' dir='ltr'>necesse</span> <span class='ocrx_word' id='word_1_221' title='bbox 760 2639 809 2700; x_wconf 70' lang='lat' dir='ltr'>est</span> <span class='ocrx_word' id='word_1_222' title='bbox 827 2631 916 2687; x_wconf 88' lang='lat' dir='ltr'>tribus</span> <span class='ocrx_word' id='word_1_223' title='bbox 983 2640 986 2646; x_wconf 84' lang='grc'><strong>“</strong></span> 
     </span>
     <span class='ocr_line' id='line_1_35' title="bbox 92 2703 915 2772; baseline -0.001 -15"><span class='ocrx_word' id='word_1_224' title='bbox 92 2703 216 2758; x_wconf 55' lang='grc' dir='ltr'>ἱνίοίὶηιε</span> <span class='ocrx_word' id='word_1_225' title='bbox 234 2704 348 2758; x_wconf 88' lang='lat' dir='ltr'>recitare</span> <span class='ocrx_word' id='word_1_226' title='bbox 368 2703 509 2771; x_wconf 76' lang='lat' dir='ltr'>Confiteor,</span> <span class='ocrx_word' id='word_1_227' title='bbox 528 2704 634 2772; x_wconf 86' lang='lat' dir='ltr'>quando</span> <span class='ocrx_word' id='word_1_228' title='bbox 654 2704 854 2758; x_wconf 86' lang='lat' dir='ltr'>administratur</span> <span class='ocrx_word' id='word_1_229' title='bbox 872 2717 915 2757; x_wconf 88' lang='lat' dir='ltr'>sa·</span> 
     </span>
     <span class='ocr_line' id='line_1_36' title="bbox 77 2772 914 2844; baseline -0.005 -14"><span class='ocrx_word' id='word_1_230' title='bbox 77 2793 80 2800; x_wconf 79' lang='grc'><strong>’</strong></span> <span class='ocrx_word' id='word_1_231' title='bbox 112 2791 189 2830; x_wconf 86' lang='lat' dir='ltr'>crum</span> <span class='ocrx_word' id='word_1_232' title='bbox 205 2775 346 2844; x_wconf 77' lang='lat' dir='ltr'>viaticum,</span> <span class='ocrx_word' id='word_1_233' title='bbox 365 2783 485 2830; x_wconf 82' lang='lat' dir='ltr'>extrenm</span> <span class='ocrx_word' id='word_1_234' title='bbox 502 2775 598 2830; x_wconf 84' lang='lat' dir='ltr'>Unctis</span> <span class='ocrx_word' id='word_1_235' title='bbox 617 2783 644 2830; x_wconf 91' lang='lat' dir='ltr'>et</span> <span class='ocrx_word' id='word_1_236' title='bbox 656 2775 807 2843; x_wconf 87' lang='lat' dir='ltr'>impertitur</span> <span class='ocrx_word' id='word_1_237' title='bbox 825 2772 914 2828; x_wconf 90' lang='lat' dir='ltr'>Indul-</span> 
     </span>
     <span class='ocr_line' id='line_1_37' title="bbox 114 2843 912 2916; baseline -0.004 -16"><span class='ocrx_word' id='word_1_238' title='bbox 114 2846 205 2916; x_wconf 82' lang='lat' dir='ltr'>gentia</span> <span class='ocrx_word' id='word_1_239' title='bbox 222 2846 251 2899; x_wconf 89' lang='lat' dir='ltr'>in</span> <span class='ocrx_word' id='word_1_240' title='bbox 269 2846 380 2901; x_wconf 72' lang='lat' dir='ltr'>articam</span> <span class='ocrx_word' id='word_1_241' title='bbox 398 2847 500 2901; x_wconf 86' lang='lat' dir='ltr'>mortis.</span> <span class='ocrx_word' id='word_1_242' title='bbox 525 2846 565 2913; x_wconf 79' lang='lat' dir='ltr'>(S.</span> <span class='ocrx_word' id='word_1_243' title='bbox 586 2843 615 2902; x_wconf 82' lang='lat' dir='ltr'>O.</span> <span class='ocrx_word' id='word_1_244' title='bbox 632 2846 660 2902; x_wconf 85' lang='lat' dir='ltr'>J.</span> <span class='ocrx_word' id='word_1_245' title='bbox 678 2849 703 2900; x_wconf 81' lang='lat'>5.</span> <span class='ocrx_word' id='word_1_246' title='bbox 722 2845 804 2903; x_wconf 80' lang='lat' dir='ltr'>Febr.</span> <span class='ocrx_word' id='word_1_247' title='bbox 822 2847 912 2913; x_wconf 79' lang='lat'><em>1841.)</em></span> 
     </span>
    </p>
   </div>
   <div class='ocr_carea' id='block_1_8' title="bbox 0 0 1081 3234">
    <p class='ocr_par' dir='ltr' id='par_1_13' title="bbox 0 0 1081 3234">
     <span class='ocr_line' id='line_1_38' title="bbox 0 0 1081 3234; baseline 0 0"><span class='ocrx_word' id='word_1_248' title='bbox 0 0 1081 3234; x_wconf 95' lang='lat' dir='ltr'> </span> 
     </span>
    </p>
   </div>
  </div>
 </body>
</html>
