2138 3226
155 175 196 220 25⁰
324 181 357 220 De
370 179 517 220 celebratione
530 181 566 224 SS.
581 179 663 221 Missae
678 181 786 222 natatur
815 187 819 195 '

153 283 241 339 tiones
259 281 293 336 de
310 287 465 351 praecepto,
491 289 519 336 et
543 282 571 336 'm
588 281 679 337 Missis
704 281 865 338 solemnibus
884 281 954 338 cele·

153 353 263 409 brandis
280 354 309 406 in
325 352 401 408 iestis
419 354 440 408 I.
460 361 487 407 et
504 353 539 406 Π.
559 353 660 422 classis,
686 353 714 406 in
731 353 873 408 Dominica
890 353 954 408 Pal·

153 441 264 491 marum,
292 425 320 478 in
336 424 434 493 vigiliis
458 424 548 478 Natis.
567 425 601 480 D.
620 425 654 479 N.
680 431 708 479 et
732 424 906 480 Pentecostes
926 431 955 480 et

152 497 181 552 in
199 497 290 552 Missis
307 496 405 550 votivis
430 495 592 550 solemnibus
616 494 709 550 eadem
736 496 953 552 commemoratio

154 567 277 623 iacienda
301 575 344 622 est
370 566 419 622 sub
444 567 523 620 unica
547 567 717 621 conclusione
743 565 784 634 (S.
801 567 837 621 R.
858 567 886 622 O.
907 570 953 622 23.

153 640 236 695 Jam'a'
250 640 357 705 1736.),·
383 636 489 706 quando
515 653 580 692 vero
606 637 692 693 Missa
716 645 837 693 cantatur
862 653 954 694 coram

155 711 203 766 SS.
223 710 394 764 Sacramenta
416 709 446 762 in
468 707 545 763 festis
562 709 583 762 Ι.
609 709 702 764 classis
721 709 907 765 occurentibus
925 709 954 764 in

153 781 302 848 Dominice,
334 781 548 834 commemoratio
573 779 622 833 SS.
650 780 816 834 Sacramenti
843 781 953 836 coniun-

155 852 243 924 genda
260 859 302 906 est
319 851 563 906 commemorationi
580 851 736 906 Dominicae
763 851 804 918 (S.
821 851 857 908 R.
878 851 906 907 O.
927 854 953 906 3.

156 923 370 989 Mentimur).
406 921 480 976 Idem
503 923 583 990 amet,
603 923 707 991 sipost
726 922 881 977 Orationem
900 922 955 978 diei

156 996 210 1052 alia
228 993 443 1047 commemoratio
461 991 520 1048 fieri
538 993 645 1048 debeat.
662 993 767 1049 Eodem
784 992 863 1048 modo
883 1010 954 1048 com·

157 1065 314 1120 memoratio
333 1063 380 1118 SS.
391 1063 557 1118 Sacramenti
573 1063 697 1119 iacienda
716 1074 758 1120 est
774 1065 803 1119 in
812 1065 897 1120 Missa
911 1080 955 1120 so·

155 1136 244 1204 lemni,
269 1135 298 1188 in
316 1150 369 1202 qua
386 1143 558 1190 consecratur
573 1136 662 1190 hostia
685 1137 777 1206 mox1)
796 1135 902 1204 publice
925 1137 955 1190 in

156 1207 306 1265 ostensorio
326 1205 476 1262 adorationi
494 1206 653 1276 exponenda
664 1207 703 1274 (S.
722 1207 757 1262 R.
777 1206 805 1261 0.
824 1209 866 1261 15.
879 1207 957 1262 Maii

155 1282 254 1347 1819).
297 1276 400 1332 Eadem
432 1278 646 1333 commemoratio
678 1278 840 1333 omittenda·
855 1285 897 1334 est
928 1279 957 1333 in

156 1349 226 1406 festo
257 1348 503 1405 autoretatem
529 1349 569 1416 (S.
594 1348 633 1404 a·
656 1349 684 1408 O.
714 1353 738 1404 6.
757 1349 830 1418 Sept.
854 1352 957 1417 1834).

156 1424 189 1477 In
206 1422 301 1476 Moesis
316 1422 433 1488 pavatio
457 1427 547 1474 autem
569 1420 626 1475 sive
654 1420 689 1475 ad
707 1421 791 1476 altare
811 1421 957 1488 expositio·

155 1495 206 1562 nis,
226 1494 283 1548 sive
302 1492 408 1546 adalia
433 1491 528 1546 altaria
553 1491 665 1546 durante
693 1492 860 1561 expositione
888 1492 958 1546 cele·

157 1565 242 1621 bratis
259 1565 288 1618 in
305 1564 429 1633 precibus
448 1563 625 1631 quadraginta
642 1563 778 1633 horarum,
797 1561 956 1618 commemo·

156 1638 226 1692 ratio
237 1636 285 1690 SS.
296 1634 461 1690 Sacramenti
478 1649 585 1702 semper
598 1634 722 1689 addenda
735 1643 776 1690 est
788 1641 852 1703 post
865 1633 958 1690 omnes

157 1708 300 1765 Orationes
328 1706 361 1760 de
386 1713 531 1774 praecepto
555 1706 722 1760 rubricarum
748 1704 882 1775 moeniae,
909 1704 959 1761 sed

156 1788 221 1836 ante
249 1791 429 1846 quascumque
456 1776 601 1844 imperatas
632 1776 672 1844 (S.
698 1777 734 1832 R.
763 1776 793 1833 0.
817 1781 862 1835 23.
887 1777 961 1832 Jalii

112 1905 121 1918 ,
157 1853 236 1905 1736.
255 1857 283 1904 et
306 1853 350 1903 14.
371 1850 444 1917 Aoo.
473 1850 580 1916 1854.);
612 1849 731 1916 exceptis
758 1847 908 1917 duplicibus
935 1848 959 1903 1.

160 1929 188 1976 et
205 1921 239 1974 II.
258 1920 359 1989 classis,
379 1919 476 1988 vigiliis
501 1919 657 1974 Natiuitatis
681 1919 792 1974 Domini·
814 1925 842 1974 et
859 1919 958 1973 Pente·

157 1999 247 2047 costes
266 1999 346 2060 atque
364 1990 505 2045 Dominica
521 1990 681 2060 Palmarum,
707 1991 735 2044 in
758 1991 962 2058 quibusmmitti

158 2063 247 2118 debet.
266 2063 297 2116 In
316 2062 412 2116 ceteris
426 2061 646 2129 expositionibus,
666 2075 735 2129 quae
748 2061 816 2116 iiunt
829 2075 863 2115 ex
877 2077 962 2116 causa

158 2135 273 2204 publica,
300 2133 363 2187 addi
380 2139 470 2200 potest
488 2130 523 2186 ad
540 2132 643 2186 libitum
662 2131 817 2202 sacerdotis,
836 2139 959 2200 praeter·

158 2222 239 2274 quam
256 2206 285 2259 in
298 2203 393 2259 iisdem
406 2203 500 2258 diebus
508 2204 666 2271 prohibitis3
684 2204 712 2258 iu
725 2204 758 2259 iis
777 2209 866 2258 autem
876 2217 962 2272 expo·

158 2277 308 2345 sitionibus,
327 2290 396 2343 quae
414 2273 482 2328 fiunt
496 2274 743 2344 excausaprivata,
763 2275 849 2329 omitti
867 2273 957 2330 debet.

195 2348 213 2419 i)
232 2348 264 2402 In
282 2346 409 2401 Oratione
433 2345 461 2401 A
478 2346 581 2400 coactae
587 2346 608 2416 ²)
627 2345 663 2401 ad
680 2345 797 2402 litteram
815 2346 849 2401 ii.
869 2345 961 2414 expri-

180 2465 202 2519 1)
217 2469 291 2508 iitiam
305 2466 391 2517 qnando
405 2467 522 2516 processio,
537 2466 564 2506 ‹le
578 2477 621 2516 qua
635 2467 658 2506 in
668 2467 756 2506 (laento
766 2475 838 2506 sermo
852 2466 893 2515 eet,
909 2467 964 2514 poet

215 2534 306 2573 illesam
320 2542 363 2572 non
373 2532 508 2580 instituatur¹
524 2533 702 2572 commemoratio
711 2533 812 2573 iacienda
825 2533 866 2580 eat,
881 2531 964 2581 quippe

214 2611 270 2650 qnae
283 2609 328 2638 non
343 2609 370 2638 ex
384 2607 452 2638 eausa
466 2599 624 2649 processionis,
647 2599 685 2639 aed
699 2609 726 2638 ex
740 2599 824 2638 motivo
838 2598 964 2639 veneratio·

213 2666 249 2706 nia
270 2663 306 2707 88,
325 2663 467 2704 sacramento
487 2665 573 2704 debitae
587 2665 633 2705 ilat.
666 2663 795 2717 (Ocrdelliai
812 2664 842 2703 acl
858 2664 965 2704 demetam

214 2731 306 2779 ee'totaar¹
319 2729 358 2768 col.
375 2729 419 2769 ΙΙΙ,
431 2741 482 2780 pao.
498 2727 554 2776 114.)

179 2793 201 2847 ί)
214 2797 277 2836 Licet
290 2795 439 2836 transferatur
448 2797 528 2836 saetam
541 2796 702 2837 Purillcatlonie
716 2797 741 2842 B.
751 2797 781 2841 li,
790 2797 816 2840 V.
829 2795 874 2835 ‹licl
887 2797 964 2837 tamen

215 2861 279 2901 debet
292 2861 316 2900 in
330 2861 399 2902 iliaca
413 2862 508 2902 monada
521 2862 598 2902 Oratio
613 2861 632 2902 Δ
646 2863 732 2911 rama,
749 2862 816 2902 tertia
829 2861 858 2901 cd
873 2861 964 2912 taum,
