2124 3230
270 175 335 218 Blera
348 175 473 216 celebrandi
486 176 578 218 illrum
591 177 708 226 prlratarn.
851 176 891 220 SSl

87 294 187 336 versus
205 279 405 336 Sacramentum
430 278 582 348 (molismus
600 279 795 350 Sacramenta),
826 280 892 338 dicit

89 351 253 419 intelligibili
280 366 362 406 voce:
393 351 491 419 spana
514 351 583 417 Dei,
611 352 660 419 uui
684 351 755 404 tollae
777 359 893 419 peccata

89 421 198 489 mnam
208 421 340 478 etdextra
349 423 500 490 percuu'ens
509 422 560 476 sibi
569 430 671 490 pectus,
688 422 796 480 sinistra
810 438 892 490 super

88 493 233 562 corporale
256 494 358 562 posita,
382 493 459 548 dicit:
487 494 611 548 miserm
632 493 717 562 noba,
750 500 778 547 et
795 492 891 548 deinde

89 581 148 618 non
166 565 254 632 iungit
269 580 377 631 manus,
406 563 454 620 aed
472 565 569 618 iterum
586 565 702 632 percutit
719 564 771 618 sibi
788 571 892 634 pectus,

89 651 155 690 cnm
172 635 238 690 dicit
255 634 388 691 secundo:
406 637 529 690 misam
547 635 638 702 noim,
665 635 738 703 quod
762 643 790 689 et
811 636 892 690 tertio

89 705 165 775 iacit,
185 723 245 760 cnm
263 706 339 761 dicit:
360 707 433 760 dorna
450 707 527 760 nobis
540 723 646 774 pacem.

130 778 208 832 Tunc
225 777 347 832 manibus
365 777 461 832 iunctis
477 792 559 846 super
577 777 660 832 altare
674 777 777 846 positis,
796 776 892 832 oculis·

91 864 146 918 que
162 848 197 902 ad
212 848 411 904 Sacramentum
420 849 537 916 intends,
549 848 691 903 inclinatus
701 848 765 904 dicit
773 855 892 904 moreto:

89 921 211 974 Domine
227 920 295 974 Jcau
314 919 417 974 Gloriam
434 926 486 976 etc.
522 919 582 986 Qua
600 919 726 980 Orau'one
750 918 840 988 finita,
869 921 894 976 si

92 1000 135 1046 est
154 991 266 1046 daturus
285 1005 386 1060 pacem,
405 990 543 1046 osculatur
556 991 642 1046 altare
659 991 688 1045 in
705 990 836 1049 medicat
852 991 893 1046 in·

91 1069 271 1118 aucmentum
288 1062 363 1131 pacis
373 1065 392 1131 ¹)
416 1062 443 1116 ei
466 1069 620 1130 porrectum
644 1063 798 1118 aministro
816 1063 892 1118 iuxta

91 1134 184 1202 ipsum
202 1133 237 1186 ad
255 1133 401 1201 dentatam,
419 1133 471 1188 hoo
489 1135 575 1188 estin
593 1149 676 1188 cornu
688 1134 828 1202 Epistolae
847 1148 892 1202 ge·

94 1203 214 1273 nuflexo,
232 1211 261 1258 et
277 1203 342 1258 dicit
350 1205 422 1258 'Pac
438 1209 539 1270 tecm
555 1205 676 1260 minister
692 1204 839 1273 respondet
851 1206 893 1260 Iul

91 1292 154 1330 aem
172 1277 272 1343 spirata
289 1281 345 1331 tao.
382 1275 483 1329 Sinon
501 1274 585 1344 adsit,
610 1276 656 1343 qui
683 1275 834 1331 huiusmodi
851 1275 892 1330 in·

92 1353 242 1401 attramento
260 1361 355 1414 pacem
372 1347 485 1414 recipiat
498 1361 516 1400 a
529 1347 689 1414 celebrante,
707 1363 762 1415 pax
777 1363 831 1402 non
844 1346 891 1402 da·

92 1425 146 1487 tur,
165 1418 271 1472 etiamsi
287 1418 359 1472 illius
377 1417 450 1472 datio
464 1417 565 1472 Missae
579 1418 734 1485 conveniat3
750 1433 801 1472 nec
815 1434 891 1472 oscu-

91 1488 165 1544 latur
182 1489 282 1556 altare,
311 1488 360 1544 aed
385 1488 456 1543 diota
481 1489 630 1557 praemissa
647 1488 774 1542 Oratione
802 1489 892 1544 statim

94 1560 232 1628 subiungit
250 1559 316 1614 alias
335 1557 484 1628 Orationes,
503 1561 578 1614 utin
596 1559 695 1614 Ordine
713 1559 822 1616 Missae.

131 1631 161 1685 Si
174 1646 240 1685 vero
254 1631 373 1685 celebret
385 1647 435 1699 pro
449 1629 589 1701 defimetis,
601 1647 656 1685 non
669 1631 784 1699 percutit
797 1636 891 1698 pectus
977 1618 982 1626 ’

94 1701 130 1756 ad
147 1702 245 1771 Aquas
261 1702 328 1768 Dei,
354 1703 417 1769 quia
435 1701 498 1756 dicit
522 1702 596 1756 douc
620 1703 658 1756 ers
683 1702 816 1770 requiram
841 1714 892 1756 nee

94 1772 160 1828 dicit
177 1774 289 1841 primam
307 1772 462 1828 Orationem
485 1773 603 1828 Domine
624 1773 690 1828 Jcau
710 1773 814 1827 Olunta
832 1778 892 1840 eto,

95 1851 123 1898 et
139 1847 201 1899 non'
213 1843 260 1898 dat
277 1859 386 1914 pacem,
416 1844 465 1900 sed
489 1843 553 1899 dicit
571 1845 637 1900 alias
662 1844 729 1900 dnae
748 1849 893 1911 sequenter
963 1846 970 1868 ‘

92 1913 419 2053 ‘'iiiii'oauonu
433 1985 518 2054 neus,
538 1985 719 2054 germineis
735 1985 891 2040 emama-

94 2064 151 2112 tum
169 2057 272 2126 adorm,
290 2063 319 2112 et
336 2058 485 2126 reerigens
499 2057 563 2112 dicit
576 2065 693 2113 secreto:
713 2057 817 2111 Panem
835 2071 892 2111 coc·

99 2128 187 2182 lertem
204 2129 337 2196 mopiam
355 2135 415 2197 eta,
434 2144 487 2196 quo
506 2128 576 2183 dioto
595 2128 690 2184 dextra
702 2143 782 2183 mann
796 2128 893 2196 accipit
967 2181 968 2185 ,

96 2199 131 2254 de
147 2206 248 2268 patena
264 2206 420 2254 reverenter
438 2200 531 2254 ambas
543 2207 635 2267 partes
648 2200 753 2254 hostiae
767 2206 795 2254 et
811 2199 892 2254 collo·

97 2277 141 2324 cat
153 2272 223 2326 inter
236 2271 361 2339 pollicem
375 2277 403 2324 et
415 2270 529 2326 indicem
543 2271 666 2326 cinisum
679 2285 782 2340 manns,
796 2270 892 2337 quibus

96 2349 220 2410 patenam
238 2343 309 2396 inter
333 2340 455 2395 eumdem
477 2341 592 2395 indicem
617 2349 644 2395 et
661 2341 777 2395 medinm
795 2341 892 2409 digitos

97 2413 230 2481 supponit,
250 2420 277 2466 et
287 2411 380 2466 eadem
389 2413 787 2482 manusiuistrateneuspartes
800 2412 892 2466 huius·

96 2483 167 2538 modi
185 2499 267 2552 supra
280 2491 407 2552 patenam
424 2485 494 2538 inter
511 2491 605 2552 pectus
625 2491 652 2538 et
671 2483 779 2538 calicem
797 2498 893 2551 pamm

96 2555 245 2624 inclinatus,
260 2553 355 2609 dextra
367 2555 453 2610 tribus
463 2555 565 2610 vicibus
579 2555 797 2623 percutitpeotus
807 2569 892 2622 suum,

94 2625 200 2680 interim
218 2626 298 2680 etiam
315 2625 401 2682 tribus
420 2625 522 2681 vicibus
537 2626 628 2680 dicens
651 2641 717 2680 voce
743 2624 892 2692 aliquantu·

93 2697 148 2751 lum
166 2696 272 2752 elevata
285 2696 391 2767 (devote
406 2704 433 2752 et
446 2697 604 2768 humiliter):
622 2697 748 2764 Domine,
761 2712 817 2750 non
830 2710 890 2748 anm

104 2854 128 2905 ²>
141 2857 173 2896 De
186 2857 228 2896 lroe
241 2856 283 2905 leg.
297 2855 388 2896 datram
402 2856 552 2906 Episcopatu
565 2855 604 2895 lib.
618 2855 637 2894 L
651 2864 700 2904 cop.
715 2850 751 2894 tt.
