2130 3242
167 181 208 224 4⁰8
348 184 381 224 De
394 183 586 224 sacramentorum
598 183 796 223 administratione.

202 285 314 355 Motiva,
333 301 403 354 quae
421 288 507 356 magis
524 285 704 355 particulatim
722 285 829 354 suggeri
846 291 971 355 possunt,

167 357 264 425 quibus
281 359 449 426 poenitentes
467 358 575 414 mudum
593 357 759 412 adducantur
776 355 812 410 ad
829 357 969 412 contritio·

166 443 228 483 nem
246 428 280 482 de
298 429 463 498 mortalibus,
481 437 544 484 sunt
557 429 708 496 sequentia:
729 433 753 482 1.
773 427 887 482 Unicum
899 444 971 483 mor·

166 500 221 554 tale
246 499 363 556 detraxit
393 501 527 569 Angelos,
552 507 690 554 creaturas
713 497 924 568 perfectissimas
954 515 972 554 a

167 587 269 628 summo
288 572 363 626 coelo
382 571 417 626 ad
434 573 488 626 ima
504 578 615 640 tartara,
634 571 691 626 sine
710 568 971 639 spe-redemptionis

168 649 216 697 aut
232 644 344 711 veniae;
372 641 436 710 quid
459 650 490 697 tu
515 659 571 698 nou
587 643 707 710 mereris,
731 642 812 696 homo
831 641 971 711 vilissime,

167 719 230 782 post
246 720 287 768 tot
305 714 449 768 mortalia?
485 717 511 768 2.
536 713 652 768 Mortale
670 713 777 766 unicum
803 712 837 766 ab
862 711 971 768 Adamo

167 785 242 853 prius
259 785 401 840 innocente
419 785 595 854 commissum,
614 783 719 839 induxit
731 784 852 838 miserias
875 798 972 840 omnes

165 857 195 910 in
212 855 344 910 Adamum
361 862 499 923 totumque
509 872 594 924 genus
610 856 770 922 humanum3
792 862 819 908 et
836 862 867 908 tu
880 861 971 924 putas,

166 934 195 982 te
204 933 245 981 tot
258 933 429 995 peccatorum
446 929 541 995 poenis
550 943 605 982 non
615 925 838 995 opprimendum?
858 927 884 979 3.
903 926 970 980 Uni-

167 1013 227 1052 cum
251 998 364 1052 mortale
394 1007 513 1054 meretur
538 1013 630 1053 omnes
654 996 753 1052 inferni
774 1011 892 1064 poenas;
926 1013 971 1054 co-
1059 1039 1060 1056 ,

166 1067 223 1136 gito
241 1083 332 1122 earum
357 1069 573 1139 magnitudinem,
599 1085 631 1124 ac
654 1069 799 1137 praecipue
826 1067 971 1124 aeternita-
1059 1093 1060 1138 p

166 1147 238 1206 tem;
268 1140 404 1194 minimum
430 1141 530 1196 malum
559 1140 649 1196 evadit
679 1139 856 1208 intolerabile,
883 1139 907 1194 si
936 1137 973 1196 sit
1059 1183 1060 1196 2

166 1217 313 1264 aeternum.
331 1215 358 1268 4.
377 1211 496 1278 Quodvis
514 1212 626 1266 mortale
641 1210 738 1273 occidit
756 1211 872 1264 animam
891 1211 971 1277 spiri-

166 1281 282 1351 tualiter,
302 1282 365 1350 quia
382 1283 452 1338 tollit
470 1284 590 1353 gratiam,
610 1297 679 1351 quoe
698 1281 756 1336 sola
775 1287 817 1336 est
836 1280 894 1334 vita
913 1282 970 1335 ani-

167 1367 239 1418 moe3
262 1354 286 1408 si
303 1353 373 1422 fugis
392 1361 505 1408 mortem
523 1355 652 1423 corporis,
672 1369 718 1407 cur
736 1369 790 1406 non
808 1352 894 1420 magis
914 1353 971 1406 ani-

165 1424 245 1477 mae?
273 1424 341 1478 haec
366 1441 451 1493 aeque
475 1425 658 1494 irreparabilis
684 1431 726 1479 est
744 1431 824 1491 atque
843 1423 898 1492 illa,
918 1424 972 1479 nisi

165 1502 193 1550 te
211 1497 382 1563 praeveniret
399 1497 534 1551 miseratio
555 1497 616 1566 Dei,
635 1497 681 1564 qui
699 1511 754 1548 non
771 1494 868 1548 iniuste
887 1509 971 1564 nega-

165 1572 216 1636 ret,
234 1567 258 1622 si
276 1567 408 1622 obstinate
426 1575 580 1637 repeterem
599 1566 663 1635 quid
681 1581 745 1620 vero
760 1565 868 1619 tandem
888 1565 922 1618 de
941 1573 969 1620 te

166 1638 226 1707 erit,
245 1639 268 1692 si
286 1639 314 1692 in
331 1639 379 1693 tali
397 1646 469 1694 statu
487 1647 572 1694 morte
592 1639 681 1693 subita
705 1644 852 1705 correptus,
878 1653 971 1691 coram

165 1709 225 1764 Deo
244 1709 332 1764 iudice
351 1713 513 1778 appareres!
546 1712 571 1764 5.
589 1707 706 1764 Mortale
724 1707 790 1762 facit
807 1709 970 1776 mancipium

166 1779 273 1850 diaboli,
292 1782 335 1836 cui
353 1796 383 1836 se
402 1781 532 1838 submittit
550 1796 677 1850 peccans;
696 1781 791 1834 horres
809 1780 971 1834 servitutem

165 1851 238 1920 apud
256 1851 380 1907 Turcas?
405 1854 473 1907 haec
491 1854 568 1921 peior
586 1860 628 1908 est
646 1858 673 1906 et
690 1851 821 1919 miserior,
846 1851 969 1917 quamvis
1053 1896 1056 1907 .

165 1923 276 1976 nonita
294 1925 402 1979 sentiae
422 1927 447 1980 6.
465 1924 617 1979 Mortaliter
641 1937 756 1991 peccans
781 1936 872 1976 coram
896 1921 968 1992 Deo,
1053 1932 1056 1941 ’

165 1993 209 2046 vel
226 1992 260 2046 de
280 2008 312 2048 eo
331 2011 385 2048 non
402 1994 497 2050 dolens
516 2001 558 2050 est
582 1995 675 2050 similis
699 1993 800 2048 homini
823 1993 852 2046 in
870 1990 968 2047 faciem

164 2063 334 2119 maledicenti
352 2066 438 2135 alteri,
457 2067 502 2134 qui
521 2067 579 2122 eius
597 2067 680 2119 vitam
691 2064 805 2118 haberet
822 2063 969 2131 pendulam

164 2150 182 2188 a
199 2133 253 2203 filo,
273 2135 345 2202 quod
362 2144 455 2204 posset
473 2139 545 2192 omni
563 2144 698 2191 momento
716 2134 914 2204 praescindere,
941 2141 969 2190 et

163 2205 192 2272 in
210 2213 349 2260 aeternum
365 2208 503 2263 baratrum
520 2223 581 2263 eum
599 2207 757 2276 devolvere3
776 2212 877 2274 quanta
900 2207 969 2260 haec

163 2281 206 2331 est
223 2278 373 2333 temeritas!
411 2283 437 2334 7.
464 2280 578 2334 Unicum
595 2279 708 2334 mortale
732 2285 760 2332 te
783 2278 873 2346 privat
897 2277 969 2332 omni

162 2347 222 2400 iure
241 2347 276 2402 ad
294 2350 438 2405 coelestem
456 2352 576 2421 gloriam,
599 2349 689 2406 reddit
711 2354 739 2403 te
756 2348 895 2416 indignum
912 2363 968 2404 om·

163 2418 242 2474 nibus
261 2421 354 2488 gratiis
374 2428 402 2475 et
419 2421 509 2490 donis;
539 2423 562 2478 si
580 2428 721 2490 tantopere
749 2419 819 2488 fugis
837 2420 968 2474 iacturam

163 2487 295 2544 bonorum
317 2493 512 2562 temporalium,
537 2510 584 2548 cur
609 2510 664 2547 non
687 2491 772 2560 magis
797 2497 968 2546 aeternorum

164 2568 193 2614 et
210 2561 408 2628 spiritualium?
436 2567 461 2618 8.
489 2563 573 2618 Omne
592 2565 704 2620 mortale
723 2564 820 2616 iterum
838 2561 968 2631 crucifigit

164 2631 307 2702 Christum,
333 2635 397 2701 qrria
420 2635 497 2703 ponit
515 2651 632 2705 causam,
655 2641 866 2704 propterquam
884 2634 967 2688 cruci-

163 2701 234 2758 fixus
262 2712 318 2772 est,
343 2712 456 2774 propter
480 2706 566 2762 solum
590 2707 702 2762 mortale
728 2704 850 2760 Christus
873 2703 967 2759 affixus

164 2779 206 2828 est
223 2775 296 2828 cruci
314 2783 341 2830 et
359 2777 471 2846 occisus,
499 2778 563 2845 quia
578 2793 628 2846 pro
647 2783 723 2834 tanta
740 2775 843 2830 malitia
861 2775 967 2831 satista-

163 2858 226 2899 cere
243 2860 299 2900 non
315 2853 431 2918 poterat,
455 2848 507 2903 nisi
526 2849 602 2905 Deus
620 2850 687 2918 ipse.
724 2852 750 2904 9.
772 2847 848 2904 Deus
867 2845 966 2904 Filium
1050 2892 1054 2906 .
