<?xml version="1.0" encoding="UTF-8"?>
<!DOCTYPE html PUBLIC "-//W3C//DTD XHTML 1.0 Transitional//EN"
    "http://www.w3.org/TR/xhtml1/DTD/xhtml1-transitional.dtd">
<html xmlns="http://www.w3.org/1999/xhtml" xml:lang="en" lang="en">
 <head>
  <title>
</title>
<meta http-equiv="Content-Type" content="text/html;charset=utf-8" />
  <meta name='ocr-system' content='tesseract 3.04.00' />
  <meta name='ocr-capabilities' content='ocr_page ocr_carea ocr_par ocr_line ocrx_word'/>
</head>
<body>
  <div class='ocr_page' id='page_1' title='image "./manualesacerdot00schngoog_0713.png"; bbox 0 0 2128 3228; ppageno 0'>
   <div class='ocr_carea' id='block_1_1' title="bbox 295 179 902 234">
    <p class='ocr_par' dir='ltr' id='par_1_1' title="bbox 295 179 902 234">
     <span class='ocr_line' id='line_1_1' title="bbox 295 179 902 234; baseline 0.003 -12"><span class='ocrx_word' id='word_1_1' title='bbox 295 181 327 222; x_wconf 83' lang='lat' dir='ltr'><strong>De</strong></span> <span class='ocrx_word' id='word_1_2' title='bbox 341 181 480 230; x_wconf 78' lang='lat' dir='ltr'><strong>processione</strong></span> <span class='ocrx_word' id='word_1_3' title='bbox 493 183 516 222; x_wconf 86' lang='lat' dir='ltr'><strong>ln</strong></span> <span class='ocrx_word' id='word_1_4' title='bbox 529 181 564 222; x_wconf 82' lang='lat' dir='ltr'><strong>dic</strong></span> <span class='ocrx_word' id='word_1_5' title='bbox 572 183 708 234; x_wconf 69' lang='lat' dir='ltr'><strong>‚pulmarum</strong></span> <span class='ocrx_word' id='word_1_6' title='bbox 860 179 902 224; x_wconf 69' lang='lat'><strong>885</strong></span> 
     </span>
    </p>
   </div>
   <div class='ocr_carea' id='block_1_2' title="bbox 56 280 903 1361">
    <p class='ocr_par' dir='ltr' id='par_1_2' title="bbox 98 280 901 421">
     <span class='ocr_line' id='line_1_2' title="bbox 137 280 901 354; baseline 0.007 -18"><span class='ocrx_word' id='word_1_7' title='bbox 137 280 176 336; x_wconf 83' lang='lat' dir='ltr'><strong>Et</strong></span> <span class='ocrx_word' id='word_1_8' title='bbox 193 280 239 349; x_wconf 85' lang='lat' dir='ltr'><strong>qui</strong></span> <span class='ocrx_word' id='word_1_9' title='bbox 257 281 445 350; x_wconf 72' lang='lat' dir='ltr'><strong>sequebantur,</strong></span> <span class='ocrx_word' id='word_1_10' title='bbox 463 281 627 338; x_wconf 82' lang='lat' dir='ltr'><strong>clemebent:</strong></span> <span class='ocrx_word' id='word_1_11' title='bbox 654 282 791 354; x_wconf 82' lang='lat' dir='ltr'><strong>Hosennu,</strong></span> <span class='ocrx_word' id='word_1_12' title='bbox 817 283 901 341; x_wconf 89' lang='lat' dir='ltr'><strong>bene-</strong></span> 
     </span>
     <span class='ocr_line' id='line_1_3' title="bbox 98 351 656 421; baseline 0.004 -15"><span class='ocrx_word' id='word_1_13' title='bbox 98 351 198 421; x_wconf 88' lang='lat' dir='ltr'><strong>dictus,</strong></span> <span class='ocrx_word' id='word_1_14' title='bbox 217 353 263 420; x_wconf 89' lang='lat' dir='ltr'><strong>qui</strong></span> <span class='ocrx_word' id='word_1_15' title='bbox 280 353 400 408; x_wconf 86' lang='lat' dir='ltr'><strong>venitin</strong></span> <span class='ocrx_word' id='word_1_16' title='bbox 416 353 523 408; x_wconf 89' lang='lat' dir='ltr'><strong>nomine</strong></span> <span class='ocrx_word' id='word_1_17' title='bbox 540 352 656 408; x_wconf 85' lang='lat' dir='ltr'><strong>Domini.</strong></span> 
     </span>
    </p>

    <p class='ocr_par' dir='ltr' id='par_1_3' title="bbox 97 421 898 565">
     <span class='ocr_line' id='line_1_4' title="bbox 137 421 898 494; baseline 0.005 -16"><span class='ocrx_word' id='word_1_18' title='bbox 137 421 313 478; x_wconf 86' lang='lat' dir='ltr'><strong>Benedictum</strong></span> <span class='ocrx_word' id='word_1_19' title='bbox 326 439 438 492; x_wconf 84' lang='lat' dir='ltr'><strong>regnum</strong></span> <span class='ocrx_word' id='word_1_20' title='bbox 450 424 535 492; x_wconf 83' lang='lat' dir='ltr'><strong>petris</strong></span> <span class='ocrx_word' id='word_1_21' title='bbox 548 425 633 480; x_wconf 85' lang='lat' dir='ltr'><strong>nostri</strong></span> <span class='ocrx_word' id='word_1_22' title='bbox 645 423 749 494; x_wconf 79' lang='lat' dir='ltr'><strong>Devid3</strong></span> <span class='ocrx_word' id='word_1_23' title='bbox 769 424 898 482; x_wconf 77' lang='lat' dir='ltr'><strong>Hosonnu</strong></span> 
     </span>
     <span class='ocr_line' id='line_1_5' title="bbox 97 493 699 565; baseline 0.002 -15"><span class='ocrx_word' id='word_1_24' title='bbox 97 495 131 550; x_wconf 84' lang='lat' dir='ltr'><strong>in</strong></span> <span class='ocrx_word' id='word_1_25' title='bbox 149 495 278 564; x_wconf 81' lang='lat' dir='ltr'><strong>excelsis3</strong></span> <span class='ocrx_word' id='word_1_26' title='bbox 297 495 424 554; x_wconf 85' lang='lat' dir='ltr'><strong>miserere</strong></span> <span class='ocrx_word' id='word_1_27' title='bbox 441 494 527 565; x_wconf 88' lang='lat' dir='ltr'><strong>nobis,</strong></span> <span class='ocrx_word' id='word_1_28' title='bbox 545 493 584 550; x_wconf 90' lang='lat' dir='ltr'><strong>fili</strong></span> <span class='ocrx_word' id='word_1_29' title='bbox 601 493 699 551; x_wconf 77' lang='lat' dir='ltr'><strong>David.</strong></span> 
     </span>
    </p>

    <p class='ocr_par' dir='ltr' id='par_1_4' title="bbox 100 572 903 721">
     <span class='ocr_line' id='line_1_6' title="bbox 138 572 903 649; baseline 0.003 -15"><span class='ocrx_word' id='word_1_30' title='bbox 138 578 206 634; x_wconf 77' lang='lat' dir='ltr'><strong>Alio</strong></span> <span class='ocrx_word' id='word_1_31' title='bbox 223 579 336 649; x_wconf 56' lang='lat' dir='ltr'><strong>mont.</strong></span> <span class='ocrx_word' id='word_1_32' title='bbox 364 579 430 634; x_wconf 84' lang='lat' dir='ltr'><strong>Cum</strong></span> <span class='ocrx_word' id='word_1_33' title='bbox 454 572 574 637; x_wconf 78' lang='lat' dir='ltr'><strong>audisset</strong></span> <span class='ocrx_word' id='word_1_34' title='bbox 590 577 714 648; x_wconf 83' lang='lat' dir='ltr'><strong>populus,</strong></span> <span class='ocrx_word' id='word_1_35' title='bbox 741 578 903 647; x_wconf 75' lang='lat' dir='ltr'><strong>quindenus</strong></span> 
     </span>
     <span class='ocr_line' id='line_1_7' title="bbox 100 650 901 721; baseline 0.002 -19"><span class='ocrx_word' id='word_1_36' title='bbox 100 650 177 704; x_wconf 82' lang='lat' dir='ltr'><strong>venit</strong></span> <span class='ocrx_word' id='word_1_37' title='bbox 204 651 414 721; x_wconf 72' lang='lat' dir='ltr'><strong>ierosolymam,</strong></span> <span class='ocrx_word' id='word_1_38' title='bbox 442 657 603 721; x_wconf 84' lang='lat' dir='ltr'><strong>occeperunt</strong></span> <span class='ocrx_word' id='word_1_39' title='bbox 625 665 715 705; x_wconf 86' lang='lat' dir='ltr'><strong>remos</strong></span> <span class='ocrx_word' id='word_1_40' title='bbox 740 650 901 719; x_wconf 75' lang='lat' dir='ltr'><strong>pulmarum:</strong></span> 
     </span>
    </p>

    <p class='ocr_par' dir='ltr' id='par_1_5' title="bbox 56 719 903 935">
     <span class='ocr_line' id='line_1_8' title="bbox 138 719 903 792; baseline -0.001 -16"><span class='ocrx_word' id='word_1_41' title='bbox 138 721 176 776; x_wconf 84' lang='lat' dir='ltr'><strong>Et</strong></span> <span class='ocrx_word' id='word_1_42' title='bbox 200 722 324 778; x_wconf 82' lang='lat' dir='ltr'><strong>exienmt</strong></span> <span class='ocrx_word' id='word_1_43' title='bbox 347 723 373 777; x_wconf 90' lang='lat' dir='ltr'><strong>ei</strong></span> <span class='ocrx_word' id='word_1_44' title='bbox 397 722 510 792; x_wconf 82' lang='lat' dir='ltr'><strong>obviam,</strong></span> <span class='ocrx_word' id='word_1_45' title='bbox 530 728 558 777; x_wconf 93' lang='lat' dir='ltr'><strong>et</strong></span> <span class='ocrx_word' id='word_1_46' title='bbox 575 721 725 776; x_wconf 81' lang='lat' dir='ltr'><strong>olemebsnt</strong></span> <span class='ocrx_word' id='word_1_47' title='bbox 748 721 835 792; x_wconf 83' lang='lat' dir='ltr'><strong>pueri,</strong></span> <span class='ocrx_word' id='word_1_48' title='bbox 863 719 903 775; x_wconf 90' lang='lat' dir='ltr'><strong>di·</strong></span> 
     </span>
     <span class='ocr_line' id='line_1_9' title="bbox 98 799 208 848; baseline 0 0"><span class='ocrx_word' id='word_1_49' title='bbox 98 799 208 848; x_wconf 77' lang='lat' dir='ltr'><strong>centes:</strong></span> 
     </span>
     <span class='ocr_line' id='line_1_10' title="bbox 56 863 825 935; baseline 0.005 -17"><span class='ocrx_word' id='word_1_50' title='bbox 56 919 60 930; x_wconf 65' lang='grc'><strong>,</strong></span> <span class='ocrx_word' id='word_1_51' title='bbox 139 863 191 918; x_wconf 90' lang='lat' dir='ltr'><strong>Hic</strong></span> <span class='ocrx_word' id='word_1_52' title='bbox 209 872 259 935; x_wconf 90' lang='lat' dir='ltr'><strong>est,</strong></span> <span class='ocrx_word' id='word_1_53' title='bbox 278 864 324 932; x_wconf 89' lang='lat' dir='ltr'><strong>qui</strong></span> <span class='ocrx_word' id='word_1_54' title='bbox 341 869 470 920; x_wconf 87' lang='lat' dir='ltr'><strong>venturus</strong></span> <span class='ocrx_word' id='word_1_55' title='bbox 489 864 575 919; x_wconf 89' lang='lat' dir='ltr'><strong>estin</strong></span> <span class='ocrx_word' id='word_1_56' title='bbox 593 864 706 920; x_wconf 77' lang='lat' dir='ltr'><strong>salutem</strong></span> <span class='ocrx_word' id='word_1_57' title='bbox 724 866 825 935; x_wconf 87' lang='lat' dir='ltr'><strong>popuii.</strong></span> 
     </span>
    </p>

    <p class='ocr_par' dir='ltr' id='par_1_6' title="bbox 139 934 784 1005">
     <span class='ocr_line' id='line_1_11' title="bbox 139 934 784 1005; baseline 0.006 -16"><span class='ocrx_word' id='word_1_58' title='bbox 139 935 191 990; x_wconf 87' lang='lat' dir='ltr'><strong>Hic</strong></span> <span class='ocrx_word' id='word_1_59' title='bbox 210 944 252 991; x_wconf 89' lang='lat' dir='ltr'><strong>est</strong></span> <span class='ocrx_word' id='word_1_60' title='bbox 270 936 342 992; x_wconf 79' lang='lat' dir='ltr'><strong>selus</strong></span> <span class='ocrx_word' id='word_1_61' title='bbox 360 943 462 1004; x_wconf 86' lang='lat' dir='ltr'><strong>nostre,</strong></span> <span class='ocrx_word' id='word_1_62' title='bbox 481 942 508 990; x_wconf 90' lang='lat' dir='ltr'><strong>et</strong></span> <span class='ocrx_word' id='word_1_63' title='bbox 524 934 674 1005; x_wconf 81' lang='lat' dir='ltr'>redemptio</span> <span class='ocrx_word' id='word_1_64' title='bbox 691 937 784 993; x_wconf 79' lang='lat' dir='ltr'><strong>Israel.</strong></span> 
     </span>
    </p>

    <p class='ocr_par' dir='ltr' id='par_1_7' title="bbox 99 1006 901 1134">
     <span class='ocr_line' id='line_1_12' title="bbox 139 1006 901 1132; baseline 0.007 -71"><span class='ocrx_word' id='word_1_65' title='bbox 139 1006 261 1132; x_wconf 40' lang='lat' dir='ltr'><strong>Quantus</strong></span> <span class='ocrx_word' id='word_1_66' title='bbox 280 1016 322 1064; x_wconf 89' lang='lat' dir='ltr'><strong>est</strong></span> <span class='ocrx_word' id='word_1_67' title='bbox 338 1007 398 1078; x_wconf 90' lang='lat' dir='ltr'><strong>iste,</strong></span> <span class='ocrx_word' id='word_1_68' title='bbox 418 1007 460 1063; x_wconf 89' lang='lat' dir='ltr'><strong>cui</strong></span> <span class='ocrx_word' id='word_1_69' title='bbox 479 1007 582 1063; x_wconf 86' lang='lat' dir='ltr'><strong>Throni</strong></span> <span class='ocrx_word' id='word_1_70' title='bbox 600 1016 629 1063; x_wconf 90' lang='lat' dir='ltr'><strong>et</strong></span> <span class='ocrx_word' id='word_1_71' title='bbox 640 1007 843 1066; x_wconf 82' lang='lat' dir='ltr'><strong>Dominetiones</strong></span> <span class='ocrx_word' id='word_1_72' title='bbox 857 1023 901 1066; x_wconf 90' lang='lat' dir='ltr'><strong>oc·</strong></span> 
     </span>
     <span class='ocr_line' id='line_1_13' title="bbox 99 1085 214 1134; baseline -0.017 0"><span class='ocrx_word' id='word_1_73' title='bbox 99 1085 214 1134; x_wconf 75' lang='lat' dir='ltr'><strong>cummi</strong></span> 
     </span>
    </p>

    <p class='ocr_par' dir='ltr' id='par_1_8' title="bbox 102 1147 901 1344">
     <span class='ocr_line' id='line_1_14' title="bbox 139 1147 901 1222; baseline 0.003 -19"><span class='ocrx_word' id='word_1_74' title='bbox 139 1148 204 1203; x_wconf 87' lang='lat' dir='ltr'><strong>Noli</strong></span> <span class='ocrx_word' id='word_1_75' title='bbox 221 1149 315 1204; x_wconf 87' lang='lat' dir='ltr'><strong>timere</strong></span> <span class='ocrx_word' id='word_1_76' title='bbox 333 1147 390 1203; x_wconf 80' lang='lat' dir='ltr'><strong>flua</strong></span> <span class='ocrx_word' id='word_1_77' title='bbox 407 1147 486 1218; x_wconf 83' lang='lat' dir='ltr'><strong>Sion3</strong></span> <span class='ocrx_word' id='word_1_78' title='bbox 513 1164 575 1205; x_wconf 90' lang='lat' dir='ltr'><strong>ecoe</strong></span> <span class='ocrx_word' id='word_1_79' title='bbox 599 1165 649 1205; x_wconf 84' lang='lat' dir='ltr'><strong>rex</strong></span> <span class='ocrx_word' id='word_1_80' title='bbox 672 1157 735 1206; x_wconf 87' lang='lat' dir='ltr'><strong>tuns</strong></span> <span class='ocrx_word' id='word_1_81' title='bbox 753 1151 828 1206; x_wconf 87' lang='lat' dir='ltr'><strong>venit</strong></span> <span class='ocrx_word' id='word_1_82' title='bbox 844 1150 901 1222; x_wconf 84' lang='lat' dir='ltr'><strong>tibi,</strong></span> 
     </span>
     <span class='ocr_line' id='line_1_15' title="bbox 102 1219 853 1344; baseline 0.003 -68"><span class='ocrx_word' id='word_1_83' title='bbox 102 1219 202 1276; x_wconf 86' lang='lat' dir='ltr'><strong>sedens</strong></span> <span class='ocrx_word' id='word_1_84' title='bbox 220 1235 302 1288; x_wconf 85' lang='lat' dir='ltr'><strong>super</strong></span> <span class='ocrx_word' id='word_1_85' title='bbox 316 1220 420 1344; x_wconf 59' lang='lat' dir='ltr'><strong>Pullum</strong></span> <span class='ocrx_word' id='word_1_86' title='bbox 438 1221 545 1275; x_wconf 79' lang='lat' dir='ltr'><strong>asinae:</strong></span> <span class='ocrx_word' id='word_1_87' title='bbox 565 1221 633 1276; x_wconf 85' lang='lat' dir='ltr'><strong>sicut</strong></span> <span class='ocrx_word' id='word_1_88' title='bbox 651 1221 853 1292; x_wconf 80' lang='lat' dir='ltr'><strong>scriptumest:</strong></span> 
     </span>
    </p>

    <p class='ocr_par' dir='ltr' id='par_1_9' title="bbox 141 1289 902 1361">
     <span class='ocr_line' id='line_1_16' title="bbox 141 1289 902 1361; baseline 0.008 -17"><span class='ocrx_word' id='word_1_89' title='bbox 141 1289 221 1344; x_wconf 79' lang='lat' dir='ltr'><strong>Salve</strong></span> <span class='ocrx_word' id='word_1_90' title='bbox 239 1290 299 1345; x_wconf 88' lang='lat' dir='ltr'><strong>Rex</strong></span> <span class='ocrx_word' id='word_1_91' title='bbox 328 1291 460 1346; x_wconf 84' lang='lat' dir='ltr'><strong>ebrientur</strong></span> <span class='ocrx_word' id='word_1_92' title='bbox 478 1290 577 1361; x_wconf 90' lang='lat' dir='ltr'><strong>mundi,</strong></span> <span class='ocrx_word' id='word_1_93' title='bbox 596 1292 642 1360; x_wconf 89' lang='lat' dir='ltr'><strong>qui</strong></span> <span class='ocrx_word' id='word_1_94' title='bbox 655 1293 752 1349; x_wconf 84' lang='lat' dir='ltr'><strong>venisti</strong></span> <span class='ocrx_word' id='word_1_95' title='bbox 768 1293 902 1350; x_wconf 81' lang='lat' dir='ltr'><strong>redimere</strong></span> 
     </span>
    </p>
   </div>
   <div class='ocr_carea' id='block_1_3' title="bbox 36 1376 164 1417">
    <p class='ocr_par' dir='ltr' id='par_1_10' title="bbox 36 1376 164 1417">
     <span class='ocr_line' id='line_1_17' title="bbox 36 1376 164 1417; baseline 0.023 -3"><span class='ocrx_word' id='word_1_96' title='bbox 36 1377 42 1390; x_wconf 63' lang='lat'>⁸</span> <span class='ocrx_word' id='word_1_97' title='bbox 103 1376 164 1417; x_wconf 80' lang='lat' dir='ltr'><strong>nos.</strong></span> 
     </span>
    </p>
   </div>
   <div class='ocr_carea' id='block_1_4' title="bbox 105 1441 957 2378">
    <p class='ocr_par' dir='ltr' id='par_1_11' title="bbox 105 1441 902 1585">
     <span class='ocr_line' id='line_1_18' title="bbox 142 1441 902 1516; baseline 0.003 -18"><span class='ocrx_word' id='word_1_98' title='bbox 142 1442 210 1498; x_wconf 64' lang='lat' dir='ltr'><strong>Alete</strong></span> <span class='ocrx_word' id='word_1_99' title='bbox 234 1443 346 1511; x_wconf 78' lang='lat' dir='ltr'><strong>dotiph.</strong></span> <span class='ocrx_word' id='word_1_100' title='bbox 371 1443 442 1497; x_wconf 85' lang='lat' dir='ltr'><strong>Ante</strong></span> <span class='ocrx_word' id='word_1_101' title='bbox 468 1457 517 1498; x_wconf 85' lang='lat' dir='ltr'><strong>sex</strong></span> <span class='ocrx_word' id='word_1_102' title='bbox 541 1441 598 1498; x_wconf 86' lang='lat' dir='ltr'><strong>dies</strong></span> <span class='ocrx_word' id='word_1_103' title='bbox 623 1443 748 1498; x_wconf 90' lang='lat' dir='ltr'><strong>solemnis</strong></span> <span class='ocrx_word' id='word_1_104' title='bbox 772 1444 902 1516; x_wconf 72' lang='lat' dir='ltr'><strong>Paschae,</strong></span> 
     </span>
     <span class='ocr_line' id='line_1_19' title="bbox 105 1512 827 1585; baseline 0 -17"><span class='ocrx_word' id='word_1_105' title='bbox 105 1512 215 1582; x_wconf 80' lang='lat' dir='ltr'><strong>quondo</strong></span> <span class='ocrx_word' id='word_1_106' title='bbox 232 1514 307 1568; x_wconf 87' lang='lat' dir='ltr'><strong>venit</strong></span> <span class='ocrx_word' id='word_1_107' title='bbox 323 1514 453 1569; x_wconf 82' lang='lat' dir='ltr'>Dominus</span> <span class='ocrx_word' id='word_1_108' title='bbox 470 1514 500 1567; x_wconf 91' lang='lat' dir='ltr'><strong>in</strong></span> <span class='ocrx_word' id='word_1_109' title='bbox 517 1514 651 1569; x_wconf 80' lang='lat' dir='ltr'><strong>civitatem</strong></span> <span class='ocrx_word' id='word_1_110' title='bbox 669 1515 827 1585; x_wconf 76' lang='lat' dir='ltr'><strong>Jerusalem,</strong></span> 
     </span>
    </p>

    <p class='ocr_par' dir='ltr' id='par_1_12' title="bbox 105 1583 905 1867">
     <span class='ocr_line' id='line_1_20' title="bbox 144 1583 905 1656; baseline 0.005 -18"><span class='ocrx_word' id='word_1_111' title='bbox 144 1583 323 1640; x_wconf 81' lang='lat' dir='ltr'><strong>Occurrenmt</strong></span> <span class='ocrx_word' id='word_1_112' title='bbox 348 1585 374 1640; x_wconf 91' lang='lat' dir='ltr'><strong>ei</strong></span> <span class='ocrx_word' id='word_1_113' title='bbox 396 1585 482 1656; x_wconf 87' lang='lat' dir='ltr'><strong>pueri,</strong></span> <span class='ocrx_word' id='word_1_114' title='bbox 510 1592 539 1640; x_wconf 94' lang='lat' dir='ltr'><strong>et</strong></span> <span class='ocrx_word' id='word_1_115' title='bbox 561 1586 590 1639; x_wconf 90' lang='lat' dir='ltr'><strong>in</strong></span> <span class='ocrx_word' id='word_1_116' title='bbox 614 1585 736 1641; x_wconf 85' lang='lat' dir='ltr'><strong>menibus</strong></span> <span class='ocrx_word' id='word_1_117' title='bbox 759 1586 905 1655; x_wconf 78' lang='lat' dir='ltr'><strong>portabunt</strong></span> 
     </span>
     <span class='ocr_line' id='line_1_21' title="bbox 105 1655 905 1853; baseline 0.003 -73"><span class='ocrx_word' id='word_1_118' title='bbox 105 1655 431 1853; x_wconf 48' lang='lat' dir='ltr'><strong>midelzclpefflffl&#39;voce</strong></span> <span class='ocrx_word' id='word_1_119' title='bbox 448 1743 553 1800; x_wconf 79' lang='lat' dir='ltr'><strong>magno,</strong></span> <span class='ocrx_word' id='word_1_120' title='bbox 578 1727 711 1782; x_wconf 88' lang='lat' dir='ltr'><strong>dieentes:</strong></span> <span class='ocrx_word' id='word_1_121' title='bbox 730 1725 905 1798; x_wconf 80' lang='lat' dir='ltr'><strong>Hosennnin</strong></span> 
     </span>
     <span class='ocr_line' id='line_1_22' title="bbox 106 1813 229 1867; baseline -0.008 -13"><span class='ocrx_word' id='word_1_122' title='bbox 106 1813 173 1854; x_wconf 86' lang='lat' dir='ltr'><strong>exce</strong></span> <span class='ocrx_word' id='word_1_123' title='bbox 197 1815 229 1867; x_wconf 80' lang='lat' dir='ltr'><strong>rs,</strong></span> 
     </span>
    </p>

    <p class='ocr_par' dir='ltr' id='par_1_13' title="bbox 107 1867 957 2011">
     <span class='ocr_line' id='line_1_23' title="bbox 142 1867 957 1938; baseline -0.002 -14"><span class='ocrx_word' id='word_1_124' title='bbox 142 1867 305 1925; x_wconf 82' lang='lat' dir='ltr'><strong>Benedictus</strong></span> <span class='ocrx_word' id='word_1_125' title='bbox 331 1869 377 1938; x_wconf 89' lang='lat' dir='ltr'><strong>qui</strong></span> <span class='ocrx_word' id='word_1_126' title='bbox 399 1869 497 1926; x_wconf 85' lang='lat' dir='ltr'><strong>venisti</strong></span> <span class='ocrx_word' id='word_1_127' title='bbox 520 1871 549 1924; x_wconf 89' lang='lat' dir='ltr'><strong>in</strong></span> <span class='ocrx_word' id='word_1_128' title='bbox 566 1867 733 1925; x_wconf 86' lang='lat' dir='ltr'><strong>multitudine</strong></span> <span class='ocrx_word' id='word_1_129' title='bbox 756 1867 906 1926; x_wconf 88' lang='lat' dir='ltr'><strong>misericor·</strong></span> <span class='ocrx_word' id='word_1_130' title='bbox 955 1918 957 1922; x_wconf 86' lang='lat'>.</span> 
     </span>
     <span class='ocr_line' id='line_1_24' title="bbox 107 1939 590 2011; baseline -0.004 -15"><span class='ocrx_word' id='word_1_131' title='bbox 107 1939 169 1996; x_wconf 81' lang='lat' dir='ltr'><strong>dine</strong></span> <span class='ocrx_word' id='word_1_132' title='bbox 186 1947 259 2011; x_wconf 79' lang='lat' dir='ltr'><strong>tuoe,</strong></span> <span class='ocrx_word' id='word_1_133' title='bbox 276 1941 405 1997; x_wconf 83' lang='lat' dir='ltr'><strong>Hosenne</strong></span> <span class='ocrx_word' id='word_1_134' title='bbox 421 1942 450 1995; x_wconf 90' lang='lat' dir='ltr'><strong>in</strong></span> <span class='ocrx_word' id='word_1_135' title='bbox 468 1941 590 1997; x_wconf 86' lang='lat' dir='ltr'><strong>excelsis.</strong></span> 
     </span>
    </p>

    <p class='ocr_par' dir='ltr' id='par_1_14' title="bbox 143 2020 906 2092">
     <span class='ocr_line' id='line_1_25' title="bbox 143 2020 906 2092; baseline 0 -14"><span class='ocrx_word' id='word_1_136' title='bbox 143 2023 213 2078; x_wconf 79' lang='lat' dir='ltr'><strong>Alio</strong></span> <span class='ocrx_word' id='word_1_137' title='bbox 230 2024 343 2092; x_wconf 51' lang='lat' dir='ltr'><strong>Antoni.</strong></span> <span class='ocrx_word' id='word_1_138' title='bbox 375 2022 524 2079; x_wconf 88' lang='lat' dir='ltr'><strong>Occurrunt</strong></span> <span class='ocrx_word' id='word_1_139' title='bbox 546 2023 641 2079; x_wconf 83' lang='lat' dir='ltr'><strong>turbee</strong></span> <span class='ocrx_word' id='word_1_140' title='bbox 666 2037 726 2076; x_wconf 90' lang='lat' dir='ltr'><strong>cum</strong></span> <span class='ocrx_word' id='word_1_141' title='bbox 749 2020 860 2078; x_wconf 85' lang='lat' dir='ltr'><strong>floribus</strong></span> <span class='ocrx_word' id='word_1_142' title='bbox 878 2028 906 2078; x_wconf 87' lang='lat' dir='ltr'><strong>et</strong></span> 
     </span>
    </p>

    <p class='ocr_par' dir='ltr' id='par_1_15' title="bbox 129 2093 906 2166">
     <span class='ocr_line' id='line_1_26' title="bbox 129 2093 906 2166; baseline 0.003 -16"><span class='ocrx_word' id='word_1_143' title='bbox 129 2095 205 2150; x_wconf 82' lang='lat' dir='ltr'><strong>ulmis</strong></span> <span class='ocrx_word' id='word_1_144' title='bbox 229 2093 403 2164; x_wconf 84' lang='lat' dir='ltr'><strong>Redemptori</strong></span> <span class='ocrx_word' id='word_1_145' title='bbox 427 2095 541 2166; x_wconf 83' lang='lat' dir='ltr'><strong>obvium,</strong></span> <span class='ocrx_word' id='word_1_146' title='bbox 566 2101 593 2149; x_wconf 93' lang='lat' dir='ltr'><strong>et</strong></span> <span class='ocrx_word' id='word_1_147' title='bbox 610 2093 706 2149; x_wconf 83' lang='lat' dir='ltr'><strong>victori</strong></span> <span class='ocrx_word' id='word_1_148' title='bbox 731 2093 906 2163; x_wconf 77' lang='lat' dir='ltr'><strong>triumphanti</strong></span> 
     </span>
    </p>

    <p class='ocr_par' dir='ltr' id='par_1_16' title="bbox 128 2166 427 2235">
     <span class='ocr_line' id='line_1_27' title="bbox 128 2166 427 2235; baseline 0.01 -14"><span class='ocrx_word' id='word_1_149' title='bbox 128 2168 190 2235; x_wconf 78' lang='lat' dir='ltr'><strong>&#39;gne</strong></span> <span class='ocrx_word' id='word_1_150' title='bbox 206 2166 271 2222; x_wconf 89' lang='lat' dir='ltr'><strong>dant</strong></span> <span class='ocrx_word' id='word_1_151' title='bbox 289 2166 427 2235; x_wconf 70' lang='lat' dir='ltr'><strong>obsequio</strong></span> 
     </span>
    </p>

    <p class='ocr_par' dir='ltr' id='par_1_17' title="bbox 107 2233 907 2378">
     <span class='ocr_line' id='line_1_28' title="bbox 144 2233 907 2306; baseline -0.001 -15"><span class='ocrx_word' id='word_1_152' title='bbox 144 2238 242 2293; x_wconf 86' lang='lat' dir='ltr'><strong>Filium</strong></span> <span class='ocrx_word' id='word_1_153' title='bbox 259 2238 313 2296; x_wconf 93' lang='lat' dir='ltr'><strong>Dei</strong></span> <span class='ocrx_word' id='word_1_154' title='bbox 336 2252 383 2292; x_wconf 90' lang='lat' dir='ltr'><strong>ore</strong></span> <span class='ocrx_word' id='word_1_155' title='bbox 401 2243 494 2306; x_wconf 81' lang='lat' dir='ltr'><strong>gentes</strong></span> <span class='ocrx_word' id='word_1_156' title='bbox 512 2233 676 2306; x_wconf 75' lang='lat' dir='ltr'><strong>praedicant,</strong></span> <span class='ocrx_word' id='word_1_157' title='bbox 701 2239 729 2291; x_wconf 86' lang='lat' dir='ltr'><strong>et</strong></span> <span class='ocrx_word' id='word_1_158' title='bbox 754 2235 783 2289; x_wconf 88' lang='lat' dir='ltr'><strong>in</strong></span> <span class='ocrx_word' id='word_1_159' title='bbox 799 2233 907 2290; x_wconf 86' lang='lat' dir='ltr'><strong>leudem</strong></span> 
     </span>
     <span class='ocr_line' id='line_1_29' title="bbox 107 2305 904 2378; baseline -0.004 -12"><span class='ocrx_word' id='word_1_160' title='bbox 107 2308 208 2369; x_wconf 82' lang='lat' dir='ltr'><strong>Christi</strong></span> <span class='ocrx_word' id='word_1_161' title='bbox 225 2324 306 2365; x_wconf 85' lang='lat' dir='ltr'><strong>voces</strong></span> <span class='ocrx_word' id='word_1_162' title='bbox 315 2315 410 2364; x_wconf 84' lang='lat' dir='ltr'><strong>tonant</strong></span> <span class='ocrx_word' id='word_1_163' title='bbox 419 2323 470 2378; x_wconf 82' lang='lat' dir='ltr'><strong>per</strong></span> <span class='ocrx_word' id='word_1_164' title='bbox 476 2307 583 2363; x_wconf 78' lang='lat' dir='ltr'><strong>nubile:</strong></span> <span class='ocrx_word' id='word_1_165' title='bbox 601 2305 731 2363; x_wconf 82' lang='lat' dir='ltr'><strong>Hosunne</strong></span> <span class='ocrx_word' id='word_1_166' title='bbox 742 2307 772 2360; x_wconf 90' lang='lat' dir='ltr'><strong>in</strong></span> <span class='ocrx_word' id='word_1_167' title='bbox 783 2307 904 2363; x_wconf 74' lang='lat' dir='ltr'><strong>excelsis.</strong></span> 
     </span>
    </p>
   </div>
   <div class='ocr_carea' id='block_1_5' title="bbox 109 2387 909 2972">
    <p class='ocr_par' dir='ltr' id='par_1_18' title="bbox 109 2387 907 2590">
     <span class='ocr_line' id='line_1_30' title="bbox 145 2387 906 2462; baseline -0.003 -14"><span class='ocrx_word' id='word_1_168' title='bbox 145 2393 212 2448; x_wconf 82' lang='lat' dir='ltr'><strong>Alio</strong></span> <span class='ocrx_word' id='word_1_169' title='bbox 228 2394 341 2462; x_wconf 70' lang='lat' dir='ltr'><strong>Antion.</strong></span> <span class='ocrx_word' id='word_1_170' title='bbox 360 2392 427 2447; x_wconf 82' lang='lat' dir='ltr'><strong>Cum</strong></span> <span class='ocrx_word' id='word_1_171' title='bbox 443 2390 554 2460; x_wconf 80' lang='lat' dir='ltr'><strong>Angelis</strong></span> <span class='ocrx_word' id='word_1_172' title='bbox 573 2396 600 2446; x_wconf 86' lang='lat' dir='ltr'><strong>et</strong></span> <span class='ocrx_word' id='word_1_173' title='bbox 617 2390 709 2458; x_wconf 72' lang='lat' dir='ltr'><strong>uueris</strong></span> <span class='ocrx_word' id='word_1_174' title='bbox 720 2387 814 2446; x_wconf 86' lang='lat' dir='ltr'><strong>fideles</strong></span> <span class='ocrx_word' id='word_1_175' title='bbox 832 2390 906 2446; x_wconf 85' lang='lat' dir='ltr'><strong>inve·</strong></span> 
     </span>
     <span class='ocr_line' id='line_1_31' title="bbox 109 2461 907 2590; baseline -0.001 -73"><span class='ocrx_word' id='word_1_176' title='bbox 109 2464 221 2590; x_wconf 43' lang='lat' dir='ltr'><strong>nium&amp;</strong></span> <span class='ocrx_word' id='word_1_177' title='bbox 239 2464 427 2533; x_wconf 81' lang='lat' dir='ltr'><strong>triumphatori</strong></span> <span class='ocrx_word' id='word_1_178' title='bbox 444 2463 538 2518; x_wconf 89' lang='lat' dir='ltr'><strong>mortis</strong></span> <span class='ocrx_word' id='word_1_179' title='bbox 556 2462 714 2518; x_wconf 79' lang='lat' dir='ltr'><strong>clementes:</strong></span> <span class='ocrx_word' id='word_1_180' title='bbox 731 2461 861 2518; x_wconf 79' lang='lat' dir='ltr'><strong>Hcsunnn</strong></span> <span class='ocrx_word' id='word_1_181' title='bbox 877 2461 907 2516; x_wconf 90' lang='lat' dir='ltr'><strong>in</strong></span> 
     </span>
     <span class='ocr_line' id='line_1_32' title="bbox 109 2548 230 2590; baseline 0 0"><span class='ocrx_word' id='word_1_182' title='bbox 109 2548 175 2590; x_wconf 85' lang='lat' dir='ltr'><strong>exce</strong></span> <span class='ocrx_word' id='word_1_183' title='bbox 209 2551 230 2590; x_wconf 88' lang='lat' dir='ltr'><strong>s.</strong></span> 
     </span>
    </p>

    <p class='ocr_par' dir='ltr' id='par_1_19' title="bbox 110 2610 908 2831">
     <span class='ocr_line' id='line_1_33' title="bbox 146 2610 907 2688; baseline -0.005 -16"><span class='ocrx_word' id='word_1_184' title='bbox 146 2617 213 2672; x_wconf 72' lang='lat' dir='ltr'><strong>Atto</strong></span> <span class='ocrx_word' id='word_1_185' title='bbox 229 2617 343 2688; x_wconf 68' lang='lat' dir='ltr'><strong>Ardipt</strong></span> <span class='ocrx_word' id='word_1_186' title='bbox 378 2616 470 2674; x_wconf 83' lang='lat' dir='ltr'><strong>Turba</strong></span> <span class='ocrx_word' id='word_1_187' title='bbox 487 2614 579 2686; x_wconf 71' lang='lat' dir='ltr'><strong>multa,</strong></span> <span class='ocrx_word' id='word_1_188' title='bbox 605 2628 674 2684; x_wconf 80' lang='lat' dir='ltr'><strong>quoe</strong></span> <span class='ocrx_word' id='word_1_189' title='bbox 692 2617 856 2669; x_wconf 72' lang='lat' dir='ltr'><strong>convenerat</strong></span> <span class='ocrx_word' id='word_1_190' title='bbox 872 2610 907 2668; x_wconf 86' lang='lat' dir='ltr'><strong>ed</strong></span> 
     </span>
     <span class='ocr_line' id='line_1_34' title="bbox 111 2684 908 2758; baseline -0.004 -17"><span class='ocrx_word' id='word_1_191' title='bbox 111 2686 182 2742; x_wconf 90' lang='lat' dir='ltr'><strong>diem</strong></span> <span class='ocrx_word' id='word_1_192' title='bbox 198 2685 307 2758; x_wconf 74' lang='lat' dir='ltr'><strong>festum·</strong></span> <span class='ocrx_word' id='word_1_193' title='bbox 323 2689 454 2744; x_wconf 77' lang='lat' dir='ltr'><strong>clamabat</strong></span> <span class='ocrx_word' id='word_1_194' title='bbox 471 2687 601 2742; x_wconf 87' lang='lat' dir='ltr'><strong>Domino:</strong></span> <span class='ocrx_word' id='word_1_195' title='bbox 619 2684 780 2743; x_wconf 81' lang='lat' dir='ltr'><strong>Benedictus</strong></span> <span class='ocrx_word' id='word_1_196' title='bbox 798 2684 844 2753; x_wconf 84' lang='lat' dir='ltr'><strong>qui</strong></span> <span class='ocrx_word' id='word_1_197' title='bbox 861 2697 908 2738; x_wconf 87' lang='lat' dir='ltr'><strong>ve·</strong></span> 
     </span>
     <span class='ocr_line' id='line_1_35' title="bbox 110 2756 782 2831; baseline -0.006 -15"><span class='ocrx_word' id='word_1_198' title='bbox 110 2759 151 2816; x_wconf 87' lang='lat' dir='ltr'><strong>nit</strong></span> <span class='ocrx_word' id='word_1_199' title='bbox 167 2759 196 2814; x_wconf 89' lang='lat' dir='ltr'><strong>in</strong></span> <span class='ocrx_word' id='word_1_200' title='bbox 212 2761 318 2816; x_wconf 89' lang='lat' dir='ltr'><strong>nomine</strong></span> <span class='ocrx_word' id='word_1_201' title='bbox 335 2760 452 2831; x_wconf 86' lang='lat' dir='ltr'><strong>Domini,</strong></span> <span class='ocrx_word' id='word_1_202' title='bbox 470 2758 599 2814; x_wconf 83' lang='lat' dir='ltr'><strong>Hosennu</strong></span> <span class='ocrx_word' id='word_1_203' title='bbox 615 2756 644 2810; x_wconf 90' lang='lat' dir='ltr'><strong>in</strong></span> <span class='ocrx_word' id='word_1_204' title='bbox 662 2756 782 2812; x_wconf 86' lang='lat' dir='ltr'><strong>excelsis.</strong></span> 
     </span>
    </p>

    <p class='ocr_par' dir='ltr' id='par_1_20' title="bbox 146 2827 909 2900">
     <span class='ocr_line' id='line_1_36' title="bbox 146 2827 909 2900; baseline -0.005 -14"><span class='ocrx_word' id='word_1_205' title='bbox 146 2833 172 2886; x_wconf 81' lang='grc'><strong>3.</strong></span> <span class='ocrx_word' id='word_1_206' title='bbox 190 2831 227 2886; x_wconf 83' lang='lat' dir='ltr'><strong>Io</strong></span> <span class='ocrx_word' id='word_1_207' title='bbox 249 2833 399 2886; x_wconf 67' lang='lat' dir='ltr'><strong>recoctione</strong></span> <span class='ocrx_word' id='word_1_208' title='bbox 419 2829 608 2900; x_wconf 69' lang='lat' dir='ltr'><strong>praececinere,</strong></span> <span class='ocrx_word' id='word_1_209' title='bbox 639 2827 703 2898; x_wconf 80' lang='lat' dir='ltr'><strong>duo,</strong></span> <span class='ocrx_word' id='word_1_210' title='bbox 727 2829 768 2884; x_wconf 79' lang='lat' dir='ltr'><strong>eei</strong></span> <span class='ocrx_word' id='word_1_211' title='bbox 791 2829 909 2896; x_wconf 66' lang='lat' dir='ltr'><strong>monor</strong></span> 
     </span>
    </p>

    <p class='ocr_par' dir='ltr' id='par_1_21' title="bbox 164 2917 802 2972">
     <span class='ocr_line' id='line_1_37' title="bbox 164 2917 802 2972; baseline -0.005 -8"><span class='ocrx_word' id='word_1_212' title='bbox 164 2919 267 2964; x_wconf 68' lang='lat' dir='ltr'><strong>murus</strong></span> <span class='ocrx_word' id='word_1_213' title='bbox 281 2921 425 2962; x_wconf 78' lang='lat' dir='ltr'><strong>secerdotum.</strong></span> <span class='ocrx_word' id='word_1_214' title='bbox 453 2919 537 2972; x_wconf 72' lang='lat' dir='ltr'><strong>(nuno</strong></span> <span class='ocrx_word' id='word_1_215' title='bbox 550 2917 600 2970; x_wconf 77' lang='lat' dir='ltr'><strong>VI.)</strong></span> <span class='ocrx_word' id='word_1_216' title='bbox 767 2917 802 2970; x_wconf 83' lang='lat'><strong>20</strong></span> 
     </span>
    </p>
   </div>
   <div class='ocr_carea' id='block_1_6' title="bbox 0 0 1080 3228">
    <p class='ocr_par' dir='ltr' id='par_1_22' title="bbox 0 0 1080 3228">
     <span class='ocr_line' id='line_1_38' title="bbox 0 0 1080 3228; baseline 0 0"><span class='ocrx_word' id='word_1_217' title='bbox 0 0 1080 3228; x_wconf 95' lang='lat' dir='ltr'><strong> </strong></span> 
     </span>
    </p>
   </div>
  </div>
 </body>
</html>
