2106 3228
249 209 350 252 lictoriae
364 208 526 250 nonnullorum
539 209 711 256 meditationum,
851 204 877 248 tl

97 309 225 366 sinadone
234 320 368 382 properet,
378 327 513 378 nusquam
524 312 648 381 haerens,
657 327 789 378 nusquam
797 319 879 380 vega·
913 286 918 302 ¹

95 380 179 436 lunda.
208 383 360 451 Ingreditur
378 383 490 438 tandem
509 383 614 438 domurn
627 383 790 450 Zachariae3
803 383 879 450 prior

95 453 187 522 sdutat,
214 455 372 522 obsequium
391 454 488 523 defert,
514 455 553 508 illi
577 455 610 508 de
629 456 733 509 Joanne
756 454 785 506 in
802 469 878 508 sene-

94 530 155 578 etate
168 531 194 578 et
206 527 347 580 sterilitate
361 533 493 593 concepto
507 527 664 594 gratulatur.
690 524 745 579 Sed
759 532 786 578 et
800 539 880 591 quam

95 594 242 652 adnhabilis
262 604 289 652 et
307 597 448 652 fructuosa
471 613 504 651 ea
527 605 554 651 et
570 597 689 652 visitatio
709 603 736 650 et
754 596 879 650 emutatio

94 664 171 735 bresit,
197 667 328 736 expende,
357 669 499 722 Elisabeth
516 669 635 736 repletur
653 668 755 736 Spiritu
773 673 881 734 sancto,

95 737 210 794 exclamat
219 755 287 808 prae
298 739 489 808 admiratione3
503 741 623 808 agnoscit
633 741 662 793 in
672 740 793 807 virgineo
802 743 879 792 utero

96 817 236 877 conceptum
253 812 352 879 Deum,
379 813 518 878 ipsamque
542 813 672 880 virginem
697 810 750 864 Dei
767 816 880 874 matrem

95 877 209 934 effectam.
241 883 371 950 ioannes,
392 883 540 936 accelerato
558 884 586 936 in
604 898 633 936 se
653 882 779 936 divinitus
797 881 878 934 ratio·

94 950 244 1022 diiuncto,
268 955 298 1006 in
316 960 438 1008 materno
456 961 533 1008 utero
552 955 648 1023 exsilit,
671 953 806 1007 Christum
823 967 879 1006 ma·

94 1027 201 1090 nonque
227 1025 286 1078 eius
314 1025 422 1093 salutat,
450 1023 636 1094 sanctificatur,
667 1025 726 1078 Deo
750 1025 878 1092 repletur.

94 1091 180 1148 Varios
193 1095 253 1150 hinc
268 1096 381 1162 concipe
395 1095 520 1164 affectus3
535 1103 562 1150 et
575 1103 638 1163 pete
651 1096 756 1150 visitari
770 1112 786 1149 a
799 1096 830 1150 B.
843 1095 877 1150 V.

97 1169 120 1218 et
135 1165 187 1220 eius
204 1167 368 1221 visitationis
387 1166 516 1221 fructibus
534 1168 679 1235 gratiisque
697 1167 823 1234 gaudere.

96 1302 101 1313 Ι
123 1235 167 1288 ΠΙ.
195 1237 344 1292 Considera
361 1238 482 1306 Mariam,
502 1247 601 1292 ettam
619 1238 779 1292 admirandis
796 1238 878 1292 rebus

94 1318 177 1385 meua
193 1309 350 1376 praesentia
367 1309 469 1363 effectis
483 1310 604 1364 attentis
623 1309 746 1363 laudibus
768 1325 799 1362 ac
818 1324 878 1376 gra·

95 1375 132 1429 tris
149 1393 165 1432 a
181 1395 229 1434 sua
243 1387 360 1448 cognata
373 1381 412 1434 illi
425 1381 611 1449 pronuntiatis,
629 1381 695 1434 nihil
707 1381 878 1449 insolescere,

95 1446 152 1500 nihil
168 1451 216 1504 sibi
234 1453 363 1519 tribuere,
382 1467 412 1506 se
425 1453 510 1518 ipsam
523 1453 608 1519 magis
623 1452 737 1506 abiicere
750 1452 778 1504 in
791 1452 879 1504 Deum

96 1517 184 1574 reterre
194 1524 292 1591 omnia,
304 1529 451 1590 apertoque
463 1523 573 1577 coelesti
586 1522 673 1576 cordis
687 1524 729 1578 sui
742 1523 878 1590 thesauro,

97 1588 237 1648 ardentibus
248 1595 276 1646 in
292 1601 403 1661 pectore
418 1595 515 1648 amoris
529 1593 649 1662 fiammis,
669 1594 781 1648 sublatis
796 1593 879 1647 oculis

97 1665 119 1712 et
133 1664 247 1718 manibus
265 1666 296 1718 in
315 1665 431 1732 coelum,
459 1665 667 1732 profundissima
683 1665 833 1718 humilitate
851 1671 881 1718 et

97 1726 224 1811 devotione
237 1735 438 1790 ferventissima
451 1751 589 1804 erumpere
602 1738 629 1790 in
639 1737 785 1804 gratiarum
799 1734 881 1788 actio

97 1814 131 1855 aa
147 1819 230 1874 voces,
249 1815 278 1861 ct
298 1805 454 1861 admirabile
471 1807 537 1862 illud
550 1808 687 1861 Canticum
707 1807 878 1874 depromere:

96 1869 250 1951 Maeoticae,
269 1884 321 1932 etc.
358 1878 440 1932 Disce
458 1879 527 1946 binc,
553 1879 641 1932 omnia
657 1879 685 1931 in
702 1879 791 1932 Deum
808 1879 880 1932 bona

97 1955 192 2010 aquae
209 1949 283 2004 inte
305 1950 442 2017 agnoscis,
469 1949 579 2004 referre.
615 1950 682 2002 Pete
706 1966 723 2003 a
745 1949 805 2003 Deo
829 1964 879 2016 per

96 2017 257 2074 mineruae
275 2022 373 2074 merita
399 2028 426 2074 et
450 2020 577 2088 suffragia
599 2020 758 2088 profundam
775 2020 879 2074 humili-

97 2087 173 2155 tatem,
192 2105 244 2156 qua
256 2091 373 2146 libenter
388 2092 447 2146 aliis
461 2093 572 2159 servias,
587 2091 717 2146 fervidam
732 2093 878 2159 caritatem,

99 2161 264 2238 lapsantem
284 2163 398 2217 aliorum
416 2178 592 2232 promoveas,
619 2169 646 2216 et
675 2163 879 2218 exsultationem

99 2236 192 2290 tpmms
209 2234 264 2300 tui,
298 2249 352 2301 qua
370 2233 494 2287 alacriter
513 2236 601 2288 omnia
619 2233 705 2288 officia
722 2242 769 2288 tua
788 2234 879 2300 obeas,

98 2291 221 2368 Deumque
237 2305 319 2360 rebus
336 2306 366 2358 in
385 2305 512 2363 omnibus,
524 2304 676 2373 magnifices
696 2312 722 2359 et
741 2306 852 2359 exaltes.

145 2424 188 2478 62.
206 2429 388 2482 meditatio:
409 2427 452 2484 De
469 2405 660 2498 assumptione
677 2429 711 2484 B.
730 2429 771 2482 M.
795 2425 825 2481 V.

126 2507 144 2562 L
170 2513 326 2585 Considera,
359 2532 439 2584 quarn
452 2519 574 2584 pretioso
592 2517 673 2572 fuerit
690 2519 720 2571 ιἰι
739 2519 881 2582 eocmeoto

100 2574 197 2657 &mini
212 2586 315 2642 Mariae
333 2591 424 2644 morsi
444 2589 549 2654 quoties
566 2589 638 2643 illam
655 2590 716 2657 ipsa
734 2593 880 2654 exoptave-

100 2653 140 2729 μὴ,
164 2658 236 2721 quasi
254 2659 361 2714 ianuam
377 2659 412 2712 ad
429 2659 609 2715 sublimiorem
626 2661 720 2714 vitam!
746 2655 880 2724 quomodo

102 2716 132 2772 tlh
146 2738 211 2781 mors
224 2744 329 2785 somnus
344 2729 427 2784 bresit
442 2731 659 2786 iucundissimus!
679 2727 813 2798 quomodo
826 2743 881 2780 non

102 2793 146 2844 ΝΠ
161 2799 319 2864 aegritudine
337 2801 384 2856 vel
401 2801 458 2856 ulla
475 2803 604 2871 corporis,
623 2817 702 2869 quam
721 2799 819 2853 amoris
839 2797 883 2849 sui

102 2861 260 2940 vehementia,
274 2873 425 2930 aetandbus
434 2873 582 2941 Apostolis,
599 2888 649 2926 nec
663 2873 721 2926 sine
736 2866 826 2922 dilecti
836 2865 883 2916 Fi·

723 2959 739 3007 2
748 2953 778 2985 ὴ*
