2146 3234
161 141 202 198 62'8
312 158 345 199 De
358 159 488 208 quibusdem
502 159 553 198 ollis
566 159 705 200 secerdotum
719 159 804 202 olfieiie.

163 259 263 330 eredes,
282 266 308 315 et
324 275 528 316 neo-eonem
545 277 649 316 emerem
666 277 806 316 nonensem
823 277 910 315 manu
927 267 962 317 te·

165 347 239 401 neu,
256 333 435 401 perufleetuot
448 347 540 386 eorarn
553 333 651 400 ultum
668 332 867 400 arpennorum
880 335 962 388 cerere

163 405 282 458 menete
303 408 329 457 et
346 403 384 456 ad
400 404 541 456 monimum
565 403 670 457 duobos
693 403 802 458 terim
826 403 964 472 ammius,

158 479 226 530 ,ente
240 475 433 544 professionem
450 474 551 528 dieite
567 475 708 544 Hyromos:

202 550 226 599 1.
244 545 314 600 Veni
333 544 445 600 Creator
468 544 551 612 Spiri-
577 545 845 614 eorporis-Virtute
853 543 964 601 fimens

163 621 216 683 tus,
245 645 279 658 -
310 615 417 671 Mentes
443 622 550 670 tuorum
576 617 691 685 perpeti.

163 687 252 756 visite,
271 715 305 726 -
326 687 411 755 lmple
434 701 551 756 superna
613 689 638 742 5.
656 687 768 742 Hostem
776 687 893 755 repelles
907 688 964 743 lou·

164 759 259 827 graus,
271 787 306 798 -
321 757 396 824 Quae
409 763 440 812 tu
453 758 551 830 creasti
577 759 644 826 gius
665 787 696 798 —
716 758 867 826 Puoemque
880 758 965 815 dones

160 836 282 898 pectore
576 831 706 897 protinus,
730 857 764 868 ·-
787 829 908 884 Ductore
926 831 965 886 sie

200 904 225 955 2.
252 899 303 967 Qui
321 898 417 954 diceris
434 898 550 952 Pereoli-
576 908 604 955 te
630 899 750 969 praevio,
779 929 812 940 -
841 901 965 958 Vitemus

163 977 208 1026 tus
235 999 269 1010 -
296 970 425 1025 Altissimi
452 968 550 1025 donum
577 986 654 1026 omne
671 971 788 1025 noxium.

164 1042 225 1112 Dei,
252 1069 286 1080 -
308 1041 382 1096 Fons
400 1041 485 1109 rivus,
510 1041 549 1108 ig·
612 1045 637 1096 6.
664 1042 719 1097 Per
743 1049 770 1096 te
794 1042 910 1097 sciemus
928 1041 964 1098 dn

52 1117 55 1124 '
164 1112 331 1180 uincentes,
356 1141 390 1152 -
418 1112 456 1167 Et
473 1111 550 1180 spiri·
576 1114 692 1181 Putrem,
711 1141 744 1152 —
758 1112 909 1169 Noseemus
923 1121 964 1169 nt·

166 1183 230 1239 tulis
247 1184 346 1237 unctio.
577 1199 629 1253 que
660 1183 772 1252 Filium,
807 1212 836 1222 -
869 1183 963 1252 Teque

202 1257 227 1308 3.
254 1254 296 1309 Tu
314 1253 476 1323 septiformis
494 1269 550 1308 mu·
576 1257 715 1323 utriusque
723 1251 963 1322 Spiritum-Ore·

165 1339 238 1394 nere,
254 1355 287 1364 -
300 1325 407 1394 Digitus
420 1331 550 1394 paternae
577 1325 670 1381 dumus
689 1325 759 1380 omni
776 1331 907 1394 tempore.

166 1396 301 1463 dexterae,
312 1427 345 1436 -
360 1397 402 1450 Tu
419 1397 470 1452 rite
488 1411 550 1464 pro·
613 1401 637 1452 7.
656 1397 715 1451 Deo
728 1395 802 1450 Patri
822 1397 857 1451 sit
877 1397 964 1466 glorie

165 1468 275 1524 missum
288 1467 385 1537 Petris,
397 1497 428 1508 «-
445 1467 550 1522 Sermo·
578 1497 610 1508 —-
629 1467 749 1535 Eiusque
769 1467 820 1521 soli
836 1467 908 1522 Filio
927 1497 961 1511 -

166 1539 308 1594 ue-ditens
329 1546 443 1607 gutture.
578 1539 643 1594 (lum
657 1539 759 1607 Spiritu
774 1537 910 1594 Pareolito
928 1569 963 1579 -
1022 1595 1026 1605 ,
1060 1551 1061 1578 r

202 1614 229 1666 4.
246 1610 370 1664 Aeeeude
385 1609 474 1664 lumen
492 1625 551 1664 seu·
577 1611 655 1664 Nune
669 1617 697 1665 et
714 1623 856 1678 peremne
871 1625 965 1666 seecu-

167 1682 292 1750 sibus‚-
304 1680 416 1735 Infimde
435 1695 552 1736 emerem
577 1682 640 1739 lum.
676 1682 770 1735 Arnen.

74 1835 77 1844 ὁ
167 1750 552 1820 eordibus‚-lnfirmauostri

220 1859 281 1900 Haeo
295 1859 412 1907 doxologle
426 1858 528 1907 sumitur,
543 1859 630 1908 quaudo
644 1843 743 1908 nymnls
753 1858 776 1897 ln
785 1857 964 1909 prooeeeiuulbuu
1059 1881 1060 1884 =

168 1911 260 1962 elllsque
274 1913 375 1962 precibus
395 1913 458 1951 extre
471 1915 558 1961 tempus
578 1911 682 1961 puellule
700 1912 794 1960 dicisum
813 1914 912 1961 tempore
925 1922 965 1961 ps·

168 1965 238 2008 seneli
251 1967 367 2016 doxologie
382 1975 409 2006 ex
422 1966 478 2009 deor.
492 1967 512 2006 nl
527 1967 554 2006 Β.
569 1965 591 2004 0.
605 1964 642 2005 28.
655 1965 711 2005 Julll
725 1964 787 2007 1832.
801 1967 846 2004 eet:

204 2035 263 2090 Deo
278 2037 353 2091 Patri
367 2037 401 2091 sit
414 2036 507 2105 glorie,
523 2066 556 2075 -
570 2036 608 2090 Et
620 2035 699 2104 Filio,
714 2035 759 2102 qui
773 2051 790 2089 a
802 2034 914 2089 mortuis
930 2063 963 2072 -

169 2106 308 2176 Surrexit,
335 2123 367 2162 oe
384 2107 533 2176 Poreelito,
557 2135 591 2146 -
616 2108 647 2160 In
665 2107 831 2164 suecrulorum
848 2103 970 2160 seeeule.

168 2178 359 2305 imprime
378 2248 506 2318 Spiritum
522 2255 597 2303 tuum
616 2254 644 2302 et
661 2247 829 2316 creabuntur,

204 2319 240 2374 R.
259 2319 296 2373 Et
313 2320 456 2376 renovabis
473 2320 569 2374 faeiem
585 2327 683 2374 terme.

209 2390 239 2444 V.
258 2389 380 2460 Domine,
399 2391 496 2445 exaudi
514 2391 662 2446 orationem
679 2405 774 2459 meum,
792 2395 842 2444 ete.

209 2461 240 2516 V.
258 2460 388 2517 Dominus
406 2462 550 2531 vobiscum,
569 2469 619 2518 eto.

207 2530 325 2588 oenus
357 2533 440 2602 Deus,
459 2534 504 2601 qui
518 2533 601 2587 eorde
613 2531 731 2586 fidelium
750 2529 835 2586 saneti
848 2527 972 2596 Spiritus

167 2601 347 2658 illustratione
373 2603 503 2672 docuisti3
530 2601 566 2657 de
589 2603 666 2658 uobis
690 2602 718 2656 iu
743 2600 837 2656 eodem
864 2599 972 2668 Spiritu

169 2680 245 2727 reete
262 2689 372 2741 supere,
403 2681 430 2728 et
448 2674 481 2728 do
501 2674 559 2729 eius
577 2689 684 2742 semper
701 2671 883 2728 consolatione
901 2685 971 2739 geu·

170 2741 242 2800 dere.
273 2745 327 2798 Per
345 2744 480 2798 Christum
497 2745 641 2799 Dominum
658 2751 786 2799 nostrum.
823 2744 916 2796 Amen.

206 2815 307 2868 Postea
319 2814 444 2868 sacerdos
457 2815 530 2870 redet
547 2817 589 2882 (io
602 2831 687 2870 romu
699 2814 848 2884 Epmolm,
867 2813 974 2870 usen-
