2152 3234
292 193 325 233 De
339 192 375 234 ss.
390 191 543 233 dnebmietlae
556 192 705 234 sacramento.
857 189 898 234 lib

132 297 158 350 9.
177 293 286 348 Deinde
293 295 318 362 ¹)
330 298 437 349 monia
445 309 530 347 mona
544 293 663 360 deamo,
682 293 841 363 benedictii)
854 295 897 364 iia,

96 367 147 436 qui
163 366 403 432 communicantia,
422 364 525 420 duone:
544 363 700 420 Benedictio
714 365 766 419 Dei
780 365 898 433 omnipo·

98 437 191 506 tentis,
210 436 299 491 Patris
315 439 342 505 τ,
362 443 389 490 et
406 436 477 505 Filii,
496 443 523 490 et
541 435 656 504 Spiritus
681 436 766 491 sancti
790 435 899 492 deseen-

99 507 147 564 det
166 523 248 576 super
265 523 324 576 vos,
343 515 372 562 et
388 513 496 562 maneat
513 522 627 575 semper.
645 537 680 548 -
698 506 733 562 R.
752 507 847 562 Amen.

263 611 291 666 b)
311 609 387 656 lutra
401 609 513 656 Missam.
541 617 584 665 (nx
598 617 643 658 nit.
657 615 730 667 nom.)

133 686 158 738 1.
179 681 279 738 Statim
293 687 358 750 poet
377 681 595 737 Communionem
608 683 755 738 sacerdotis
768 682 900 738 celebrun-

75 767 78 772 ‘
94 755 133 810 tie
141 754 205 821 fieri
213 753 288 807 debet
294 751 317 820 ³)
330 754 397 819 (aiei
406 753 566 824 quandoque
575 755 776 809 extationabtle'
785 751 898 822 causat)

90 825 291 896 posiMiesom
308 825 345 879 eit
359 825 509 896 facienda),
537 843 597 881 eum
617 825 765 897 Orationes,
784 826 901 896 quaein

116 963 139 1015 1)
154 965 233 1005 nient
246 965 270 1003 et
279 965 377 1005 extendit
386 975 472 1016 manus,
486 967 539 1016 quin
550 967 661 1009 osculetur
669 969 731 1018 prius
742 970 819 1009 altare.
833 967 863 1018 (8.
873 967 899 1011 Β.

149 1030 172 1070 o.
190 1028 221 1070 16.
236 1028 313 1069 Martii
327 1028 401 1076 1888.)

113 1093 135 1145 ἵ)
148 1096 211 1138 Haeo
225 1094 348 1134 benedictio
363 1093 445 1146 [muna
460 1107 505 1137 non
518 1107 571 1137 vero
585 1098 671 1149 pyxide,
686 1099 716 1148 (8.
725 1099 752 1140 B.
762 1098 783 1140 d.
793 1096 830 1139 28.
842 1097 900 1138 nteit

149 1158 232 1212 leudi]
248 1171 333 1210 semper
349 1162 397 1202 dari
411 1163 488 1212 debet,
509 1165 575 1204 etiem
590 1166 691 1215 exposito
704 1165 740 1208 88.
751 1167 899 1215 sacramento,

151 1226 333 1278 quotiesoumque
356 1227 377 1272 S.
398 1227 527 1268 Oommuuio
551 1230 690 1270 distribuitur
712 1233 775 1270 extra
798 1231 899 1280 Missam,

152 1292 240 1333 etiamsi
254 1293 293 1331 ilat
307 1293 430 1334 immediate
449 1296 500 1333 ante
514 1294 550 1334 rel
567 1296 618 1344 post
632 1295 729 1344 illesam,
752 1295 804 1344 niel,
827 1295 847 1335 el
860 1296 900 1335 ilat

151 1361 205 1399 ante
219 1358 318 1408 Missam,
332 1362 427 1410 eonrtet,
441 1371 517 1401 omnes
531 1371 601 1410 usque
613 1361 643 1401 ed
654 1362 720 1401 tinem
733 1362 814 1402 Missae
827 1362 851 1401 in
864 1372 899 1401 eo·

150 1423 218 1463 alesia
232 1434 279 1464 esso
293 1434 421 1474 mansuros;
434 1436 506 1474 neque
520 1425 585 1466 datur
599 1437 624 1466 eo
639 1437 703 1475 meu,
723 1437 766 1476 quo
786 1427 822 1467 ss.
837 1426 899 1466 (iom-

153 1492 227 1530 munio
242 1490 366 1530 immediate
379 1494 431 1531 ante
445 1491 480 1532 vei
493 1495 544 1542 post
559 1494 649 1534 iiissam
663 1493 689 1533 de
703 1493 808 1542 Requiem
826 1493 899 1532 distri·

152 1556 233 1596 buitur.
267 1555 296 1605 (S.
312 1557 337 1596 li.
353 1555 422 1601 (127.
437 1555 583 1608 Jonttiede.)

111 1619 135 1673 θ)
152 1621 305 1669 Quaestionem
325 1633 390 1672 snper
406 1619 562 1664 commitens
580 1623 675 1664 fidelium
694 1623 717 1663 ln
737 1621 811 1662 Missis
825 1621 899 1660 dedin-

152 1692 238 1728 ntorum
251 1699 302 1728 oum
315 1690 448 1738 paramentis
461 1690 532 1738 nigris
544 1690 588 1730 iem
603 1691 631 1729 ab
645 1699 703 1729 anno
717 1685 777 1728 lesu.
792 1687 900 1736 agitatam

151 1755 172 1795 8
184 1755 209 1794 B.
222 1755 244 1795 0.
258 1754 295 1796 27.
306 1756 367 1795 June
377 1754 436 1797 1868.
448 1757 645 1806 generaliDeorete
655 1755 722 1796 solvit
735 1751 899 1803 respondendo:

152 1821 320 1870 ‚dini-meuse,
342 1831 381 1860 sen
394 1832 457 1870 posse
471 1823 494 1861 in
507 1822 583 1862 retusis
602 1822 755 1862 detunctorum
773 1829 822 1858 eum
835 1827 900 1867 pera·

150 1888 232 1929 mentis
251 1888 322 1937 nigris
347 1887 438 1928 Sacram
458 1889 637 1930 communionem
660 1886 760 1927 ildelibue
780 1882 901 1924 ministrari

152 1953 220 1992 etiam
239 1963 266 1992 ex
284 1953 399 2002 particulis
419 1954 622 2002 praeeonseoratir,
646 1951 780 1992 extrahendo
798 1948 901 1999 pyxidem

151 2030 166 2060 a
181 2019 288 2060 custodia.
316 2019 384 2060 Posse
407 2021 474 2061 etiam
492 2021 515 2060 in
536 2019 671 2070 penementIr
691 2018 761 2068 nigris
779 2015 901 2056 ministrari

152 2086 333 2128 communionem
346 2087 472 2127 immediate
490 2089 541 2136 post
554 2088 645 2128 Missam
664 2086 829 2134 detunctorum
848 2085 901 2124 dete

152 2154 228 2191 eutem
241 2151 370 2192 rationabili
384 2161 451 2192 eausa
465 2152 532 2191 etiam
541 2151 667 2202 immediate
681 2153 732 2190 ente
746 2151 836 2190 eandem
848 2149 901 2189 Mis·

153 2228 215 2267 sam;
229 2218 251 2257 in
262 2221 356 2268 utroque
365 2221 440 2258 tumen
451 2229 504 2258 oaau
514 2218 658 2258 omittendam
667 2228 714 2258 esea
722 2217 901 2258 benedictionem.

155 2283 238 2323 Missas
252 2293 303 2322 rere
318 2283 472 2323 demnctornm
486 2283 627 2323 eelebrandas
642 2293 689 2322 esse
704 2282 791 2322 omnino
803 2282 826 2320 in
836 2290 901 2330 para·

154 2351 236 2390 meniis
250 2350 332 2400 nigris3
353 2350 408 2390 adeo
422 2353 448 2389 nt
460 2351 559 2390 violacea
575 2349 675 2389 adhiberi
689 2350 804 2398 nequeant,
823 2347 865 2387 nisi
879 2345 902 2384 ln

152 2425 220 2464 casu,
241 2425 283 2464 quo
298 2415 333 2455 die
346 2411 366 2458 2
380 2415 510 2456 Novembris
520 2415 680 2455 deuotissimae
693 2412 846 2453 Eucharistlae
864 2411 902 2451 Sa·

153 2484 290 2521 crementum
309 2481 412 2531 publicae
423 2479 523 2521 bdelium
543 2481 668 2521 adorationi
682 2480 711 2520 sit
725 2479 848 2528 expositum
862 2486 903 2527 pro

152 2545 245 2587 solemni
258 2548 395 2596 expositione
405 2546 552 2596 quadraginta
565 2547 677 2595 horarum,
692 2547 757 2594 prout
767 2546 855 2584 eentum
866 2543 900 2581 eet

151 2613 176 2653 ln
186 2613 276 2652 deareto
290 2613 370 2654 smine
383 2613 449 2652 hules
463 2612 646 2662 congregationis
664 2612 707 2652 diei
721 2607 754 2654 lo.
769 2609 904 2660 Septembris

152 2677 206 2718 anni
221 2673 297 2721 ldil.“
608 2685 609 2690 ¹

110 2739 135 2792 ⁴)
149 2741 176 2781 ll.
191 2750 212 2790 g.
227 2740 246 2780 si
260 2741 325 2782 multi
339 2743 413 2782 essent
427 2742 603 2782 communicandi
613 2743 636 2781 et
645 2739 739 2790 populus
751 2737 841 2788 proinde
851 2735 903 2776 bile·

154 2815 203 2847 sem
228 2807 321 2847 audient
343 2807 418 2848 taedio
441 2807 573 2850 uinceretur.
609 2805 720 2856 (biennale
743 2805 823 2844 Eeeiee.
846 2803 911 2847 aon„

152 2882 210 2913 ean.
224 2871 286 2922 1881)

747 2938 819 2993 1411*
