2146 3234
170 224 211 268 626
323 227 355 267 Da
369 227 500 276 quibusdam
514 228 562 269 altis
577 227 714 268 sacerdotum
729 227 814 268 officiis.

170 328 350 396 nuntiatione,
377 333 405 381 et
430 333 575 382 convocato
600 327 717 396 populo;
744 327 838 384 saltem
864 327 968 397 absque

170 399 275 454 duobus
292 399 406 454 testibus
422 413 557 466 nunquam
575 397 705 452 facienda.

203 470 230 524 b.
249 470 301 537 Qui
318 470 408 538 legere
426 471 509 538 novit,
533 469 608 538 prius
625 470 694 523 bene
714 468 785 537 apud
804 483 833 524 se
851 484 968 538 perpen-

170 556 227 596 sam
245 541 358 610 ipsemet
375 541 461 609 legat3
490 541 523 610 ei,
550 541 597 608 qui
614 557 669 595 non
686 541 762 594 novit
779 541 878 611 legere,
898 549 927 596 et
944 544 968 598 si

171 612 262 681 plures
280 611 386 680 famant,
405 610 438 665 ab
456 627 510 666 uno
529 611 711 680 praelegenda
727 611 786 666 erit.

206 699 229 739 c.
255 682 307 751 Qui
328 688 439 751 propter
455 682 590 750 publicum
616 682 724 756 aliquod
741 689 881 752 peccatum
899 682 968 738 infa-

170 755 220 808 mis
239 762 294 822 est,
321 761 368 808 aut
385 753 455 808 mele
472 753 542 808 iuter
566 753 717 808 haereticos
736 753 824 822 audit,
850 753 885 808 ad
903 753 968 809 fidei

170 824 363 893 professionem
382 824 485 878 admitti
497 834 551 878 non
564 823 652 893 debet,
671 839 757 892 nsque
775 824 838 878 dum
855 825 968 880 meliore

173 895 280 950 vivendi
297 896 401 949 ratione
418 895 515 948 malm
532 894 630 949 famam
648 897 714 952 satis
730 896 860 964 purgarit

207 966 231 1020 d.
250 967 281 1019 In
299 964 362 1020 fidei
379 965 545 1034 professione
563 966 633 1021 bene
648 966 821 1035 explicandae
840 973 868 1021 et
882 973 968 1022 atten-

172 1036 275 1091 dendae
288 1043 350 1091 sunt
361 1037 482 1107 voculae,
497 1043 639 1106 sponte,
658 1052 769 1106 usque
788 1037 829 1091 ad
848 1043 968 1093 extre·

171 1122 254 1161 mum
287 1107 455 1175 spiritum
488 1115 523 1162 ct
554 1110 760 1163 contrarias
794 1109 969 1164 haereses

171 1193 301 1246 omnes,
319 1179 474 1232 nominatim
492 1193 557 1233 vero
575 1179 656 1248 illam,
675 1193 710 1234 ex
727 1194 781 1247 qua
794 1180 968 1250 convertitur,

171 1248 437 1312 anathematizo
456 1255 488 1304 et
506 1248 639 1320 damno,
659 1257 708 1305 etc.

205 1334 229 1374 e.
253 1320 323 1375 Ante
341 1319 535 1388 professionem
559 1328 587 1376 et
609 1321 840 1376 sacramentorum
858 1321 967 1389 partici-

168 1391 304 1459 pationem
330 1390 520 1447 instituendum
551 1398 593 1446 est
619 1407 731 1447 examen
755 1408 814 1446 oum
838 1407 968 1448 neo-con-

169 1477 248 1518 verso
267 1463 338 1517 circa
356 1478 403 1532 ea,
435 1477 503 1530 quae
527 1462 563 1516 ed
580 1463 693 1518 salutm
711 1463 779 1518 scitu
797 1469 859 1518 sunt
875 1479 969 1520 neces·

170 1534 249 1590 saria.
277 1534 331 1588 Pro
349 1541 423 1589 certo
442 1534 510 1588 enim
527 1532 681 1589 babendum
699 1542 748 1602 est,
767 1534 911 1602 plerosque
930 1535 968 1589 ita

170 1606 327 1661 constitutos
345 1621 420 1674 esse,
447 1612 478 1660 nt
502 1611 564 1659 ante
590 1605 784 1660 absolutionem
809 1605 842 1658 ab
861 1605 969 1660 haeresi
1057 1629 1058 1632 ¹

170 1676 280 1745 discant,
308 1691 376 1744 quae
394 1676 462 1731 scire
481 1674 593 1744 debent3
617 1684 645 1730 et
659 1683 802 1745 postquam
820 1675 856 1730 ad
874 1675 968 1731 Sacra·

169 1756 259 1803 menta
277 1747 384 1803 admissi
401 1747 515 1816 meunt,
544 1747 597 1802 iam
622 1761 652 1802 se
677 1747 822 1802 catholicos
850 1747 969 1815 satisque

169 1820 313 1874 instructos
327 1819 497 1887 arbitrantur,
515 1817 631 1886 ideoque
650 1833 736 1886 nsque
750 1816 785 1872 ad
797 1818 969 1886 sepulchrum

169 1889 250 1944 rudes
268 1899 296 1944 et
313 1889 501 1946 semicatholici
518 1896 642 1958 manent,
669 1904 719 1944 nec
744 1888 905 1944 domesticos
923 1895 970 1943 aut

169 1960 269 2016 liberos
286 1961 314 2014 in
332 1961 413 2016 rebus
431 1959 466 2015 ad
484 1959 596 2014 salutem
614 1959 724 2016 utilibus
743 1968 770 2015 et
788 1959 860 2028 apud
874 1960 967 2016 catho-

169 2031 236 2087 licos
255 2033 388 2088 consuetis
407 2030 513 2086 erudire
531 2037 652 2099 possunt.
1006 2094 1012 2108 Ι

203 2100 223 2157 f.
248 2101 418 2172 Notandum,
446 2103 499 2157 duo
524 2117 584 2157 esse
611 2102 894 2172 cathechumenornm,
922 2101 969 2170 qui

169 2179 370 2242 convertantur,
400 2187 508 2242 genera
552 2172 640 2228 Unum
667 2179 709 2228 est
737 2173 874 2227 bominum
905 2173 969 2228 sim·

168 2243 277 2311 plicinm
296 2252 324 2298 et
340 2244 459 2313 rudium,
487 2243 533 2312 qui
558 2243 679 2312 indigent
702 2243 774 2298 bona
791 2243 968 2298 instructione

169 2322 224 2368 tam
242 2315 270 2368 in
288 2315 460 2382 speculativis
479 2314 543 2369 fidei
561 2314 736 2384 dogmatibus,
764 2329 844 2382 quam
861 2315 889 2368 in
907 2329 970 2382 prs·

169 2385 258 2453 otiois3
287 2385 336 2440 sed
359 2385 448 2454 quoad
471 2387 666 2442 controversias
691 2384 756 2440 fidei
779 2392 858 2440 caute
885 2383 970 2440 infor-

168 2455 258 2510 mandi
277 2463 346 2526 sunt,
371 2472 406 2512 ne
423 2457 515 2527 plores
534 2471 640 2513 errores
658 2456 770 2524 discant,
788 2471 868 2525 quam
886 2463 971 2510 antea

167 2526 318 2584 habuerint.
353 2527 475 2582 Alterum
493 2535 534 2584 est
550 2529 716 2598 peritiorum,
747 2528 843 2597 quibus
862 2526 970 2582 satisfa-

168 2598 288 2653 ciendum
305 2605 347 2654 est
359 2598 430 2653 circs
443 2614 535 2656 omnes
551 2599 686 2670 articnlm,
700 2615 768 2668 quos
778 2605 873 2653 contra
886 2595 970 2652 tidem

169 2669 327 2723 catholicam
344 2675 498 2739 tenuerunt,
527 2685 560 2726 ex
580 2669 684 2725 lorandi
707 2669 819 2740 proinde
843 2668 970 2736 beneque

170 2739 331 2806 excutiendi,
358 2740 513 2808 prinsquam
599 2742 709 2796 'ttanm
732 2740 767 2795 ed
785 2740 969 2808 Samamema,

169 2809 258 2878 itaque
276 2809 440 2880 momordi,
468 2819 498 2866 ut
520 2820 576 2866 tam
597 2811 723 2881 internis,
750 2827 830 2882 quam
848 2809 970 2866 externis
1045 2861 1046 2872 ,

171 2880 363 2937 tentationibus
380 2881 484 2950 possint
501 2883 637 2941 resistere.
