2152 3234
352 167 385 208 Dc
398 167 539 208 sacramento
554 167 710 212 Poonitentias.
889 165 929 208 sal

132 269 257 337 delegata
274 265 400 336 dispenso
418 273 507 322 tecum
521 283 603 336 super
615 268 803 336 impedimento
817 271 933 326 criminis

132 357 168 395 cx
185 339 317 394 adulterio
337 347 364 393 et
380 337 434 392 fide
460 339 524 394 data
548 341 731 409 proveniente,
756 342 854 395 utillo
879 357 934 396 non

132 413 256 468 obstante
281 426 340 464 cnm
358 411 468 464 molliore
487 425 582 465 correa
599 411 798 466 Matrimonium
816 411 930 481 publice,

131 489 241 540 servata
265 481 351 536 forma
385 481 496 536 concilii
529 481 686 552 Tridentini,
721 483 878 538 contrahere
906 492 934 538 ct

128 567 324 621 consummare,
343 553 514 620 debitumque
533 554 671 622 coniugale
691 555 798 622 exigere
825 562 852 608 at
869 553 930 607 red-

131 625 196 682 dere
214 625 286 678 licite
299 624 389 692 possis
403 631 431 680 et
443 624 542 680 valeas.
561 625 593 678 ln
611 625 716 680 nominc
734 625 823 680 Patris
841 628 860 691 †
879 632 930 682 etc.

166 709 273 762 Pariter
293 707 386 761 eadem
404 707 562 762 auctoritate
580 709 684 776 prolem
699 713 849 776 susceptam
868 707 931 776 (non

130 786 222 834 tamen
239 778 268 832 in
286 777 417 832 adulterio
435 779 599 849 conceptam)
627 787 654 834 et
679 778 876 848 suscipiendam
893 778 930 832 le·

130 851 251 920 gitimam
268 849 326 904 fore
343 850 436 904 nuntio
455 857 483 904 et
501 850 616 905 declaro.

166 935 198 988 In
215 933 322 988 nornine
340 933 429 988 Patris
448 936 467 999 †
486 939 536 988 etc.

130 1065 170 1112 14.
183 1064 308 1112 Normnla
321 1065 489 1120 dispensandi
508 1077 566 1110 cum
579 1065 620 1119 ils,
641 1065 687 1120 qui
700 1077 758 1111 cum
772 1065 874 1111 occulto
884 1064 933 1110 im·

180 1130 329 1186 pedimento
343 1129 460 1176 criminis
474 1129 668 1177 Matrimonium
682 1133 879 1177 contraxerunt.

168 1215 236 1269 Post
253 1213 444 1266 absolutionem
463 1228 481 1266 a
499 1214 618 1266 consucta
631 1219 657 1268 ct
665 1213 785 1282 pcccatis
798 1214 829 1266 ιιι
839 1213 932 1280 forma

133 1286 216 1340 colito
233 1285 327 1338 dotem
345 1283 419 1338 dicat
436 1284 632 1350 confessorias:

149 1389 161 1396 ·
171 1369 209 1422 Ει
225 1369 334 1435 insuper
352 1367 510 1422 anctoritate
523 1366 680 1434 Apostolica
752 1366 817 1420 mihi
831 1366 933 1434 specia-

134 1440 196 1494 litcr
224 1438 348 1507 delegata
371 1438 496 1506 dispenso
520 1445 609 1492 tecum
633 1451 714 1506 super
743 1437 932 1504 impedimento

135 1510 259 1579 criminis,
279 1525 313 1563 ex
331 1508 462 1564 adulterio
488 1515 516 1562 et
537 1507 591 1562 fide
610 1508 673 1563 data
696 1508 879 1576 proveniente,
903 1515 933 1562 ιιι

134 1581 181 1637 illo
207 1597 262 1636 nen
290 1581 412 1636 obstante
442 1580 642 1634 Matrimonium
672 1595 732 1634 oum
762 1586 810 1633 tua
839 1585 934 1646 putata

135 1653 248 1721 coniuge
266 1653 433 1720 contrahere,
452 1666 635 1706 consummare
654 1666 685 1704 ac
704 1650 823 1704 debitum
840 1649 931 1704 coniu-

131 1724 195 1794 gale
214 1724 321 1792 exigere
341 1730 368 1777 ct
384 1721 498 1778 reddere
516 1722 608 1778 valeas
627 1728 654 1777 et
670 1721 767 1790 possis.

169 1807 202 1860 In
219 1807 325 1860 nomine
343 1805 431 1860 Patris
449 1809 467 1872 †
486 1811 535 1859 etc.

168 1892 274 1946 Pariter
293 1889 387 1946 eadem
405 1891 563 1944 auctoritate
582 1889 693 1959 prolem,
712 1889 735 1946 si
749 1904 828 1956 qoam
843 1903 933 1944 susce-

131 1963 214 2032 peris,
234 1962 405 2030 (nontamen
424 1975 458 2015 ex
476 1961 608 2016 adulterio
624 1961 788 2086 conceptam}
808 1967 836 2015 et
854 1975 934 2028 quam

133 2040 308 2101 suscepturus
327 2048 365 2102 cs,
382 2032 527 2101 legitimam
553 2048 612 2088 esse
637 2039 665 2087 et
686 2031 744 2087 iore
789 2047 884 2087 ecerno
903 2039 930 2086 et

132 2105 250 2163 declaro.
286 2105 319 2158 In
336 2104 442 2158 nomine
460 2103 549 2159 Patris
566 2108 585 2170 †
603 2109 654 2160 etc.

264 2229 301 2276 15.
315 2231 439 2276 Formula
454 2230 656 2287 dispensationis
669 2231 697 2276 ln
710 2231 808 2277 radica.

172 2313 239 2368 Post
256 2313 449 2367 absolutionem
467 2329 486 2366 a
504 2314 623 2367 censuris
636 2317 661 2368 ct
669 2315 790 2382 pcccatis
802 2314 833 2368 c'a
843 2314 935 2380 ferma

134 2385 217 2440 solita
236 2384 330 2438 daiam
347 2385 422 2438 dicat
440 2384 633 2451 confessarius:

169 2470 230 2538 Ego
248 2474 383 2538 potestate
401 2469 558 2538 Apostolica
575 2467 640 2521 mihi
666 2468 818 2536 specialiter
843 2474 871 2522 et
889 2483 934 2522 cx·

132 2555 228 2610 presse
247 2539 414 2610 demandata,
432 2539 631 2594 Matrimonium
652 2547 713 2593 ate
732 2539 767 2595 N.
780 2539 815 2597 N.
831 2555 891 2594 cum
900 2539 934 2594 N.

133 2613 170 2670 N.
187 2613 216 2667 in
233 2626 365 2666 consensu
390 2611 477 2666 adhuc
501 2617 673 2680 permanente
698 2611 807 2664 nolliter
831 2618 935 2665 contra-

133 2689 214 2752 ctum,
232 2684 261 2737 io
277 2681 368 2738 radice
387 2683 444 2738 aius
463 2697 528 2738 sano
553 2689 581 2738 ct
608 2682 753 2751 consolido,
778 2681 934 2749 prolemque

135 2761 289 2822 susceptam
307 2761 335 2808 st
352 2753 547 2823 suscipiendam
564 2752 709 2820 legitimam
727 2753 833 2808 declaro
846 2753 876 2807 in
888 2767 935 2807 no·

133 2826 205 2882 mine
224 2825 313 2881 Patris
330 2828 349 2892 †
367 2832 417 2884 etc.
453 2825 548 2882 Passio
565 2823 674 2879 Domini
692 2830 742 2880 eto.
