2098 3222
187 211 312 253 Benedictio
326 213 439 253 domorum
452 213 476 253 ln
490 212 583 252 sabbato
596 215 674 253 uncto
687 214 791 254 Paschae.
850 211 890 255 785

93 315 241 372 servientes
258 315 307 368 tibi
332 315 506 382 omnipotenti
523 315 592 370 Deo.
629 315 681 382 Qui
704 317 772 371 rivis
797 325 825 372 et
848 333 890 372 re-

92 387 206 456 gnesin
225 386 332 440 saecula
349 386 523 440 saeculorum.
543 415 576 426 —-
595 386 630 440 R.
641 387 742 442 'Amen

130 457 305 512 Postmodum
323 463 502 527 aspernantur
520 472 594 526 aqna
611 457 757 515 benedicta.

119 585 142 632 3.
157 586 305 632 Benedictio
319 587 454 632 domorum
467 587 495 633 ln
509 587 619 632 sabbato
633 589 723 632 sancto
737 587 860 632 Paschae.

130 671 278 738 Parocbns,
297 686 343 725 een
361 672 434 724 alins
446 670 571 725 secedas
580 671 769 739 aapmpedieeo
783 676 809 724 et
821 671 891 725 atala

95 742 160 796 alba
177 742 297 810 indentes,
316 759 377 796 enm
394 743 517 796 minatio
536 742 669 809 Maenia
685 757 735 796 aaa
753 758 840 810 aenae
858 757 891 796 ec

92 813 273 867 benedictione
300 814 418 880 fantiam
447 819 509 867 ante
533 814 716 881 pnfnaionein
742 813 892 866 elnbmatia

93 889 226 953 acceptae,
244 886 338 938 visitat
362 884 454 939 domae
478 901 544 938 anae
563 885 719 953 parochiae,
748 899 891 954 aenaeam

93 971 140 1010 eae
157 954 250 1009 eadem
268 971 342 1024 aqna
359 955 504 1010 benedicta.
524 956 682 1026 Inqrede'ena
692 955 801 1009 doniam
811 955 891 1009 dieii:

130 1027 188 1080 Pax
206 1027 268 1080 huic
286 1026 383 1095 domui,
403 1035 430 1081 et
448 1027 569 1081 omnibus
586 1027 767 1082 habitantibus
784 1027 813 1080 in
831 1041 872 1080 ea.

130 1097 238 1152 Deinde
256 1113 399 1166 aspenyena
425 1099 483 1152 ioca
503 1100 656 1167 praecibus
674 1098 777 1167 domna,
796 1103 821 1152 et
838 1112 890 1164 eoa,

96 1170 145 1238 qni
161 1168 285 1222 habitant
302 1169 332 1221 in
350 1184 390 1234 ea,
409 1169 477 1222 dicit
494 1170 695 1236 dalintonam:

130 1237 193 1293 Vidi
212 1253 308 1305 aquam
326 1238 506 1306 egredientem
525 1239 558 1292 de
572 1241 670 1308 templo
690 1256 706 1294 a
723 1240 808 1294 latere
827 1237 890 1293 dex-

92 1316 144 1377 tro,
165 1309 296 1378 Alleluia,
317 1317 344 1364 et
363 1325 462 1379 omnes,
482 1309 515 1364 ad
530 1325 597 1376 quos
610 1311 732 1379 pervenit
746 1326 816 1378 aqua
829 1311 890 1380 ista,

96 1381 164 1436 salvi
182 1378 246 1434 iacti
265 1387 334 1448 sunt,
354 1387 380 1434 et
399 1379 494 1450 dicent,
512 1381 635 1450 Alleluia,
653 1381 777 1439 Alleluia.

130 1451 264 1504 Paetinae.
302 1449 469 1505 Confitemini
486 1451 611 1520 Domino,
640 1453 762 1520 quoniam
787 1453 890 1509 bonus:

96 1523 221 1590 quoniam
239 1523 267 1575 in
286 1523 421 1577 saeculum
439 1523 622 1577 misericordia
640 1524 706 1578 eins.
731 1523 823 1577 Gloria
839 1522 890 1576 Pa-

95 1594 138 1662 tri,
158 1599 188 1648 et
205 1593 284 1661 Filio,
303 1601 331 1648 et
344 1592 454 1661 Spiritui
472 1601 573 1662 sancto,
595 1593 668 1648 Sicut
686 1601 751 1661 erat,
771 1601 821 1648 etc.
839 1593 891 1648 Re·

90 1666 196 1734 petitnr
212 1665 326 1732 Antipd
344 1665 406 1718 Vidi
425 1679 529 1733 aquam,
549 1673 598 1719 etc.
616 1665 723 1718 Deinde
741 1665 821 1718 dicit.-

134 1736 165 1790 V.
184 1734 302 1790 Ostende
320 1736 406 1805 nobis,
431 1733 555 1805 Domine,
579 1734 788 1790 misericordiam
809 1741 890 1803 tuam,

94 1806 218 1874 Alleluia,
237 1813 287 1861 etc.

134 1878 165 1932 V.
184 1877 306 1946 Domine,
326 1876 423 1932 exaudi
441 1878 589 1932 orationem
606 1893 701 1946 meam,
720 1883 771 1931 eto.

134 1948 253 2005 Oretana.
271 1947 378 2003 Exaudi
391 1964 449 2018 nos,
467 1949 581 2003 Domine
595 1956 694 2018 sancte,
713 1949 796 2002 Pater
809 1946 890 2002 omni·

95 2027 201 2090 potens,
219 2027 328 2074 aeterne
346 2020 429 2088 Deus,
456 2028 483 2074 et
501 2021 570 2075 sicut
587 2018 680 2074 domos
706 2019 891 2074 Hebraeorum

95 2093 124 2146 in
143 2092 216 2146 exitu
229 2091 263 2146 de
279 2092 400 2160 Aegypto
415 2093 476 2160 agni
490 2091 619 2159 sanguine
637 2091 726 2145 linitas
745 2089 825 2158 (quod
839 2089 890 2142 Pa·

95 2163 160 2220 seha
176 2169 305 2231 nostmm,
324 2163 352 2215 iu
370 2177 423 2229 quc
440 2162 592 2217 immolatus
610 2169 652 2216 est
670 2162 799 2229 Christus,
824 2159 891 2228 figu-

94 2233 181 2304 rabat)
200 2233 234 2288 ab
252 2233 356 2301 Angelo
374 2234 538 2300 percutiente
558 2233 712 2300 custodisti3
730 2233 768 2286 ita
785 2231 890 2286 mittere

95 2306 211 2374 digneris
226 2313 346 2360 sanctum
355 2304 487 2372 Angelum
504 2311 579 2359 tuum
589 2304 623 2358 do
637 2304 725 2371 coelis,
744 2303 790 2370 qui
804 2308 890 2357 custo·

95 2377 158 2444 diat,
176 2377 276 2444 foveat,
294 2382 426 2444 protegat,
445 2376 536 2432 visitet
554 2383 634 2443 atque
653 2374 779 2429 defendat
799 2387 890 2428 omnes

95 2448 246 2503 habitantes
263 2449 292 2501 in
309 2447 361 2501 hoc
379 2447 539 2501 habitaculo.
557 2448 611 2501 Per
629 2446 743 2500 eundem
757 2445 891 2500 Christum

93 2519 235 2574 Dominum
251 2526 380 2574 nostrum.
400 2545 432 2556 —
450 2518 485 2573 R.
504 2519 597 2572 Amen.
743 2537 745 2546 ¹

130 2589 237 2643 Deinde
254 2593 381 2658 ammoni
398 2605 473 2658 aqna
489 2589 635 2644 benedicta.

271 2717 297 2764 4.
315 2719 464 2766 Benedictio
479 2718 539 2774 loci,
553 2716 597 2764 vel
610 2719 709 2765 domus.

135 2801 166 2856 V.
185 2799 354 2856 Adiutorium
372 2809 493 2857 nostrum
509 2803 538 2856 in
555 2803 661 2857 nomine
680 2802 794 2871 Domini,
813 2807 863 2856 etc.

137 2873 167 2927 V.
185 2870 308 2942 Domine,
327 2873 424 2928 exaudi
442 2874 591 2930 orationem
607 2889 702 2944 meam,
721 2881 771 2928 etc.
