<?xml version="1.0" encoding="UTF-8"?>
<!DOCTYPE html PUBLIC "-//W3C//DTD XHTML 1.0 Transitional//EN"
    "http://www.w3.org/TR/xhtml1/DTD/xhtml1-transitional.dtd">
<html xmlns="http://www.w3.org/1999/xhtml" xml:lang="en" lang="en">
 <head>
  <title>
</title>
<meta http-equiv="Content-Type" content="text/html;charset=utf-8" />
  <meta name='ocr-system' content='tesseract 3.04.00' />
  <meta name='ocr-capabilities' content='ocr_page ocr_carea ocr_par ocr_line ocrx_word'/>
</head>
<body>
  <div class='ocr_page' id='page_1' title='image "./manualesacerdot00schngoog_0744.png"; bbox 0 0 2128 3228; ppageno 0'>
   <div class='ocr_carea' id='block_1_1' title="bbox 164 156 812 210">
    <p class='ocr_par' dir='ltr' id='par_1_1' title="bbox 164 156 812 210">
     <span class='ocr_line' id='line_1_1' title="bbox 164 156 812 210; baseline 0 -8"><span class='ocrx_word' id='word_1_1' title='bbox 164 157 206 202; x_wconf 74' lang='lat'><strong>72⁰</strong></span> <span class='ocrx_word' id='word_1_2' title='bbox 318 160 353 202; x_wconf 84' lang='lat' dir='ltr'><strong>De</strong></span> <span class='ocrx_word' id='word_1_3' title='bbox 366 156 498 210; x_wconf 68' lang='lat' dir='ltr'><strong>mou-mm</strong></span> <span class='ocrx_word' id='word_1_4' title='bbox 511 160 562 201; x_wconf 79' lang='lat' dir='ltr'><strong>allis</strong></span> <span class='ocrx_word' id='word_1_5' title='bbox 576 161 715 202; x_wconf 72' lang='lat' dir='ltr'><strong>nosrdotum</strong></span> <span class='ocrx_word' id='word_1_6' title='bbox 728 162 812 206; x_wconf 81' lang='lat' dir='ltr'><strong>olliclls.</strong></span> 
     </span>
    </p>
   </div>
   <div class='ocr_carea' id='block_1_2' title="bbox 164 263 975 1327">
    <p class='ocr_par' dir='ltr' id='par_1_2' title="bbox 164 263 974 546">
     <span class='ocr_line' id='line_1_2' title="bbox 164 263 974 336; baseline 0 -14"><span class='ocrx_word' id='word_1_7' title='bbox 164 263 321 336; x_wconf 70' lang='lat' dir='ltr'><strong>parochias,</strong></span> <span class='ocrx_word' id='word_1_8' title='bbox 344 263 389 318; x_wconf 88' lang='lat' dir='ltr'><strong>vel</strong></span> <span class='ocrx_word' id='word_1_9' title='bbox 407 264 536 320; x_wconf 86' lang='lat' dir='ltr'><strong>ecclcsiae</strong></span> <span class='ocrx_word' id='word_1_10' title='bbox 554 263 724 332; x_wconf 80' lang='lat' dir='ltr'><strong>parochialis,</strong></span> <span class='ocrx_word' id='word_1_11' title='bbox 749 264 871 331; x_wconf 83' lang='lat' dir='ltr'><strong>quamvis</strong></span> <span class='ocrx_word' id='word_1_12' title='bbox 888 264 974 322; x_wconf 82' lang='lat' dir='ltr'><strong>huius</strong></span> 
     </span>
     <span class='ocr_line' id='line_1_3' title="bbox 165 334 974 404; baseline 0.001 -14"><span class='ocrx_word' id='word_1_13' title='bbox 165 337 264 392; x_wconf 79' lang='lat' dir='ltr'><strong>festum</strong></span> <span class='ocrx_word' id='word_1_14' title='bbox 283 351 318 390; x_wconf 86' lang='lat' dir='ltr'><strong>cx</strong></span> <span class='ocrx_word' id='word_1_15' title='bbox 337 335 479 392; x_wconf 84' lang='lat' dir='ltr'><strong>devotione</strong></span> <span class='ocrx_word' id='word_1_16' title='bbox 494 336 644 390; x_wconf 77' lang='lat' dir='ltr'><strong>celebretur</strong></span> <span class='ocrx_word' id='word_1_17' title='bbox 660 335 689 389; x_wconf 91' lang='lat' dir='ltr'><strong>in</strong></span> <span class='ocrx_word' id='word_1_18' title='bbox 702 334 811 404; x_wconf 91' lang='lat' dir='ltr'><strong>populo,</strong></span> <span class='ocrx_word' id='word_1_19' title='bbox 830 342 859 390; x_wconf 91' lang='lat' dir='ltr'><strong>et</strong></span> <span class='ocrx_word' id='word_1_20' title='bbox 876 351 974 404; x_wconf 79' lang='lat' dir='ltr'><strong>quam·</strong></span> 
     </span>
     <span class='ocr_line' id='line_1_4' title="bbox 166 405 974 478; baseline -0.002 -15"><span class='ocrx_word' id='word_1_21' title='bbox 166 409 207 463; x_wconf 82' lang='lat' dir='ltr'><strong>vis</strong></span> <span class='ocrx_word' id='word_1_22' title='bbox 225 407 355 476; x_wconf 80' lang='lat' dir='ltr'><strong>parochio</strong></span> <span class='ocrx_word' id='word_1_23' title='bbox 368 407 512 464; x_wconf 88' lang='lat' dir='ltr'><strong>constituat</strong></span> <span class='ocrx_word' id='word_1_24' title='bbox 529 407 662 474; x_wconf 80' lang='lat' dir='ltr'><strong>integrum</strong></span> <span class='ocrx_word' id='word_1_25' title='bbox 676 405 804 475; x_wconf 89' lang='lat' dir='ltr'><strong>oppidum</strong></span> <span class='ocrx_word' id='word_1_26' title='bbox 818 413 847 462; x_wconf 89' lang='lat' dir='ltr'><strong>et</strong></span> <span class='ocrx_word' id='word_1_27' title='bbox 859 423 974 478; x_wconf 79' lang='lat' dir='ltr'><strong>pagum,</strong></span> 
     </span>
     <span class='ocr_line' id='line_1_5' title="bbox 167 477 897 546; baseline -0.001 -12"><span class='ocrx_word' id='word_1_28' title='bbox 167 486 195 534; x_wconf 89' lang='lat' dir='ltr'><strong>et</strong></span> <span class='ocrx_word' id='word_1_29' title='bbox 212 495 267 535; x_wconf 95' lang='lat' dir='ltr'><strong>non</strong></span> <span class='ocrx_word' id='word_1_30' title='bbox 285 478 320 534; x_wconf 91' lang='lat' dir='ltr'><strong>sit</strong></span> <span class='ocrx_word' id='word_1_31' title='bbox 338 477 497 534; x_wconf 89' lang='lat' dir='ltr'><strong>constitutus</strong></span> <span class='ocrx_word' id='word_1_32' title='bbox 515 477 583 533; x_wconf 81' lang='lat' dir='ltr'><strong>alius</strong></span> <span class='ocrx_word' id='word_1_33' title='bbox 601 484 730 546; x_wconf 85' lang='lat' dir='ltr'><strong>patronus</strong></span> <span class='ocrx_word' id='word_1_34' title='bbox 746 477 818 532; x_wconf 91' lang='lat' dir='ltr'><strong>illius</strong></span> <span class='ocrx_word' id='word_1_35' title='bbox 834 477 897 534; x_wconf 85' lang='lat' dir='ltr'><strong>loci.</strong></span> 
     </span>
    </p>

    <p class='ocr_par' dir='ltr' id='par_1_3' title="bbox 168 549 975 830">
     <span class='ocr_line' id='line_1_6' title="bbox 203 549 975 618; baseline 0.003 -14"><span class='ocrx_word' id='word_1_36' title='bbox 203 549 232 604; x_wconf 88' lang='lat' dir='ltr'><strong>Si</strong></span> <span class='ocrx_word' id='word_1_37' title='bbox 249 550 382 605; x_wconf 88' lang='lat' dir='ltr'><strong>habeatur</strong></span> <span class='ocrx_word' id='word_1_38' title='bbox 399 555 529 617; x_wconf 86' lang='lat' dir='ltr'><strong>patronus</strong></span> <span class='ocrx_word' id='word_1_39' title='bbox 549 549 639 617; x_wconf 82' lang='lat' dir='ltr'><strong>regni,</strong></span> <span class='ocrx_word' id='word_1_40' title='bbox 666 549 724 603; x_wconf 84' lang='lat' dir='ltr'><strong>sive</strong></span> <span class='ocrx_word' id='word_1_41' title='bbox 741 549 913 618; x_wconf 86' lang='lat' dir='ltr'><strong>provinciae,</strong></span> <span class='ocrx_word' id='word_1_42' title='bbox 943 557 975 606; x_wconf 82' lang='lat' dir='ltr'><strong>et</strong></span> 
     </span>
     <span class='ocr_line' id='line_1_7' title="bbox 168 619 974 688; baseline 0 -12"><span class='ocrx_word' id='word_1_43' title='bbox 168 621 237 676; x_wconf 88' lang='lat' dir='ltr'><strong>alter</strong></span> <span class='ocrx_word' id='word_1_44' title='bbox 250 620 381 686; x_wconf 84' lang='lat' dir='ltr'><strong>civitatis,</strong></span> <span class='ocrx_word' id='word_1_45' title='bbox 401 619 493 688; x_wconf 84' lang='lat' dir='ltr'>oppidi</span> <span class='ocrx_word' id='word_1_46' title='bbox 508 621 553 674; x_wconf 88' lang='lat' dir='ltr'><strong>vel</strong></span> <span class='ocrx_word' id='word_1_47' title='bbox 565 620 637 688; x_wconf 74' lang='lat' dir='ltr'><strong>pagi,</strong></span> <span class='ocrx_word' id='word_1_48' title='bbox 656 620 795 688; x_wconf 88' lang='lat' dir='ltr'><strong>utriusque</strong></span> <span class='ocrx_word' id='word_1_49' title='bbox 809 619 909 675; x_wconf 81' lang='lat' dir='ltr'><strong>fastum</strong></span> <span class='ocrx_word' id='word_1_50' title='bbox 924 633 974 676; x_wconf 83' lang='lat' dir='ltr'><strong>so·</strong></span> 
     </span>
     <span class='ocr_line' id='line_1_8' title="bbox 168 690 975 758; baseline 0.004 -11"><span class='ocrx_word' id='word_1_51' title='bbox 168 692 229 747; x_wconf 89' lang='lat' dir='ltr'><strong>dem</strong></span> <span class='ocrx_word' id='word_1_52' title='bbox 246 693 302 747; x_wconf 87' lang='lat' dir='ltr'><strong>ritu</strong></span> <span class='ocrx_word' id='word_1_53' title='bbox 320 690 508 747; x_wconf 81' lang='lat' dir='ltr'><strong>celebrandum</strong></span> <span class='ocrx_word' id='word_1_54' title='bbox 534 699 583 746; x_wconf 78' lang='lat' dir='ltr'><strong>est</strong></span> <span class='ocrx_word' id='word_1_55' title='bbox 610 690 734 758; x_wconf 70' lang='lat' dir='ltr'><strong>(coactu.</strong></span> <span class='ocrx_word' id='word_1_56' title='bbox 762 691 869 747; x_wconf 76' lang='lat' dir='ltr'><strong>Urbani</strong></span> <span class='ocrx_word' id='word_1_57' title='bbox 888 692 975 750; x_wconf 76' lang='grc' dir='ltr'><strong>ΠΗ.</strong></span> 
     </span>
     <span class='ocr_line' id='line_1_9' title="bbox 168 761 541 830; baseline -0.008 -12"><span class='ocrx_word' id='word_1_58' title='bbox 168 769 194 818; x_wconf 75' lang='lat' dir='ltr'><strong>ec</strong></span> <span class='ocrx_word' id='word_1_59' title='bbox 212 764 283 818; x_wconf 72' lang='lat' dir='ltr'><strong>decr.</strong></span> <span class='ocrx_word' id='word_1_60' title='bbox 302 761 330 817; x_wconf 77' lang='lat' dir='ltr'><strong>s.</strong></span> <span class='ocrx_word' id='word_1_61' title='bbox 349 763 383 816; x_wconf 80' lang='lat' dir='ltr'><strong>R.</strong></span> <span class='ocrx_word' id='word_1_62' title='bbox 404 761 433 817; x_wconf 83' lang='lat'><strong>0.</strong></span> <span class='ocrx_word' id='word_1_63' title='bbox 451 764 541 830; x_wconf 80' lang='lat'><strong><em>1817.)</em></strong></span> 
     </span>
    </p>

    <p class='ocr_par' dir='ltr' id='par_1_4' title="bbox 167 833 974 1327">
     <span class='ocr_line' id='line_1_10' title="bbox 204 833 974 903; baseline -0.003 -13"><span class='ocrx_word' id='word_1_64' title='bbox 204 834 375 903; x_wconf 75' lang='lat' dir='ltr'><strong>Regulamter</strong></span> <span class='ocrx_word' id='word_1_65' title='bbox 393 833 527 901; x_wconf 82' lang='lat' dir='ltr'><strong>loquendo</strong></span> <span class='ocrx_word' id='word_1_66' title='bbox 546 849 615 888; x_wconf 89' lang='lat' dir='ltr'><strong>unus</strong></span> <span class='ocrx_word' id='word_1_67' title='bbox 633 838 737 887; x_wconf 88' lang='lat' dir='ltr'><strong>tantum</strong></span> <span class='ocrx_word' id='word_1_68' title='bbox 749 839 879 902; x_wconf 80' lang='lat' dir='ltr'><strong>patronus</strong></span> <span class='ocrx_word' id='word_1_69' title='bbox 897 834 974 902; x_wconf 89' lang='lat' dir='ltr'><strong>prin-</strong></span> 
     </span>
     <span class='ocr_line' id='line_1_11' title="bbox 169 904 973 974; baseline 0 -14"><span class='ocrx_word' id='word_1_70' title='bbox 169 905 264 974; x_wconf 82' lang='lat' dir='ltr'><strong>cipalis</strong></span> <span class='ocrx_word' id='word_1_71' title='bbox 282 912 421 973; x_wconf 91' lang='lat' dir='ltr'><strong>censetur,</strong></span> <span class='ocrx_word' id='word_1_72' title='bbox 449 905 492 958; x_wconf 93' lang='lat' dir='ltr'><strong>cui</strong></span> <span class='ocrx_word' id='word_1_73' title='bbox 513 905 582 958; x_wconf 86' lang='lat' dir='ltr'><strong>ritus</strong></span> <span class='ocrx_word' id='word_1_74' title='bbox 598 904 621 960; x_wconf 93' lang='lat'><strong>1.</strong></span> <span class='ocrx_word' id='word_1_75' title='bbox 640 904 673 957; x_wconf 94' lang='lat' dir='ltr'><strong>cl.</strong></span> <span class='ocrx_word' id='word_1_76' title='bbox 698 919 758 958; x_wconf 89' lang='lat' dir='ltr'><strong>cum</strong></span> <span class='ocrx_word' id='word_1_77' title='bbox 782 911 880 958; x_wconf 87' lang='lat' dir='ltr'><strong>octava</strong></span> <span class='ocrx_word' id='word_1_78' title='bbox 898 919 973 960; x_wconf 90' lang='lat' dir='ltr'><strong>com·</strong></span> 
     </span>
     <span class='ocr_line' id='line_1_12' title="bbox 170 973 972 1046; baseline 0 -14"><span class='ocrx_word' id='word_1_79' title='bbox 170 978 255 1046; x_wconf 89' lang='lat' dir='ltr'><strong>petit,</strong></span> <span class='ocrx_word' id='word_1_80' title='bbox 280 982 308 1030; x_wconf 90' lang='lat' dir='ltr'><strong>et</strong></span> <span class='ocrx_word' id='word_1_81' title='bbox 325 975 421 1043; x_wconf 85' lang='lat' dir='ltr'><strong>reliqui</strong></span> <span class='ocrx_word' id='word_1_82' title='bbox 439 982 501 1030; x_wconf 87' lang='lat' dir='ltr'><strong>sunt</strong></span> <span class='ocrx_word' id='word_1_83' title='bbox 517 975 604 1029; x_wconf 88' lang='lat' dir='ltr'><strong>minus</strong></span> <span class='ocrx_word' id='word_1_84' title='bbox 622 975 799 1044; x_wconf 79' lang='lat' dir='ltr'><strong>principales,</strong></span> <span class='ocrx_word' id='word_1_85' title='bbox 818 973 851 1029; x_wconf 89' lang='lat' dir='ltr'><strong>dc</strong></span> <span class='ocrx_word' id='word_1_86' title='bbox 871 976 972 1042; x_wconf 86' lang='lat' dir='ltr'><strong>quibus</strong></span> 
     </span>
     <span class='ocr_line' id='line_1_13' title="bbox 168 1045 972 1116; baseline -0.001 -13"><span class='ocrx_word' id='word_1_87' title='bbox 168 1054 272 1103; x_wconf 84' lang='lat' dir='ltr'><strong>tantum</strong></span> <span class='ocrx_word' id='word_1_88' title='bbox 290 1046 441 1102; x_wconf 86' lang='lat' dir='ltr'><strong>celebratur</strong></span> <span class='ocrx_word' id='word_1_89' title='bbox 466 1045 582 1101; x_wconf 85' lang='lat' dir='ltr'><strong>officium</strong></span> <span class='ocrx_word' id='word_1_90' title='bbox 605 1046 654 1114; x_wconf 89' lang='lat' dir='ltr'><strong>sub</strong></span> <span class='ocrx_word' id='word_1_91' title='bbox 678 1046 732 1102; x_wconf 91' lang='lat' dir='ltr'><strong>ritu</strong></span> <span class='ocrx_word' id='word_1_92' title='bbox 755 1045 854 1114; x_wconf 81' lang='lat' dir='ltr'><strong>duplici</strong></span> <span class='ocrx_word' id='word_1_93' title='bbox 872 1047 972 1116; x_wconf 83' lang='lat' dir='ltr'><strong>minori</strong></span> 
     </span>
     <span class='ocr_line' id='line_1_14' title="bbox 169 1117 971 1187; baseline -0.001 -14"><span class='ocrx_word' id='word_1_94' title='bbox 169 1125 216 1173; x_wconf 80' lang='lat' dir='ltr'><strong>out</strong></span> <span class='ocrx_word' id='word_1_95' title='bbox 233 1118 328 1172; x_wconf 87' lang='lat' dir='ltr'><strong>maiori</strong></span> <span class='ocrx_word' id='word_1_96' title='bbox 342 1118 400 1172; x_wconf 87' lang='lat' dir='ltr'><strong>sine</strong></span> <span class='ocrx_word' id='word_1_97' title='bbox 414 1123 518 1174; x_wconf 83' lang='lat' dir='ltr'><strong>octava</strong></span> <span class='ocrx_word' id='word_1_98' title='bbox 549 1117 624 1172; x_wconf 84' lang='lat' dir='ltr'><strong>Fieri</strong></span> <span class='ocrx_word' id='word_1_99' title='bbox 640 1124 732 1172; x_wconf 86' lang='lat' dir='ltr'><strong>tamen</strong></span> <span class='ocrx_word' id='word_1_100' title='bbox 749 1124 847 1185; x_wconf 86' lang='lat' dir='ltr'><strong>potest,</strong></span> <span class='ocrx_word' id='word_1_101' title='bbox 866 1124 897 1172; x_wconf 90' lang='lat' dir='ltr'><strong>ut</strong></span> <span class='ocrx_word' id='word_1_102' title='bbox 910 1120 971 1187; x_wconf 91' lang='lat' dir='ltr'><strong>plu·</strong></span> 
     </span>
     <span class='ocr_line' id='line_1_15' title="bbox 167 1188 971 1257; baseline 0 -13"><span class='ocrx_word' id='word_1_103' title='bbox 167 1203 213 1244; x_wconf 87' lang='lat' dir='ltr'><strong>res</strong></span> <span class='ocrx_word' id='word_1_104' title='bbox 231 1189 285 1244; x_wconf 89' lang='lat' dir='ltr'><strong>sint</strong></span> <span class='ocrx_word' id='word_1_105' title='bbox 302 1188 413 1243; x_wconf 82' lang='lat' dir='ltr'><strong>Patroni</strong></span> <span class='ocrx_word' id='word_1_106' title='bbox 438 1204 487 1244; x_wconf 84' lang='lat' dir='ltr'><strong>scu</strong></span> <span class='ocrx_word' id='word_1_107' title='bbox 505 1189 588 1242; x_wconf 84' lang='lat' dir='ltr'><strong>Tituli</strong></span> <span class='ocrx_word' id='word_1_108' title='bbox 611 1203 696 1257; x_wconf 84' lang='lat' dir='ltr'><strong>aeque</strong></span> <span class='ocrx_word' id='word_1_109' title='bbox 719 1189 895 1257; x_wconf 70' lang='lat' dir='ltr'><strong>principales,</strong></span> <span class='ocrx_word' id='word_1_110' title='bbox 925 1189 971 1257; x_wconf 87' lang='lat' dir='ltr'><strong>qui</strong></span> 
     </span>
     <span class='ocr_line' id='line_1_16' title="bbox 168 1258 973 1327; baseline 0 -12"><span class='ocrx_word' id='word_1_111' title='bbox 168 1258 263 1315; x_wconf 90' lang='lat' dir='ltr'><strong>eodem</strong></span> <span class='ocrx_word' id='word_1_112' title='bbox 284 1259 339 1314; x_wconf 87' lang='lat' dir='ltr'><strong>ritu</strong></span> <span class='ocrx_word' id='word_1_113' title='bbox 356 1259 378 1314; x_wconf 93' lang='grc' dir='ltr'><strong>Ι.</strong></span> <span class='ocrx_word' id='word_1_114' title='bbox 396 1258 429 1314; x_wconf 87' lang='lat' dir='ltr'><strong>cl.</strong></span> <span class='ocrx_word' id='word_1_115' title='bbox 454 1276 514 1314; x_wconf 91' lang='lat' dir='ltr'><strong>cum</strong></span> <span class='ocrx_word' id='word_1_116' title='bbox 536 1266 632 1314; x_wconf 85' lang='lat' dir='ltr'><strong>octava</strong></span> <span class='ocrx_word' id='word_1_117' title='bbox 656 1259 839 1327; x_wconf 83' lang='lat' dir='ltr'><strong>celebrantnr;</strong></span> <span class='ocrx_word' id='word_1_118' title='bbox 867 1259 973 1315; x_wconf 84' lang='lat' dir='ltr'><strong>scilicet</strong></span> 
     </span>
    </p>
   </div>
   <div class='ocr_carea' id='block_1_3' title="bbox 170 1329 1054 1399">
    <p class='ocr_par' dir='ltr' id='par_1_5' title="bbox 170 1329 1054 1399">
     <span class='ocr_line' id='line_1_17' title="bbox 170 1329 1054 1399; baseline 0.003 -15"><span class='ocrx_word' id='word_1_119' title='bbox 170 1331 199 1385; x_wconf 89' lang='lat'><strong>1⁰</strong></span> <span class='ocrx_word' id='word_1_120' title='bbox 217 1346 271 1399; x_wconf 84' lang='lat' dir='ltr'><strong>per</strong></span> <span class='ocrx_word' id='word_1_121' title='bbox 292 1331 403 1385; x_wconf 79' lang='lat' dir='ltr'><strong>modum</strong></span> <span class='ocrx_word' id='word_1_122' title='bbox 425 1332 523 1399; x_wconf 76' lang='lat' dir='ltr'><strong>unius,</strong></span> <span class='ocrx_word' id='word_1_123' title='bbox 550 1337 580 1385; x_wconf 93' lang='lat' dir='ltr'><strong>ut</strong></span> <span class='ocrx_word' id='word_1_124' title='bbox 605 1331 628 1386; x_wconf 93' lang='lat' dir='ltr'><strong>si</strong></span> <span class='ocrx_word' id='word_1_125' title='bbox 654 1330 767 1386; x_wconf 83' lang='lat' dir='ltr'><strong>ecclesis</strong></span> <span class='ocrx_word' id='word_1_126' title='bbox 792 1329 918 1386; x_wconf 83' lang='lat' dir='ltr'><strong>dedicata</strong></span> <span class='ocrx_word' id='word_1_127' title='bbox 936 1332 973 1387; x_wconf 84' lang='lat' dir='ltr'><strong>sit</strong></span> <span class='ocrx_word' id='word_1_128' title='bbox 1053 1391 1054 1394; x_wconf 49' lang='lat'><strong>,</strong></span> 
     </span>
    </p>
   </div>
   <div class='ocr_carea' id='block_1_4' title="bbox 167 1401 1053 2394">
    <p class='ocr_par' dir='ltr' id='par_1_6' title="bbox 167 1401 1053 2125">
     <span class='ocr_line' id='line_1_18' title="bbox 171 1401 972 1471; baseline 0.001 -15"><span class='ocrx_word' id='word_1_129' title='bbox 171 1401 219 1457; x_wconf 83' lang='lat' dir='ltr'><strong>SS.</strong></span> <span class='ocrx_word' id='word_1_130' title='bbox 233 1402 328 1471; x_wconf 78' lang='lat' dir='ltr'><strong>Apost.</strong></span> <span class='ocrx_word' id='word_1_131' title='bbox 347 1402 429 1456; x_wconf 86' lang='lat' dir='ltr'><strong>Petro</strong></span> <span class='ocrx_word' id='word_1_132' title='bbox 448 1409 476 1457; x_wconf 89' lang='lat' dir='ltr'><strong>et</strong></span> <span class='ocrx_word' id='word_1_133' title='bbox 492 1402 587 1470; x_wconf 82' lang='lat' dir='ltr'><strong>Paulo,</strong></span> <span class='ocrx_word' id='word_1_134' title='bbox 614 1401 661 1456; x_wconf 83' lang='lat' dir='ltr'><strong>SS.</strong></span> <span class='ocrx_word' id='word_1_135' title='bbox 681 1401 811 1456; x_wconf 85' lang='lat' dir='ltr'><strong>Gervasio</strong></span> <span class='ocrx_word' id='word_1_136' title='bbox 829 1408 858 1456; x_wconf 84' lang='lat' dir='ltr'><strong>et</strong></span> <span class='ocrx_word' id='word_1_137' title='bbox 875 1402 972 1457; x_wconf 84' lang='lat' dir='ltr'><strong>Prota-</strong></span> 
     </span>
     <span class='ocr_line' id='line_1_19' title="bbox 168 1471 974 1543; baseline 0 -15"><span class='ocrx_word' id='word_1_138' title='bbox 168 1473 208 1528; x_wconf 87' lang='lat' dir='ltr'><strong>sio</strong></span> <span class='ocrx_word' id='word_1_139' title='bbox 228 1479 292 1543; x_wconf 86' lang='lat' dir='ltr'><strong>etc,</strong></span> <span class='ocrx_word' id='word_1_140' title='bbox 319 1473 350 1526; x_wconf 83' lang='lat'><strong>2⁰</strong></span> <span class='ocrx_word' id='word_1_141' title='bbox 368 1473 391 1528; x_wconf 84' lang='lat' dir='ltr'><strong>si</strong></span> <span class='ocrx_word' id='word_1_142' title='bbox 409 1473 523 1528; x_wconf 81' lang='lat' dir='ltr'><strong>ecclesia</strong></span> <span class='ocrx_word' id='word_1_143' title='bbox 539 1472 722 1542; x_wconf 67' lang='lat' dir='ltr'><strong>pincipaliter</strong></span> <span class='ocrx_word' id='word_1_144' title='bbox 751 1473 786 1528; x_wconf 90' lang='lat' dir='ltr'><strong>sit</strong></span> <span class='ocrx_word' id='word_1_145' title='bbox 803 1471 929 1528; x_wconf 85' lang='lat' dir='ltr'><strong>dedicata</strong></span> <span class='ocrx_word' id='word_1_146' title='bbox 945 1474 974 1528; x_wconf 94' lang='lat' dir='ltr'><strong>in</strong></span> 
     </span>
     <span class='ocr_line' id='line_1_20' title="bbox 169 1542 972 1613; baseline 0 -13"><span class='ocrx_word' id='word_1_147' title='bbox 169 1545 299 1600; x_wconf 87' lang='lat' dir='ltr'><strong>honorem</strong></span> <span class='ocrx_word' id='word_1_148' title='bbox 316 1544 433 1613; x_wconf 89' lang='lat' dir='ltr'><strong>plurium</strong></span> <span class='ocrx_word' id='word_1_149' title='bbox 452 1544 618 1612; x_wconf 84' lang='lat' dir='ltr'><strong>Sanctorum,</strong></span> <span class='ocrx_word' id='word_1_150' title='bbox 637 1544 667 1598; x_wconf 86' lang='grc'><strong>80</strong></span> <span class='ocrx_word' id='word_1_151' title='bbox 685 1559 719 1598; x_wconf 89' lang='lat' dir='ltr'><strong>ex</strong></span> <span class='ocrx_word' id='word_1_152' title='bbox 738 1544 848 1612; x_wconf 82' lang='lat' dir='ltr'><strong>speciali</strong></span> <span class='ocrx_word' id='word_1_153' title='bbox 865 1542 972 1600; x_wconf 91' lang='lat' dir='ltr'><strong>indulto</strong></span> 
     </span>
     <span class='ocr_line' id='line_1_21' title="bbox 169 1614 970 1685; baseline -0.002 -15"><span class='ocrx_word' id='word_1_154' title='bbox 169 1615 339 1685; x_wconf 84' lang='lat' dir='ltr'><strong>Apostolico,</strong></span> <span class='ocrx_word' id='word_1_155' title='bbox 364 1615 395 1669; x_wconf 86' lang='lat'><strong>4⁰</strong></span> <span class='ocrx_word' id='word_1_156' title='bbox 413 1629 448 1670; x_wconf 85' lang='lat' dir='ltr'><strong>ox</strong></span> <span class='ocrx_word' id='word_1_157' title='bbox 464 1615 665 1684; x_wconf 87' lang='lat' dir='ltr'><strong>consuetudine.</strong></span> <span class='ocrx_word' id='word_1_158' title='bbox 701 1614 860 1670; x_wconf 79' lang='lat' dir='ltr'><strong>Huiusmodi</strong></span> <span class='ocrx_word' id='word_1_159' title='bbox 877 1621 970 1670; x_wconf 78' lang='lat' dir='ltr'><strong>autem</strong></span> 
     </span>
     <span class='ocr_line' id='line_1_22' title="bbox 169 1685 1053 1758; baseline 0.003 -15"><span class='ocrx_word' id='word_1_160' title='bbox 169 1688 277 1758; x_wconf 86' lang='lat' dir='ltr'><strong>patroni</strong></span> <span class='ocrx_word' id='word_1_161' title='bbox 293 1685 455 1755; x_wconf 77' lang='lat' dir='ltr'><strong>principales</strong></span> <span class='ocrx_word' id='word_1_162' title='bbox 472 1687 600 1756; x_wconf 88' lang='lat' dir='ltr'><strong>locorum,</strong></span> <span class='ocrx_word' id='word_1_163' title='bbox 618 1687 664 1754; x_wconf 87' lang='lat' dir='ltr'><strong>qui</strong></span> <span class='ocrx_word' id='word_1_164' title='bbox 683 1701 717 1740; x_wconf 88' lang='lat' dir='ltr'><strong>ex</strong></span> <span class='ocrx_word' id='word_1_165' title='bbox 734 1685 837 1741; x_wconf 91' lang='lat' dir='ltr'><strong>indulto</strong></span> <span class='ocrx_word' id='word_1_166' title='bbox 850 1685 970 1754; x_wconf 83' lang='lat' dir='ltr'><strong>Aposto·</strong></span> <span class='ocrx_word' id='word_1_167' title='bbox 1052 1711 1053 1746; x_wconf 78' lang='lat' dir='ltr'><strong>l</strong></span> 
     </span>
     <span class='ocr_line' id='line_1_23' title="bbox 168 1757 970 1829; baseline 0 -15"><span class='ocrx_word' id='word_1_168' title='bbox 168 1759 228 1829; x_wconf 90' lang='lat' dir='ltr'><strong>lico,</strong></span> <span class='ocrx_word' id='word_1_169' title='bbox 257 1765 304 1813; x_wconf 88' lang='lat' dir='ltr'><strong>aut</strong></span> <span class='ocrx_word' id='word_1_170' title='bbox 328 1773 362 1812; x_wconf 85' lang='lat' dir='ltr'><strong>cx</strong></span> <span class='ocrx_word' id='word_1_171' title='bbox 380 1757 572 1812; x_wconf 86' lang='lat' dir='ltr'><strong>consuetudine</strong></span> <span class='ocrx_word' id='word_1_172' title='bbox 597 1757 774 1827; x_wconf 86' lang='lat' dir='ltr'><strong>celebrantur,</strong></span> <span class='ocrx_word' id='word_1_173' title='bbox 801 1773 856 1812; x_wconf 92' lang='lat' dir='ltr'><strong>nou</strong></span> <span class='ocrx_word' id='word_1_174' title='bbox 875 1772 970 1814; x_wconf 78' lang='lat' dir='ltr'><strong>omnes</strong></span> 
     </span>
     <span class='ocr_line' id='line_1_24' title="bbox 168 1828 968 1898; baseline 0 -14"><span class='ocrx_word' id='word_1_175' title='bbox 168 1829 274 1885; x_wconf 89' lang='lat' dir='ltr'><strong>colendi</strong></span> <span class='ocrx_word' id='word_1_176' title='bbox 288 1836 351 1885; x_wconf 86' lang='lat' dir='ltr'><strong>sunt</strong></span> <span class='ocrx_word' id='word_1_177' title='bbox 368 1845 427 1884; x_wconf 88' lang='lat' dir='ltr'><strong>oum</strong></span> <span class='ocrx_word' id='word_1_178' title='bbox 444 1828 514 1884; x_wconf 81' lang='lat' dir='ltr'><strong>festo</strong></span> <span class='ocrx_word' id='word_1_179' title='bbox 532 1829 561 1884; x_wconf 90' lang='lat' dir='ltr'><strong>in</strong></span> <span class='ocrx_word' id='word_1_180' title='bbox 578 1828 688 1898; x_wconf 91' lang='lat' dir='ltr'><strong>populo,</strong></span> <span class='ocrx_word' id='word_1_181' title='bbox 706 1828 755 1884; x_wconf 87' lang='lat' dir='ltr'><strong>sed</strong></span> <span class='ocrx_word' id='word_1_182' title='bbox 771 1843 841 1884; x_wconf 85' lang='lat' dir='ltr'><strong>unus</strong></span> <span class='ocrx_word' id='word_1_183' title='bbox 853 1835 968 1898; x_wconf 83' lang='lat' dir='ltr'><strong>tantum,</strong></span> 
     </span>
     <span class='ocr_line' id='line_1_25' title="bbox 168 1900 971 1969; baseline -0.001 -14"><span class='ocrx_word' id='word_1_184' title='bbox 168 1902 214 1969; x_wconf 86' lang='lat' dir='ltr'><strong>qui</strong></span> <span class='ocrx_word' id='word_1_185' title='bbox 239 1908 363 1956; x_wconf 79' lang='lat' dir='ltr'><strong>censetur</strong></span> <span class='ocrx_word' id='word_1_186' title='bbox 386 1900 566 1968; x_wconf 74' lang='lat' dir='ltr'><strong>principalior.</strong></span> <span class='ocrx_word' id='word_1_187' title='bbox 603 1901 633 1958; x_wconf 72' lang='lat'><strong>5⁰</strong></span> <span class='ocrx_word' id='word_1_188' title='bbox 649 1900 746 1956; x_wconf 84' lang='lat' dir='ltr'><strong>Plures</strong></span> <span class='ocrx_word' id='word_1_189' title='bbox 770 1913 830 1956; x_wconf 84' lang='lat' dir='ltr'><strong>esse</strong></span> <span class='ocrx_word' id='word_1_190' title='bbox 853 1906 971 1967; x_wconf 87' lang='lat' dir='ltr'><strong>possunt</strong></span> 
     </span>
     <span class='ocr_line' id='line_1_26' title="bbox 167 1970 969 2041; baseline 0.002 -17"><span class='ocrx_word' id='word_1_191' title='bbox 167 1973 276 2040; x_wconf 88' lang='lat' dir='ltr'><strong>patroni</strong></span> <span class='ocrx_word' id='word_1_192' title='bbox 293 1971 360 2041; x_wconf 91' lang='lat' dir='ltr'><strong>loci,</strong></span> <span class='ocrx_word' id='word_1_193' title='bbox 387 1987 456 2026; x_wconf 89' lang='lat' dir='ltr'><strong>unus</strong></span> <span class='ocrx_word' id='word_1_194' title='bbox 474 1971 633 2026; x_wconf 85' lang='lat' dir='ltr'><strong>universalis</strong></span> <span class='ocrx_word' id='word_1_195' title='bbox 650 1971 734 2026; x_wconf 84' lang='lat' dir='ltr'><strong>totius</strong></span> <span class='ocrx_word' id='word_1_196' title='bbox 751 1970 828 2039; x_wconf 76' lang='lat' dir='ltr'><strong>regni</strong></span> <span class='ocrx_word' id='word_1_197' title='bbox 841 1977 889 2024; x_wconf 82' lang='lat' dir='ltr'><strong>aut</strong></span> <span class='ocrx_word' id='word_1_198' title='bbox 906 1987 969 2039; x_wconf 90' lang='lat' dir='ltr'><strong>pro·</strong></span> 
     </span>
     <span class='ocr_line' id='line_1_27' title="bbox 168 2040 971 2125; baseline 0.002 -30"><span class='ocrx_word' id='word_1_199' title='bbox 168 2042 280 2125; x_wconf 77' lang='lat' dir='ltr'><strong>vincies,</strong></span> <span class='ocrx_word' id='word_1_200' title='bbox 312 2049 340 2098; x_wconf 87' lang='lat' dir='ltr'><strong>et</strong></span> <span class='ocrx_word' id='word_1_201' title='bbox 367 2041 435 2097; x_wconf 87' lang='lat' dir='ltr'><strong>alter</strong></span> <span class='ocrx_word' id='word_1_202' title='bbox 458 2043 628 2111; x_wconf 82' lang='lat' dir='ltr'><strong>particularis</strong></span> <span class='ocrx_word' id='word_1_203' title='bbox 654 2042 783 2110; x_wconf 80' lang='lat' dir='ltr'><strong>civitatis,</strong></span> <span class='ocrx_word' id='word_1_204' title='bbox 811 2040 903 2110; x_wconf 88' lang='lat' dir='ltr'><strong>oppidi</strong></span> <span class='ocrx_word' id='word_1_205' title='bbox 922 2047 971 2097; x_wconf 87' lang='lat' dir='ltr'><strong>aut</strong></span> 
     </span>
    </p>

    <p class='ocr_par' dir='ltr' id='par_1_7' title="bbox 168 2181 970 2394">
     <span class='ocr_line' id='line_1_28' title="bbox 203 2181 970 2252; baseline -0.003 -14"><span class='ocrx_word' id='word_1_206' title='bbox 203 2184 246 2238; x_wconf 87' lang='lat' dir='ltr'><strong>Do</strong></span> <span class='ocrx_word' id='word_1_207' title='bbox 265 2183 423 2239; x_wconf 86' lang='lat' dir='ltr'><strong>secundario</strong></span> <span class='ocrx_word' id='word_1_208' title='bbox 447 2198 496 2238; x_wconf 88' lang='lat' dir='ltr'><strong>ssu</strong></span> <span class='ocrx_word' id='word_1_209' title='bbox 520 2184 608 2239; x_wconf 90' lang='lat' dir='ltr'><strong>minus</strong></span> <span class='ocrx_word' id='word_1_210' title='bbox 625 2183 765 2252; x_wconf 82' lang='lat' dir='ltr'><strong>principali</strong></span> <span class='ocrx_word' id='word_1_211' title='bbox 788 2181 902 2236; x_wconf 77' lang='lat' dir='ltr'><strong>Tierlari</strong></span> <span class='ocrx_word' id='word_1_212' title='bbox 922 2188 970 2237; x_wconf 83' lang='lat' dir='ltr'><strong>aut</strong></span> 
     </span>
     <span class='ocr_line' id='line_1_29' title="bbox 168 2252 968 2310; baseline -0.001 -1"><span class='ocrx_word' id='word_1_213' title='bbox 168 2254 287 2310; x_wconf 87' lang='lat' dir='ltr'><strong>Patrono</strong></span> <span class='ocrx_word' id='word_1_214' title='bbox 305 2255 358 2309; x_wconf 91' lang='lat' dir='ltr'><strong>loci</strong></span> <span class='ocrx_word' id='word_1_215' title='bbox 382 2254 426 2309; x_wconf 86' lang='lat' dir='ltr'><strong>vel</strong></span> <span class='ocrx_word' id='word_1_216' title='bbox 449 2255 579 2310; x_wconf 81' lang='lat' dir='ltr'><strong>ecclesiae</strong></span> <span class='ocrx_word' id='word_1_217' title='bbox 603 2254 685 2309; x_wconf 87' lang='lat' dir='ltr'><strong>debet</strong></span> <span class='ocrx_word' id='word_1_218' title='bbox 707 2253 767 2309; x_wconf 85' lang='lat' dir='ltr'><strong>lieri</strong></span> <span class='ocrx_word' id='word_1_219' title='bbox 785 2252 898 2308; x_wconf 85' lang='lat' dir='ltr'><strong>odicium</strong></span> <span class='ocrx_word' id='word_1_220' title='bbox 916 2252 968 2308; x_wconf 87' lang='lat' dir='ltr'><strong>sub</strong></span> 
     </span>
     <span class='ocr_line' id='line_1_30' title="bbox 168 2324 969 2394; baseline -0.002 -13"><span class='ocrx_word' id='word_1_221' title='bbox 168 2325 222 2381; x_wconf 80' lang='lat' dir='ltr'><strong>riti</strong></span> <span class='ocrx_word' id='word_1_222' title='bbox 241 2326 340 2394; x_wconf 89' lang='lat' dir='ltr'><strong>duplici</strong></span> <span class='ocrx_word' id='word_1_223' title='bbox 357 2325 460 2394; x_wconf 81' lang='lat' dir='ltr'><strong>maiori,</strong></span> <span class='ocrx_word' id='word_1_224' title='bbox 485 2326 561 2380; x_wconf 83' lang='lat' dir='ltr'><strong>iuxta</strong></span> <span class='ocrx_word' id='word_1_225' title='bbox 579 2325 705 2380; x_wconf 80' lang='lat' dir='ltr'><strong>tabellam</strong></span> <span class='ocrx_word' id='word_1_226' title='bbox 723 2325 867 2393; x_wconf 88' lang='lat' dir='ltr'><strong>duplicium</strong></span> <span class='ocrx_word' id='word_1_227' title='bbox 885 2324 969 2379; x_wconf 87' lang='lat' dir='ltr'><strong>maio-</strong></span> 
     </span>
    </p>
   </div>
   <div class='ocr_carea' id='block_1_5' title="bbox 167 2393 1051 2891">
    <p class='ocr_par' dir='ltr' id='par_1_8' title="bbox 167 2393 971 2678">
     <span class='ocr_line' id='line_1_31' title="bbox 167 2393 970 2466; baseline 0 -16"><span class='ocrx_word' id='word_1_228' title='bbox 167 2413 228 2450; x_wconf 91' lang='lat' dir='ltr'><strong>rum</strong></span> <span class='ocrx_word' id='word_1_229' title='bbox 245 2397 321 2451; x_wconf 91' lang='lat' dir='ltr'><strong>initio</strong></span> <span class='ocrx_word' id='word_1_230' title='bbox 335 2397 467 2451; x_wconf 84' lang='lat' dir='ltr'><strong>Breviarii</strong></span> <span class='ocrx_word' id='word_1_231' title='bbox 484 2398 609 2466; x_wconf 89' lang='lat' dir='ltr'><strong>positam,</strong></span> <span class='ocrx_word' id='word_1_232' title='bbox 627 2397 680 2452; x_wconf 90' lang='lat' dir='ltr'><strong>nisi</strong></span> <span class='ocrx_word' id='word_1_233' title='bbox 700 2397 807 2451; x_wconf 89' lang='lat' dir='ltr'><strong>solitum</strong></span> <span class='ocrx_word' id='word_1_234' title='bbox 821 2395 856 2450; x_wconf 84' lang='lat' dir='ltr'><strong>sit</strong></span> <span class='ocrx_word' id='word_1_235' title='bbox 869 2393 902 2448; x_wconf 88' lang='lat' dir='ltr'><strong>de</strong></span> <span class='ocrx_word' id='word_1_236' title='bbox 920 2395 970 2450; x_wconf 91' lang='lat' dir='ltr'><strong>illo</strong></span> 
     </span>
     <span class='ocr_line' id='line_1_32' title="bbox 168 2465 970 2537; baseline 0.001 -16"><span class='ocrx_word' id='word_1_237' title='bbox 168 2472 272 2522; x_wconf 89' lang='lat' dir='ltr'><strong>tantum</strong></span> <span class='ocrx_word' id='word_1_238' title='bbox 291 2467 427 2523; x_wconf 85' lang='lat' dir='ltr'><strong>celebrare</strong></span> <span class='ocrx_word' id='word_1_239' title='bbox 446 2468 495 2522; x_wconf 91' lang='lat' dir='ltr'><strong>sub</strong></span> <span class='ocrx_word' id='word_1_240' title='bbox 521 2469 576 2523; x_wconf 90' lang='lat' dir='ltr'><strong>ritu</strong></span> <span class='ocrx_word' id='word_1_241' title='bbox 599 2466 698 2537; x_wconf 90' lang='lat' dir='ltr'><strong>duplici</strong></span> <span class='ocrx_word' id='word_1_242' title='bbox 715 2467 811 2522; x_wconf 89' lang='lat' dir='ltr'><strong>minori</strong></span> <span class='ocrx_word' id='word_1_243' title='bbox 827 2466 904 2520; x_wconf 86' lang='lat' dir='ltr'><strong>iuxta</strong></span> <span class='ocrx_word' id='word_1_244' title='bbox 922 2465 970 2522; x_wconf 82' lang='lat' dir='ltr'><strong>de·</strong></span> 
     </span>
     <span class='ocr_line' id='line_1_33' title="bbox 170 2537 969 2608; baseline 0 -15"><span class='ocrx_word' id='word_1_245' title='bbox 170 2545 272 2593; x_wconf 88' lang='lat' dir='ltr'><strong>cretum</strong></span> <span class='ocrx_word' id='word_1_246' title='bbox 286 2537 314 2594; x_wconf 86' lang='lat' dir='ltr'><strong>S.</strong></span> <span class='ocrx_word' id='word_1_247' title='bbox 327 2539 360 2595; x_wconf 90' lang='lat' dir='ltr'><strong>R.</strong></span> <span class='ocrx_word' id='word_1_248' title='bbox 376 2538 405 2593; x_wconf 77' lang='lat' dir='ltr'><strong>(l.</strong></span> <span class='ocrx_word' id='word_1_249' title='bbox 424 2539 660 2608; x_wconf 81' lang='lat' dir='ltr'><strong>26.Junii1751.;</strong></span> <span class='ocrx_word' id='word_1_250' title='bbox 679 2553 785 2608; x_wconf 86' lang='lat' dir='ltr'><strong>semper</strong></span> <span class='ocrx_word' id='word_1_251' title='bbox 801 2544 892 2591; x_wconf 86' lang='lat' dir='ltr'><strong>tumen</strong></span> <span class='ocrx_word' id='word_1_252' title='bbox 909 2537 969 2593; x_wconf 87' lang='lat' dir='ltr'><strong>sine</strong></span> 
     </span>
     <span class='ocr_line' id='line_1_34' title="bbox 170 2607 971 2678; baseline 0 -14"><span class='ocrx_word' id='word_1_253' title='bbox 170 2615 267 2664; x_wconf 85' lang='lat' dir='ltr'><strong>octava</strong></span> <span class='ocrx_word' id='word_1_254' title='bbox 291 2607 331 2676; x_wconf 82' lang='lat' dir='ltr'><strong>(S.</strong></span> <span class='ocrx_word' id='word_1_255' title='bbox 341 2610 375 2663; x_wconf 88' lang='lat' dir='ltr'><strong>R.</strong></span> <span class='ocrx_word' id='word_1_256' title='bbox 388 2609 417 2665; x_wconf 84' lang='lat'><strong>0.</strong></span> <span class='ocrx_word' id='word_1_257' title='bbox 430 2613 474 2664; x_wconf 81' lang='lat'><strong>26.</strong></span> <span class='ocrx_word' id='word_1_258' title='bbox 484 2611 570 2664; x_wconf 81' lang='lat' dir='ltr'><strong>Mart.</strong></span> <span class='ocrx_word' id='word_1_259' title='bbox 579 2613 656 2665; x_wconf 88' lang='lat'><strong><em>1639.</em></strong></span> <span class='ocrx_word' id='word_1_260' title='bbox 664 2630 673 2678; x_wconf 94' lang='lat'><strong>,·</strong></span> <span class='ocrx_word' id='word_1_261' title='bbox 693 2617 721 2664; x_wconf 89' lang='lat' dir='ltr'><strong>et</strong></span> <span class='ocrx_word' id='word_1_262' title='bbox 734 2613 759 2664; x_wconf 87' lang='lat'><strong>9.</strong></span> <span class='ocrx_word' id='word_1_263' title='bbox 772 2607 852 2664; x_wconf 82' lang='lat' dir='ltr'><strong>Febr.</strong></span> <span class='ocrx_word' id='word_1_264' title='bbox 867 2609 971 2676; x_wconf 74' lang='lat'><strong><em>1675).</em></strong></span> 
     </span>
    </p>

    <p class='ocr_par' dir='ltr' id='par_1_9' title="bbox 169 2678 1051 2891">
     <span class='ocr_line' id='line_1_35' title="bbox 204 2678 969 2750; baseline 0.001 -17"><span class='ocrx_word' id='word_1_265' title='bbox 204 2682 230 2733; x_wconf 82' lang='lat'><strong>2.</strong></span> <span class='ocrx_word' id='word_1_266' title='bbox 257 2679 368 2734; x_wconf 84' lang='lat' dir='ltr'><strong>Festum</strong></span> <span class='ocrx_word' id='word_1_267' title='bbox 386 2681 494 2747; x_wconf 86' lang='lat' dir='ltr'><strong>patroni</strong></span> <span class='ocrx_word' id='word_1_268' title='bbox 518 2697 578 2735; x_wconf 89' lang='lat' dir='ltr'><strong>cum</strong></span> <span class='ocrx_word' id='word_1_269' title='bbox 596 2681 759 2750; x_wconf 77' lang='lat' dir='ltr'><strong>obligatione</strong></span> <span class='ocrx_word' id='word_1_270' title='bbox 782 2678 908 2734; x_wconf 87' lang='lat' dir='ltr'><strong>audiendi</strong></span> <span class='ocrx_word' id='word_1_271' title='bbox 926 2693 969 2734; x_wconf 81' lang='lat' dir='ltr'><strong>sa·</strong></span> 
     </span>
     <span class='ocr_line' id='line_1_36' title="bbox 169 2747 969 2820; baseline 0.003 -16"><span class='ocrx_word' id='word_1_272' title='bbox 169 2765 242 2804; x_wconf 86' lang='lat' dir='ltr'><strong>crum</strong></span> <span class='ocrx_word' id='word_1_273' title='bbox 261 2757 290 2804; x_wconf 86' lang='lat' dir='ltr'><strong>et</strong></span> <span class='ocrx_word' id='word_1_274' title='bbox 301 2749 415 2804; x_wconf 81' lang='lat' dir='ltr'><strong>vacandi</strong></span> <span class='ocrx_word' id='word_1_275' title='bbox 428 2751 462 2805; x_wconf 84' lang='lat' dir='ltr'><strong>sb</strong></span> <span class='ocrx_word' id='word_1_276' title='bbox 481 2753 608 2820; x_wconf 87' lang='lat' dir='ltr'><strong>operibus</strong></span> <span class='ocrx_word' id='word_1_277' title='bbox 621 2751 763 2807; x_wconf 85' lang='lat' dir='ltr'><strong>servilibus</strong></span> <span class='ocrx_word' id='word_1_278' title='bbox 780 2747 969 2806; x_wconf 73' lang='lat' dir='ltr'><strong>odebrandum</strong></span> 
     </span>
     <span class='ocr_line' id='line_1_37' title="bbox 169 2820 1051 2891; baseline 0.002 -17"><span class='ocrx_word' id='word_1_279' title='bbox 169 2827 211 2876; x_wconf 88' lang='lat' dir='ltr'><strong>ost</strong></span> <span class='ocrx_word' id='word_1_280' title='bbox 235 2820 279 2875; x_wconf 85' lang='lat' dir='ltr'><strong>die</strong></span> <span class='ocrx_word' id='word_1_281' title='bbox 301 2821 428 2891; x_wconf 86' lang='lat' dir='ltr'><strong>propria,</strong></span> <span class='ocrx_word' id='word_1_282' title='bbox 455 2823 508 2877; x_wconf 89' lang='lat' dir='ltr'><strong>nisi</strong></span> <span class='ocrx_word' id='word_1_283' title='bbox 526 2821 600 2878; x_wconf 87' lang='lat' dir='ltr'><strong>aliud</strong></span> <span class='ocrx_word' id='word_1_284' title='bbox 618 2823 654 2878; x_wconf 89' lang='lat' dir='ltr'><strong>sit</strong></span> <span class='ocrx_word' id='word_1_285' title='bbox 671 2829 799 2880; x_wconf 85' lang='lat' dir='ltr'><strong>statutum</strong></span> <span class='ocrx_word' id='word_1_286' title='bbox 815 2836 866 2890; x_wconf 88' lang='lat' dir='ltr'><strong>pro</strong></span> <span class='ocrx_word' id='word_1_287' title='bbox 884 2820 969 2876; x_wconf 77' lang='lat' dir='ltr'><strong>variis</strong></span> <span class='ocrx_word' id='word_1_288' title='bbox 1050 2863 1051 2884; x_wconf 70' lang='lat'><strong>,</strong></span> 
     </span>
    </p>
   </div>
   <div class='ocr_carea' id='block_1_6' title="bbox 0 0 1070 3228">
    <p class='ocr_par' dir='ltr' id='par_1_10' title="bbox 0 0 1070 3228">
     <span class='ocr_line' id='line_1_38' title="bbox 0 0 1070 3228; baseline 0 0"><span class='ocrx_word' id='word_1_289' title='bbox 0 0 1070 3228; x_wconf 95' lang='lat' dir='ltr'><strong> </strong></span> 
     </span>
    </p>
   </div>
  </div>
 </body>
</html>
