2146 3234
339 170 372 211 De
385 169 527 211 Sacramenta
540 171 681 214 Matrimonii.
867 167 908 212 osl

113 273 255 343 Orontem,
273 280 320 329 aut
332 273 392 328 ricc
403 288 491 342 versa,
510 274 583 342 pecori
598 272 710 329 Orctrstc
722 274 816 329 tanao
826 275 911 341 tamt

111 345 290 400 Matrimoaio
310 361 380 399 cam
411 345 536 412 defuncto
563 350 667 413 patrato
699 359 748 399 seu
777 346 910 402 avunculo

113 415 244 472 Oratore

149 514 180 565 7Ε
201 511 229 566 Si
248 526 329 579 snper
356 510 608 581 tmpedtmeato
628 511 795 580 publicae
817 512 911 568 tone·

114 584 220 638 statis
234 582 397 651 dispensatio
411 589 527 652 petatur,
546 581 627 636 debet
640 583 761 652 exprimi,
780 599 814 638 an
828 585 863 638 sit
877 599 911 638 ex

113 654 284 724 spoasctcoas
299 655 446 724 defuturo,
465 655 509 708 vel
519 654 698 708 Moto-tmooto
711 659 781 722 roto,
796 656 859 722 quia
877 670 911 710 ex

112 725 166 781 hoc
192 723 288 780 fortius
324 725 409 779 oritur
436 725 570 779 vinculum
603 725 752 780 honestatis
779 726 910 796 publicae,

114 811 194 866 qnam
213 810 246 849 ex
265 796 442 866 sponsalibus,
469 803 496 851 et
519 797 548 850 in
570 795 712 851 honestate
739 811 773 850 ex
790 798 833 852 his
852 803 912 852 orta

113 869 184 924 solet
201 865 271 936 addi,
291 865 362 934 qnod
380 883 480 937 sponsa
498 867 640 922 carnaliter
652 883 708 922 non
721 866 802 922 fuerit
823 869 911 937 cogni·

113 945 152 1008 ta,
171 954 196 992 v.
211 955 237 1006 g.
255 938 303 992 sed
321 939 386 1008 quio
405 939 477 993 otios
494 938 582 993 dictas
598 938 697 993 Orator
710 940 851 1007 monentia
859 955 912 1008 per

112 1009 196 1064 cerba
214 1009 247 1062 de
262 1011 357 1077 satore
376 1026 435 1064 cam
456 1009 587 1064 Orotricis
603 1025 695 1064 sorore
707 1011 748 1064 ccl
763 1015 849 1065 matre
862 1010 912 1064 od·

113 1081 166 1135 huc
183 1081 332 1148 superstite,
348 1081 400 1147 (oet
413 1080 589 1150 adpraesens
609 1080 747 1149 defuncto)
768 1083 911 1150 contracti,

115 1167 185 1222 poce
204 1151 310 1220 quidem
330 1150 461 1206 Oratrica's
478 1167 563 1219 soror,
588 1153 629 1206 oet
652 1157 739 1206 mater
762 1154 797 1207 ab
821 1154 913 1208 eodem

117 1223 231 1278 Oratore
248 1224 352 1276 intacto
369 1224 506 1291 remansit,
525 1222 687 1277 destitettam
710 1239 789 1278 mam
813 1225 864 1280 trac
881 1226 912 1279 tra

110 1299 194 1364 porte
213 1293 360 1362 adtmplerc
376 1309 432 1347 non
445 1298 561 1362 possunt
571 1335 577 1347 .
589 1333 595 1347 .
606 1334 632 1352 ..

152 1391 184 1442 8ξι
197 1389 250 1444 Pro
270 1388 468 1458 dispensatione
487 1405 569 1458 super
594 1390 840 1458 Impedimento
864 1408 913 1448 co-

113 1461 297 1532 paata'ooc's
324 1461 538 1529 spiritualis
559 1461 629 1514 hanc
646 1461 685 1516 ita
699 1469 806 1529 oportet
824 1465 912 1532 expri-

114 1547 198 1600 mere,
216 1538 246 1586 ut
258 1537 442 1602 cognoscatur,
461 1548 496 1586 an
509 1530 657 1587 intercedat
672 1529 765 1588 filiatio
784 1541 811 1588 et
823 1541 913 1603 pater·

114 1603 186 1658 nitas
206 1617 254 1657 seu
273 1604 436 1672 maternitas,
455 1602 528 1672 (quia
545 1604 573 1657 in
590 1603 755 1671 primocasu
771 1621 826 1659 non
844 1605 913 1661 solet

64 1665 81 1690 '
115 1673 284 1743 dispensari),
303 1690 338 1728 an
351 1689 416 1729 vero
430 1680 533 1728 tantum
547 1675 761 1743 compaternitas,
780 1690 829 1730 scu
842 1691 912 1730 com·

39 1751 42 1754 '
113 1745 284 1812 maternitas3
308 1745 336 1800 in
353 1745 498 1814 posteriori
517 1752 606 1800 autem
624 1761 689 1800 casu
705 1752 848 1814 praetcrea
867 1761 912 1801 ex·

113 1815 194 1886 primi
213 1815 300 1885 debet,
320 1817 343 1872 si
361 1817 484 1884 cognatio
503 1816 648 1886 spiritualis
666 1817 701 1872 sit
720 1815 827 1886 duplex,
846 1823 913 1886 puta

114 1888 139 1944 si
157 1887 216 1955 quis
235 1887 345 1943 alicuius
359 1888 462 1956 prolem
472 1904 551 1942 unam
566 1903 580 1943 e
594 1887 668 1942 fonte
681 1887 789 1958 levavit,
809 1895 836 1943 et
850 1904 912 1944 ean·

114 1957 176 2013 dem
195 1959 223 2012 in
242 1957 447 2014 Confirmatione
469 1960 569 2027 tenuit3
597 1959 641 2013 vel
666 1958 785 2014 eiusdem
809 1961 913 2028 prolem

113 2045 196 2084 unam
213 2030 306 2099 tenuit,
326 2037 354 2085 et
367 2030 602 2099 alteramlevavit3
620 2030 664 2083 vel
682 2030 706 2084 si
719 2047 788 2086 unus
802 2031 913 2087 altanus

113 2101 215 2156 liberos
232 2100 348 2156 vicissim
373 2101 481 2156 levavit.
517 2101 592 2156 Haec
616 2108 706 2155 tamen
731 2104 854 2170 cognatio
879 2118 914 2156 ex

115 2169 295 2226 declaratione
315 2171 458 2227 Clementis
476 2171 549 2230 VIII.
574 2188 630 2226 non
647 2173 845 2242 multiplicatur,
863 2189 914 2228 nec

115 2243 167 2298 erit
184 2257 293 2298 necesse
313 2243 470 2312 exprimere,
496 2244 519 2298 si
544 2243 603 2310 quis
628 2243 720 2312 plures
747 2245 866 2300 ciusdem
883 2245 914 2300 li·

114 2314 196 2368 beros
213 2329 229 2368 e
248 2329 325 2370 sacro
343 2313 418 2370 fonte
441 2313 549 2384 levavit,
574 2321 622 2370 aut
651 2315 680 2369 in
708 2314 913 2371 Confirmatione

114 2385 209 2440 tenuit.

152 2475 184 2527 pa
206 2473 318 2541 Quando
345 2474 446 2542 petitur
475 2474 641 2542 dispensatio
667 2489 749 2543 super
774 2474 914 2544 impedi·

115 2549 228 2598 meato
253 2546 431 2612 criminis,
457 2544 658 2614 exprimendum
686 2551 734 2615 est,
759 2561 793 2600 an
817 2547 853 2602 sit
880 2561 914 2601 ex

116 2615 312 2670 machinatione
326 2617 464 2684 utriusque
478 2617 506 2670 in
520 2624 632 2671 mortem
646 2617 765 2686 coniugis
779 2633 838 2670 cum
852 2632 914 2686 pro·

115 2685 242 2742 missione
260 2687 432 2757 Matrimonii,
451 2703 485 2742 an
504 2703 538 2742 ex
556 2686 688 2743 adulterio
707 2689 764 2743 sine
780 2688 913 2742 machina·

115 2758 190 2814 tione
208 2758 257 2814 sed
271 2759 523 2828 compromissione,
543 2759 586 2813 rel
600 2775 635 2812 an
649 2775 683 2814 ex
692 2766 807 2826 utroque
821 2759 914 2827 simul;

115 2829 188 2900 qnia,
206 2829 230 2886 si
250 2845 284 2884 ex
301 2829 496 2886 machinatione
521 2830 661 2898 utriusque
684 2830 821 2899 procedat,
838 2830 916 2898 Papa
1004 2838 1008 2846 ’
