2108 3226
134 124 176 168 122
328 129 453 170 Gratiarum
467 128 565 168 actiones
578 131 629 179 post
642 129 740 173 Missam.

137 237 165 286 et
181 229 325 286 reducens!
345 231 428 286 adoro
442 237 483 299 te;
501 237 531 285 tu
549 231 620 286 enim
633 233 706 288 solue
727 247 756 288 es
776 232 871 302 dignus
890 251 934 291 uc·

137 302 227 370 cipere
251 303 377 356 virtutem
401 309 428 356 et
456 302 621 357 divinitatem
646 311 674 358 et
698 303 881 359 fortitudinem
906 313 935 362 et

136 373 278 442 honorem,
304 374 416 442 gloriam
441 381 468 428 et
491 374 718 443 benedictionem
749 376 820 430 unde
845 379 935 433 omnia

138 461 200 500 ossa
218 460 278 498 mea
292 445 391 499 dicent:
410 445 533 514 Domine,
552 447 611 512 quis
623 446 715 501 similis
728 446 798 500 tibi?
816 447 933 517 Magnus

134 515 275 640 {gmilnua
295 523 322 570 et
340 515 481 572 laudabilis
499 518 592 572 nimisi
628 516 748 572 Adorute
762 533 823 572 eum
840 535 934 576 omnes

178 587 229 656 ge'
249 589 321 642 eius!

170 657 241 726 Quid
258 658 404 712 retribuam
419 658 477 726 tibi,
495 658 609 712 Domine
627 659 702 728 Jesu,
726 675 776 728 pro
799 660 932 731 omuibus,

134 745 203 797 quae
221 729 368 784 retribuisti
386 729 459 798 milri,
478 737 505 783 et
522 731 682 798 praesertim
699 730 800 784 hodie?
830 731 933 787 Sollici-

134 809 179 856 tus
196 801 250 855 mei
268 800 364 855 dedisti
381 800 445 854 mihi
460 800 563 868 Corpus
580 808 655 855 tuum
672 802 701 854 in
719 801 805 856 cibum
824 810 851 857 et
865 803 932 857 Sun-

137 873 244 940 guinem
261 878 337 925 tuum
353 872 382 924 in
399 878 499 940 potum,
528 879 555 926 et
571 879 713 939 utrumque
731 873 759 926 in
776 873 873 941 pignus
891 873 932 930 iu-

134 951 212 996 turae
231 942 341 1010 gloriae.
377 941 400 995 0
426 958 531 996 suorum
550 943 713 996 conviviumi
750 944 812 997 Jam
829 945 932 999 miseri·

136 1013 227 1067 cordia
249 1020 297 1068 tua
321 1013 498 1080 subsequetur
522 1029 565 1068 me
589 1014 710 1068 omnibus
738 1014 831 1070 diebus
858 1017 932 1072 vitae

135 1099 220 1152 meae,
248 1091 277 1138 ut
295 1085 440 1138 inhabitem
461 1085 489 1138 in
508 1082 585 1139 domo
613 1091 660 1139 tua
687 1085 715 1138 in
739 1086 933 1154 longitudinem

136 1155 246 1209 dierum.
277 1154 341 1210 Ideo
357 1156 527 1210 exsultabunt
540 1155 612 1209 labia
624 1171 692 1225 mea,
711 1172 771 1210 oum
785 1165 931 1214 contexero

134 1227 192 1295 tibi,
211 1232 239 1280 et
257 1227 345 1280 anima
361 1242 429 1296 mea,
448 1243 528 1294 quam
544 1227 689 1282 redemisti.
722 1227 776 1282 Sed
794 1235 822 1282 et
839 1229 932 1298 lingua

134 1313 196 1351 mea
212 1304 271 1352 tota
288 1297 331 1351 die
349 1297 520 1352 meditabitur
536 1299 663 1352 iustitiam
680 1305 766 1368 tuum,
791 1316 851 1354 oum
868 1317 932 1355 oon-

134 1368 188 1423 fusi
206 1375 233 1422 ct
259 1370 370 1424 reveriti
391 1369 504 1437 fuerint,
536 1371 581 1436 qui
606 1377 737 1436 quaerunt
763 1371 834 1424 mala
856 1372 931 1427 mihi.

134 1439 282 1508 Repleatur
302 1456 332 1495 cs
350 1455 439 1494 meum
456 1439 544 1509 laude,
568 1447 599 1494 ut
617 1447 720 1494 cautem
737 1447 795 1496 tota
813 1441 856 1496 die
875 1443 932 1510 glo·

134 1512 202 1566 riem
219 1518 300 1566 tuam.
320 1541 353 1551 -
372 1510 527 1580 Magnifioet
551 1512 639 1566 anima
665 1527 726 1565 mea
742 1512 886 1567 Dominum
905 1521 934 1569 et

135 1583 251 1638 exsultet
265 1583 373 1652 spiritus
387 1598 462 1638 meus
475 1583 504 1636 in
516 1583 575 1636 Deo
590 1583 700 1638 salutari
713 1597 781 1638 meo.
812 1584 933 1640 Benedio

135 1656 223 1709 anima
241 1671 302 1709 mea
318 1656 433 1710 Domino
453 1660 480 1708 et
497 1655 593 1721 omnia,
618 1669 686 1721 quoe
704 1654 775 1708 intra
799 1670 841 1708 me
860 1663 932 1726 sunt,

134 1725 234 1780 nomini
253 1734 345 1781 sancto
364 1726 430 1781 eius.
466 1725 544 1794 Noli,
573 1726 660 1779 anima
681 1739 755 1794 mea,
783 1726 839 1780 noli
864 1727 930 1782 obli-

134 1797 201 1852 visci
220 1812 311 1851 omnes
329 1797 518 1852 retributiones
543 1796 615 1865 eius,
645 1796 690 1864 qui
717 1797 836 1852 visitavit
856 1804 884 1852 te
904 1805 932 1853 et

133 1866 197 1922 fecit
221 1868 270 1921 tibi
288 1868 513 1936 redemptionem,
546 1883 643 1922 sununs
669 1865 836 1922 infirmitates
860 1875 930 1924 tuus.

133 1937 256 1992 Laudato
274 1938 362 1992 Deum
379 1954 467 1992 meum
486 1953 578 1992 omnes
595 1945 697 2007 gentes,
725 1939 850 2006 quoniam
868 1956 931 1995 oon-

131 2009 237 2064 firmata
255 2015 296 2063 eet
321 2025 403 2077 super
426 2025 469 2064 me
497 2009 679 2064 misericordia
703 2010 769 2065 eius.
805 2010 930 2066 Laudato

132 2096 193 2135 eum
212 2095 303 2134 omnes
321 2080 418 2148 Angeli
435 2080 501 2136 ciue.

169 2151 192 2205 0
211 2152 293 2205 Pater
311 2159 432 2220 aeterne,
451 2151 533 2206 Pater
550 2150 798 2220 misericordiarum,
826 2153 872 2219 qui
890 2153 930 2208 sio

133 2221 250 2277 dilexisti
262 2237 313 2290 me,
332 2230 362 2276 ut
375 2223 546 2290 Unigenitum
558 2228 633 2276 tuum
650 2223 715 2276 mihi
728 2222 806 2278 dares
826 2224 854 2277 in
867 2239 929 2293 pre-

131 2294 198 2348 tium
216 2300 244 2348 et
261 2294 289 2346 in
307 2293 408 2361 cibum;
427 2309 487 2348 cum
506 2309 538 2347 eo
557 2294 646 2348 omnia
662 2294 727 2348 mihi
746 2293 866 2363 donasti;
885 2310 928 2349 re-

133 2365 205 2432 spice
224 2365 252 2418 in
277 2364 373 2418 faeiem
390 2365 489 2419 Christi
506 2364 560 2433 tui,
586 2365 615 2417 in
633 2380 686 2431 quo
704 2365 753 2419 tibi
770 2365 838 2419 bene
857 2382 928 2420 com-

130 2435 263 2504 placuisti.
291 2436 369 2490 Hunc
384 2451 434 2504 ego
453 2435 578 2490 dilectum
590 2435 688 2490 Filium
707 2443 734 2490 et
752 2452 811 2490 curn
829 2451 862 2491 eo
881 2453 929 2492 cor

130 2522 219 2561 meum
236 2507 356 2562 retribuo
373 2508 423 2561 tibi
440 2523 490 2574 pro
508 2507 566 2575 his,
595 2522 663 2573 quae
681 2506 762 2561 hodie
780 2508 930 2564 retribuisti

130 2578 210 2647 mihi;
229 2579 396 2646 complaceas
412 2578 470 2647 tibi,
488 2578 578 2647 Pater,
603 2577 683 2632 hodie
701 2579 729 2632 in
745 2578 800 2646 illo,
829 2594 861 2633 ac
878 2595 929 2648 per

131 2663 191 2703 enm
208 2649 416 2718 indignationem
439 2657 513 2704 tuem
537 2656 644 2704 avertas
663 2665 680 2702 a
696 2664 747 2703 me.
783 2649 855 2704 Ecce
873 2666 928 2705 me·

131 2719 221 2776 dictor
237 2721 291 2774 Dei
310 2727 337 2775 et
354 2721 497 2789 hominum,
526 2720 648 2775 Christus
665 2721 754 2789 Jesus,
782 2719 929 2778 advocatus

131 2797 160 2848 et
176 2792 306 2863 pontifex,
326 2793 373 2860 qui
384 2787 539 2862 interpellat
550 2807 601 2861 pro
614 2807 670 2860 me3
688 2792 758 2848 hunc
778 2807 828 2860 ego
842 2791 929 2848 offero
