2138 3226
151 127 192 172 did
320 131 353 180 Da
367 131 514 190 celebratione
527 131 564 174 SS.
578 132 660 174 1111666
673 131 781 175 immadi.

151 232 283 302 recitavit,
308 231 474 288 conformare
496 240 588 302 potest
611 241 639 288 et
663 233 751 302 debet,
778 233 879 302 absque
904 248 949 288 rs·

152 312 247 374 spectu
265 303 300 358 ad
317 303 430 359 officium
449 305 585 373 ecclesiae,
611 305 667 360 sive
695 306 730 360 sit
753 305 873 374 aequalis
891 305 952 360 sive

151 375 537 515 11118a3e1q51ali1slnnd12us.(S.R.0.
555 380 601 430 22.
610 376 804 448 Moet21817,
822 379 866 430 12.
876 375 951 432 Noc.

191 518 216 588 a)
236 517 366 573 Sacerdos
384 518 489 572 habens
508 502 622 574 officium¹
639 517 807 587 semidupleor
823 518 868 572 vel
885 516 952 572 inie-

153 589 232 644 rioris
250 590 326 658 ritus,
345 589 418 657 quod
437 589 552 644 admittit
569 590 683 659 votivas,
708 589 815 657 quando
834 589 953 644 celebrat

152 661 181 716 in
199 661 319 730 ecclesia,
337 661 365 714 in
383 676 437 728 qua
454 659 485 714 fit
502 659 616 715 officium
634 661 667 716 de
685 659 755 716 festo
775 659 880 729 duplici
897 659 946 714 sub
1003 705 1008 724 ,

154 731 229 787 alio
254 731 343 786 colore
373 733 447 800 (licet
473 733 530 786 sine
555 732 740 802 solemnitate),
768 747 836 786 non
862 735 953 800 potest

153 803 244 871 legere
268 802 380 857 Missam
404 802 531 872 votivam,
555 803 676 870 quamvis
702 803 731 856 in
760 803 850 858 colore
875 800 954 860 officii

154 873 291 940 ecclesiae,
319 873 382 940 quia
406 872 519 928 officinm
542 873 686 943 ecclesiae,
717 874 760 929 cui
789 889 819 930 se
847 873 952 930 confor-

154 959 228 999 mare
246 943 479 1014 debet,p1·ohibet
505 945 618 1000 Missam
642 945 769 1002 votivam.
806 943 847 1013 (S.
864 944 899 999 R.
921 941 951 1002 0.

154 1019 195 1070 11.
215 1014 287 1084 Sept.
304 1017 396 1083 1817.)

190 1086 218 1154 b)
242 1085 369 1140 Similiter
399 1085 525 1142 sacerdos
556 1087 659 1142 habens
692 1085 806 1142 officinm
838 1085 954 1154 duplas,

156 1155 262 1225 qnando
281 1157 400 1212 celebrat
417 1159 445 1213 in
463 1158 584 1228 ecclesia,
612 1159 659 1212 ubi
683 1156 714 1213 fit
733 1156 766 1211 de
784 1156 956 1225 aanidtmlicc'

155 1227 201 1290 vel
218 1228 413 1297 aequivalente,
431 1245 486 1284 non
499 1235 591 1298 potest
604 1229 693 1284 dicere
707 1229 825 1284 votivam
832 1227 954 1296 Missam,

158 1300 222 1367 quia
240 1298 352 1356 officium
370 1300 516 1370 proprium,
544 1302 588 1356 cui
611 1315 640 1356 se
658 1300 686 1354 in
705 1317 769 1356 casu
787 1298 955 1354 conformare

156 1369 245 1440 debet,
264 1369 381 1426 excludit
398 1373 523 1428 votivam.
564 1371 604 1440 (S.
622 1372 657 1427 R.
677 1371 706 1427 0.
717 1375 758 1435 ,7.
776 1371 849 1440 Sept.
867 1372 955 1440 1316,

156 1445 200 1500 16.
218 1442 285 1496 Dec.
302 1445 394 1512 1828.)

195 1513 218 1582 6)
238 1513 369 1568 Sacerdos
388 1515 490 1586 habens
509 1512 621 1568 officium
639 1511 740 1582 duplex
758 1519 805 1568 ant
831 1512 958 1582 aequiva-

156 1584 223 1654 lens,
241 1583 313 1652 quod
330 1586 455 1654 prohibet
479 1585 591 1640 Missam
616 1582 649 1639 de
674 1584 811 1652 Reducem,
838 1583 957 1638 616616-

156 1655 238 1710 brans
256 1657 285 1710 in
310 1657 430 1726 ecclesia,
457 1658 485 1711 in
510 1672 564 1725 qua
588 1663 630 1711 est
653 1655 766 1711 officium
790 1654 960 1724 semiduplcc

158 1734 205 1782 aut
221 1727 356 1782 inferioris
372 1729 448 1797 ritus,
473 1727 545 1796 qnod
562 1727 692 1797 permittit
714 1727 826 1781 Missam
851 1725 885 1780 de
903 1725 957 1783 Re-

158 1799 254 1868 quiem,
272 1815 341 1853 non
365 1806 456 1868 potest
473 1800 563 1868 legere
580 1798 698 1852 Missam
711 1797 744 1852 de
762 1797 892 1866 Requiem
908 1811 956 1851 ne·

158 1883 210 1936 que
228 1870 347 1924 votivam
366 1870 406 1937 (S.
424 1871 460 1929 a
481 1871 509 1926 O.
529 1873 554 1926 7.
564 1869 636 1938 Sept.
654 1871 743 1935 1816.)
763 1867 956 1938 obproprium

158 1938 271 1994 officium
289 1940 404 2010 duplam
422 1943 527 1997 sivero
545 1941 574 1994 in
592 1941 680 1996 aliem
697 1941 745 1994 illa
758 1940 871 1996 ecclesia
888 1938 958 1994 finnt

158 2011 302 2079 exsequiae
324 2028 374 2081 pro
400 2013 489 2080 aliquo
515 2011 639 2066 defamcto
664 2018 807 2080 praesente
833 2025 956 2080 corpore,

155 2081 202 2136 vel
219 2082 436 2152 anniversarium,
455 2082 581 2139 sacerdos
589 2083 634 2136 ille
643 2089 735 2153 potest
744 2082 832 2136 dicere
842 2081 957 2136 Missam

157 2152 192 2207 da
209 2153 339 2222 Requiem
359 2155 400 2224 (S.
417 2155 447 2212 S.
467 2153 496 2211 0.
514 2157 540 2207 4.
558 2153 644 2208 Mart.
661 2157 751 2222 1866.)
784 2154 821 2208 Ε1
838 2153 957 2207 vicissim

158 2224 285 2280 sacerdos
302 2224 404 2281 habens
423 2224 537 2280 officium
559 2225 734 2293 armiductor,
762 2231 789 2279 et
816 2224 959 2280 celebrans

157 2295 186 2350 in
204 2296 325 2364 ecclesis,
350 2298 396 2352 nbi
421 2295 453 2351 lit
477 2295 510 2350 de
534 2295 619 2350 officio
645 2297 756 2364 duplici,
774 2311 841 2352 non
866 2301 961 2364 potest

97 2369 99 2372 ’
159 2366 248 2422 dicere
266 2367 377 2422 Missam
396 2366 570 2436 dechuiem
583 2367 618 2421 ob
632 2365 855 2436 officiumduplec
873 2367 960 2421 eccle·

160 2439 225 2506 siae,
244 2439 288 2492 cui
297 2455 327 2494 se
341 2437 431 2506 quoad
445 2439 560 2493 colorem
574 2439 669 2493 saltem
681 2437 847 2493 conformare
865 2436 957 2492 debet.

162 2509 498 2578 (6666161666,
518 2508 961 2577 7.Mati1746.,16.1)ec.182a)
1057 2541 1058 2548 1

196 2579 223 2648 d)
244 2579 375 2635 Sacerdos
393 2579 496 2636 habens
514 2579 802 2648 officiamaemidcplcc
819 2579 962 2635 celebrans
1057 2567 1058 2590 ¹

160 2651 189 2704 in
210 2651 330 2720 ecclesia,
356 2651 402 2706 ubi
425 2651 528 2720 pariter
549 2651 581 2708 fit
607 2651 641 2707 de
666 2651 843 2722 semiduplici,
867 2657 964 2721 potest
1057 2649 1058 2670 ¹

163 2721 275 2776 Missam
292 2721 383 2789 legere
402 2723 437 2776 ad
454 2723 566 2778 libitum.

196 2794 222 2848 4.
241 2791 401 2848 Sacerdotes
418 2795 578 2865 saeculares,
603 2793 710 2864 quando
728 2793 756 2848 in
775 2792 896 2850 ecclesiis
914 2807 961 2848 rs·
1057 2831 1058 2836 η
