2106 3228
138 171 160 211 X
479 168 596 212 Praelatio.

102 261 106 283 ¹
137 279 253 342 strarum
271 272 347 328 valor
364 287 446 341 saepe
471 271 504 326 ab
522 272 627 326 illarum
645 271 817 327 observantia
834 270 935 341 depen-

139 356 211 412 deat.

173 442 324 514 Librorum,
342 442 414 498 unde
428 441 581 498 sacerdotes
595 447 732 511 quactum
751 440 785 496 ud
805 442 933 512 pietatem

139 526 314 595 spiritumque
339 527 467 600 orationis
487 524 632 581 fovendum
657 532 684 580 ot
702 524 853 594 augendum
872 541 934 580 con·

138 608 239 678 ferant,
262 615 319 663 tum
335 608 364 661 in
381 608 516 678 plerisque
535 608 613 663 officii
631 609 785 665 muneribus
803 607 935 664 obeundis

138 691 291 747 adiumento
310 695 338 746 et
360 691 499 766 directioni
518 693 583 762 sint,
611 682 716 748 abu'ude
740 691 849 746 haurire
872 707 937 762 pos·

139 775 208 844 sint,
232 773 350 830 infinitus
369 774 476 842 quidem
495 773 557 830 ⁴fere
585 780 627 830 est
650 772 936 840 numerus31edalii

139 859 230 914 multis
243 863 366 914 constant
375 859 566 929 ¹voluminibus,
585 874 654 927 quae
667 875 722 916 non
734 857 812 914 facile
825 859 936 928 ubique,

139 944 242 999 neceb
261 943 383 998 omnibus
401 944 550 1012 comparari
566 939 688 1016 p'ossunt,
717 944 763 998 alii
780 959 859 1014 vero,
891 944 938 1014 qui
1044 983 1045 994 ,

139 1027 220 1096 vulgo
239 1025 377 1080 Manuulia
395 1025 529 1097 dicuntur,
557 1028 678 1095 quamvis
695 1026 836 1098 praeclara
852 1027 938 1106 multa
1044 1059 1045 1110 ἦ

137 1109 301 1178 contineant,
322 1116 484 1165 tamennon
502 1111 573 1165 omni
587 1125 620 1166 ex
638 1118 715 1180 parte
734 1111 767 1166 R.
781 1111 814 1166 R.
833 1110 938 1166 confra-

137 1199 211 1248 trum
229 1192 328 1262 optatis
345 1192 517 1263 respondent.
541 1194 597 1249 Aut
615 1195 684 1248 enim
703 1209 736 1249 ea
752 1201 856 1250 tantum
874 1211 938 1250 eon·

138 1276 241 1345 tinent,
260 1291 329 1344 qnae
347 1275 382 1330 ad
400 1275 571 1332 devotionem
589 1284 712 1346 spectant
727 1279 875 1348 privatam,
898 1278 939 1332 ni·

138 1360 244 1430 nilque,
273 1366 320 1416 aut
337 1375 423 1429 paene
441 1361 508 1415 nihil
527 1377 560 1416 ex
577 1362 626 1432 iis,
654 1361 799 1430 quaesere
818 1361 938 1431 quotidie

47 1499 49 1508 Α
139 1447 168 1500 in
186 1446 264 1516 praxi
283 1453 432 1516 occurrunt,
451 1453 498 1501 aut
516 1453 609 1502 contra
628 1462 660 1502 ea
674 1447 848 1518 solummodo,
868 1463 939 1516 quae

139 1529 229 1598 ipsum
246 1544 336 1584 rerum
348 1546 426 1586 usum
441 1535 570 1600 spectant,
590 1530 695 1608 omissis
714 1531 756 1601 iis,
776 1545 844 1599 quae
859 1530 943 1588 devo-

139 1614 208 1670 tioni
227 1613 389 1670 domesticae
414 1621 476 1670 sunt
500 1615 619 1683 propria.
655 1613 751 1671 Plures
776 1616 856 1670 etiem
880 1615 942 1686 pios
1044 1599 1045 1626 ³

141 1697 206 1753 novi
224 1697 377 1753 sacerdotes
396 1697 562 1754 diversarum
580 1697 755 1768 dioecesium,
781 1699 826 1767 qui
844 1697 942 1752 librum

142 1781 304 1851 desiderant,
331 1783 359 1836 in
377 1798 430 1850 quo
449 1782 538 1837 omnia
556 1780 591 1836 ad
607 1797 702 1836 munus
719 1781 845 1851 habeant,
871 1793 942 1848 quae
1044 1797 1045 1854 j

142 1873 199 1921 tum
216 1866 245 1920 in
262 1865 375 1935 privatis
388 1865 497 1935 pietatis
511 1865 654 1935 exercitiis,
671 1864 883 1922 tuminMissae
898 1878 944 1920 ce·
1044 1869 1045 1920 ἰ

142 1949 305 2020 lebretione,
332 1947 379 2004 SS.
403 1948 635 2004 decrementorum
660 1947 887 2004 administratione
915 1947 945 2003 et
1044 1953 1045 1968 ³

143 2039 293 2090 ceterorum
317 2033 435 2089 muueris
460 2031 604 2089 officiorum
629 2033 799 2090 exsecutione
826 2049 878 2088 usu
895 2047 944 2088 ve·
1044 2053 1045 2108 3

142 2118 201 2173 nire
219 2117 314 2174 solent.
1044 2115 1045 2138 ³

180 2202 269 2270 Quare
287 2202 358 2256 huno
375 2201 404 2255 in
421 2199 502 2255 finem
526 2215 561 2256 ex
581 2201 687 2270 optimis
705 2197 880 2271 scriptoribus
899 2215 945 2257 eo-

144 2286 299 2342 elesiasticis
318 2285 419 2355 optima
442 2283 564 2353 quaeque
590 2284 715 2353 colligere
738 2285 810 2340 etin
828 2299 946 2345 commo·

144 2370 208 2426 dum
224 2387 302 2426 usum
320 2368 441 2438 digerere
460 2375 571 2423 conatus
590 2384 656 2423 sum.
807 2433 814 2437 ᾖ
1044 2367 1045 2430 ᾗ

181 2454 240 2522 Quo
258 2469 323 2508 vcro
341 2453 427 2507 maior
444 2451 535 2509 libello
552 2450 620 2506 fides
638 2443 779 2522 tribunum,
802 2451 947 2510 nonnullo·
1044 2477 1045 2484 ¹

143 2557 204 2595 rum
222 2553 344 2607 operum,
371 2552 484 2604 quorum
502 2535 669 2605 potissimum
692 2551 757 2590 usus
776 2551 834 2590 sum
852 2535 947 2594 verbis
1044 2533 1045 2544 ¹

144 2631 173 2680 et
185 2621 332 2691 sententiis,
345 2619 558 2689 insequentibus
571 2619 676 2688 paginis
689 2617 866 2674 adiiciendum
880 2619 949 2676 duxi
1044 2615 1045 2662 ἶ

143 2707 303 2774 catalogum.
321 2705 378 2760 RR.
392 2703 453 2761 DD.
467 2702 651 2760 sacerdotibus
668 2699 774 2788 demum
793 2703 872 2772 omni,
891 2718 949 2772 qun
1044 2757 1045 2770 ,

144 2806 195 2861 pur
213 2795 263 2859 est,
281 2788 433 2844 reverentia
446 2803 477 2842 ao
491 2786 663 2842 veneratione
678 2785 836 2855 opusculum
853 2800 949 2841 meum
1044 2783 1045 2804 ¹

168 2873 270 2943 larens,
294 2887 346 2943 per
362 2871 394 2928 Β.
407 2871 445 2927 M.
459 2865 501 2942 V,
519 2869 666 2940 piissimum
682 2874 796 2924 matrem
814 2884 846 2926 ac
863 2883 952 2939 pecu·
1044 2849 1045 2882 ³
