2098 3222
158 151 198 196 81⁰
309 154 340 194 De
354 154 485 203 quibusdam
498 155 549 194 ultis
564 154 701 196 swerdotnnr
715 155 802 200 officiir.

156 256 312 327 patrociniis
330 255 507 314 confidentem
525 275 542 314 a
559 258 660 314 cunam
673 259 795 316 hostibus
809 257 896 314 mide
914 275 957 315 se·

158 345 251 384 curum
269 328 419 398 (securam).

192 398 358 466 Bene†dicat
373 406 402 454 te
416 399 544 456 Conditor
561 401 630 456 coeli
647 407 675 455 et
691 407 791 468 terrae,
809 400 887 456 Deus
902 417 957 456 om-

157 471 290 540 nipotens,
309 471 355 538 qui
372 477 399 524 te
414 472 513 539 eligere
532 471 656 540 (lignatus
675 478 716 526 est
736 472 771 527 ad
783 471 957 528 beatissimae

158 542 276 611 Virginis
293 541 396 596 Marias
424 541 457 597 de
481 550 571 598 monte
597 543 718 598 Garmolo
744 543 902 600 societatem
930 551 957 599 ct

158 613 409 682 confraternitatem,
428 629 508 683 quam
525 629 674 682 precamur,
692 620 723 669 ut
740 615 768 670 in
780 614 849 669 hors
868 615 956 670 obiam

158 685 206 754 tui,
226 690 346 738 conterat
364 692 445 752 caput
462 685 603 754 serpentis,
629 687 675 753 qui
692 685 742 740 tibi
762 693 803 740 ost
829 685 955 742 adversa·

157 756 223 825 rius,
242 762 270 811 et
286 754 393 810 audem
411 762 537 824 tanquam
554 755 766 824 rictorpelmsm
784 764 812 813 et
829 773 956 812 coronam

158 827 336 894 sempiternae
357 826 513 882 hereditatis
531 827 711 895 consequaris.
748 827 802 882 Per
821 828 955 884 Christum

102 955 104 960 ,
157 897 300 953 Dominum
317 894 446 955 nocuum.
464 927 498 936 -
517 898 551 953 R.
570 899 664 953 Amen.
1028 939 1029 966 ,

193 969 300 1024 Darada
317 975 443 1038 aspergat
461 971 623 1037 waftaam
640 969 681 1024 rel
695 984 864 1040 carsororcm
882 986 954 1040 agira

156 1040 304 1107 benedicta,
321 1045 347 1094 ct
363 1041 524 1110 sattaapat:
745 1045 748 1056 '

194 1110 254 1179 Ego
273 1111 439 1180 auctoritate,
458 1127 512 1179 qua
524 1111 628 1182 fungor,
642 1119 670 1167 et
682 1111 747 1166 mihi
759 1125 896 1181 concessu
914 1127 955 1167 re·

158 1182 228 1250 cipio
246 1188 274 1235 te
293 1181 328 1236 ad
346 1181 591 1238 confraternitatem
609 1190 717 1238 nostrae
732 1197 825 1238 sacrae
839 1183 954 1252 Religio

158 1253 200 1307 nis
219 1251 272 1320 (vel
291 1267 382 1308 sacrae
396 1253 543 1322 Religionis
557 1254 768 1324 Carmelitarum)
787 1260 815 1308 et
832 1253 955 1323 investio,

159 1337 191 1378 ac
209 1324 367 1393 participem
391 1331 419 1379 te
446 1324 515 1380 facio
541 1326 658 1380 omnium
681 1326 813 1380 bonorum
832 1326 955 1394 spiritus·

157 1394 223 1448 lium
241 1394 360 1450 eiusdem
379 1395 499 1451 Ordinis·
511 1397 544 1450 In
560 1397 666 1452 nomine
677 1397 767 1452 Patris
780 1402 808 1451 et
818 1395 910 1466 Fitlii,
928 1405 955 1452 et

160 1463 276 1534 Spiritus
294 1466 386 1521 sancti.
423 1468 517 1522 Amen.

347 1556 378 1596 tt.
397 1557 421 1597 st
431 1557 504 1608 plara
518 1557 634 1598 attracta
648 1557 770 1608 ratptsadr'.

195 1626 374 1696 Suscepimus,
393 1633 443 1682 etc.
464 1629 505 1696 (at
522 1629 627 1697 capra.)

200 1698 258 1756 W.
283 1703 309 1752 ct
330 1698 392 1753 ΒΕ.
413 1701 607 1784 portatoria
628 1699 736 1768 plaralc'
760 1713 881 1766 camera,
910 1697 956 1752 arbi

158 1775 315 1895 &arctatae
353 1839 487 1910 Suscipiat
508 1857 558 1896 vos
583 1839 705 1896 Christus
730 1845 780 1896 etc.
806 1841 955 1909 (utsupra

160 1910 323 2052 [pggrfagssglfffe]
334 1914 786 2050 fflmssffaaaonaa
803 1997 884 2037 mam
902 1983 956 2036 csti-

158 2053 221 2108 lata
238 2055 377 2121 imparem
393 2054 514 2108 halaam
532 2054 606 2108 dicat
623 2053 745 2109 walaia:

195 2124 294 2192 Accipe
313 2125 355 2179 vir
373 2133 423 2180 etc.
443 2127 484 2193 (at
501 2142 587 2194 supra
601 2124 674 2196 [pag.
692 2123 766 2196 809]
785 2123 892 2194 reliqua
905 2138 954 2194 pa

158 2201 262 2250 aaatar
279 2197 309 2249 ia
326 2212 436 2249 camera
450 2197 576 2264 plurali.)

194 2267 254 2335 Ego
274 2267 439 2337 auctoritate,
458 2284 513 2336 qua
529 2267 626 2336 fungor
644 2266 753 2322 etmihi
772 2280 902 2322 concessa
914 2273 954 2320 re·

159 2336 229 2405 cipio
248 2353 297 2393 voe
316 2345 364 2394 etc.
386 2340 481 2408 (capra
499 2340 530 2391 irc
546 2339 598 2393 hac
611 2339 738 2408 pagina)

195 2409 250 2462 His
267 2410 378 2478 captatio
396 2409 563 2464 caracara
590 2409 735 2477 coafratrr'e
752 2423 849 2462 acmen
866 2409 897 2460 io
915 2421 955 2462 cc-

159 2477 218 2532 dr'ca
230 2480 468 2548 confraternitatis,
483 2485 508 2534 ct
516 2481 617 2549 paccio
630 2479 678 2534 secl
689 2477 886 2548 efficacioribus
898 2493 953 2532 ocr-

159 2547 200 2616 bt'e
217 2565 278 2603 eam
296 2551 453 2606 adhortetur
471 2551 509 2605 ad
527 2558 611 2618 caate,
631 2553 680 2619 pie
704 2555 845 2619 caraeque
869 2551 956 2604 maas-

159 2617 231 2685 dam,
250 2636 283 2672 ac
300 2621 455 2689 Da'param
474 2623 601 2692 offendat,
620 2637 701 2691 qaam
719 2623 748 2676 ia
765 2626 902 2690 postcmcm
909 2635 956 2690 pe·

158 2690 259 2742 catiarr'
271 2690 559 2762 dcrottcais'obaequa'a
573 2699 598 2747 et
609 2694 707 2760 affecta
720 2693 811 2759 colere,
831 2707 864 2746 ac
876 2691 959 2746 veluti

156 2759 320 2828 singularem
334 2777 367 2838 aa
380 2763 564 2818 datoraoimam
576 2770 689 2820 manaa
700 2763 831 2834 moecari
840 2763 888 2830 [aa
901 2763 958 2819 ent.
