2124 3230
150 129 193 172 822
319 133 351 172 De
364 132 511 172 eelsbntioue
525 131 561 176 SS.
575 132 657 174 Missus
669 133 778 177 sserisssii.

152 236 224 292 diets
239 234 305 289 facit
322 235 426 303 signum
445 235 530 290 crusis
544 251 605 288 sum
618 234 700 289 selice
714 249 796 303 super
809 236 955 304 corporale

152 314 181 364 et
198 309 286 376 ipsum
311 306 341 360 in
363 305 452 361 medio
470 314 538 374 post.
550 306 665 361 hostiam
693 306 807 361 collocet
832 315 860 362 et
876 308 955 376 psus

152 379 282 448 cooperit
316 377 421 432 Deinde
438 377 535 432 iuuetis
553 378 674 433 menibus
698 393 781 446 super
797 378 883 433 uitare
902 395 955 448 po·

153 451 220 520 sitis,
238 449 431 517 aliquantulum
447 449 596 518 inclinatus,
615 447 679 503 dicit
696 455 816 504 secreto:
841 450 879 504 Its
896 453 954 519 spi-

150 524 209 576 ritu
226 521 387 574 humititatis
406 527 458 576 etc.
488 520 589 574 Postea
607 527 712 575 erectus
730 521 840 574 elevans
859 522 955 578 oculos

151 593 306 662 (statimque
324 591 490 660 demittens),
518 606 665 658 munusque
687 590 842 659 expandens
861 599 890 647 et
915 593 956 662 (iu

153 666 236 720 ultum
253 662 401 732 pomeetas)
421 663 510 717 stetim
527 663 640 730 iungens
659 670 721 717 unte
739 671 850 732 pectus,
879 664 957 731 quod

152 749 260 803 semper
277 733 348 800 feeit,
368 732 475 800 quando
489 733 589 800 siiquid
603 741 644 790 est
657 733 854 804 benedicturus,
872 734 954 794 dicit:

154 807 231 874 Veni,
245 805 435 871 Sanctificatus
448 812 513 872 ete.;
528 821 587 858 eum
600 805 679 859 dicit:
694 810 719 858 et
731 804 848 872 benedis,
862 806 955 875 sigum

149 894 230 934 manu
248 877 343 930 dextre
366 905 395 916 -
416 875 481 946 [non
498 883 653 931 transverse
667 875 716 930 sed
728 883 811 945 rectu,
832 879 953 945 quoties-

149 963 262 1015 cumque
281 962 387 1002 crueem
411 947 509 1002 formet
533 962 615 1015 super
640 947 731 1002 oblate
757 947 797 1013 (S.
817 947 852 1002 R.
874 948 904 1003 0.
923 953 951 1004 4.
1049 965 1050 1000 t

149 1020 222 1088 Any.
236 1019 335 1086 1663.)]
347 1047 380 1058 ·-
390 1019 563 1073 communiter
577 1033 659 1086 super
667 1019 783 1073 hostium
793 1026 820 1073 et
829 1019 951 1090 culicem,

149 1091 259 1146 sinistre
276 1091 365 1156 posits
383 1105 465 1156 super
483 1090 577 1146 altere.
1049 1127 1050 1152 t

187 1161 262 1214 'sune
274 1160 371 1215 iunctis
385 1169 446 1214 unte
460 1168 554 1228 peetus
563 1160 684 1214 menibus
699 1159 802 1214 secedit
815 1160 851 1215 ud
863 1177 949 1217 eoruu

149 1232 299 1300 Epistolse‚
318 1231 365 1286 ubi
382 1239 456 1288 steus
475 1231 532 1300 (SS.
551 1231 724 1286 Semsmento
742 1233 875 1302 exposito,
901 1233 951 1288 ibi·

151 1303 213 1358 dem
225 1303 253 1356 in
271 1303 351 1371 pleno
370 1301 438 1357 istie
456 1318 536 1358 vsrss
555 1301 590 1356 ed
610 1302 739 1370 populum
760 1310 787 1357 et
800 1309 878 1372 terge
896 1320 951 1360 non

150 1373 280 1430 vertendo
300 1373 347 1430 SS.
367 1374 553 1442 strumento,
584 1374 637 1428 nisi
660 1374 750 1429 obstet
774 1374 951 1445 consuetudo,

152 1445 181 1502 S.
195 1446 230 1502 R.
247 1443 275 1501 0.
289 1448 334 1498 22.
348 1446 420 1514 Am.
435 1449 513 1499 1682.
532 1452 559 1500 et
576 1448 620 1498 12.
634 1445 705 1499 Nou.
720 1444 807 1513 1831.)
827 1445 950 1502 ministro

152 1533 249 1586 squam
266 1515 402 1585 fundente,
425 1516 499 1571 lavet
512 1532 614 1584 munus,
639 1517 657 1572 i.
672 1531 695 1571 e.
710 1517 893 1572 extremitates
912 1517 950 1571 di·

151 1590 268 1658 gitorum
287 1588 391 1656 pollicis
410 1594 438 1642 et
455 1587 558 1656 indicis,
577 1586 668 1642 disens
685 1588 821 1642 Psulmum
837 1588 951 1642 Lavabo

151 1661 222 1716 iuter
245 1661 406 1726 innocentes,
434 1675 494 1714 eum
513 1658 609 1713 Gloria
626 1660 709 1714 Patri
728 1665 792 1726 ete,
820 1659 870 1714 sub
898 1675 952 1727 quo

151 1738 233 1800 ceput
263 1746 358 1786 versus
385 1746 491 1784 erucem
521 1730 630 1784 inclinat
661 1729 702 1796 (S.
720 1729 757 1784 R.
776 1729 805 1784 0.
834 1733 859 1783 7.
878 1731 952 1799 Sept

153 1805 259 1870 1816),
286 1802 332 1869 qui
350 1816 444 1856 versus
463 1801 560 1856 Gloria
577 1802 659 1858 Patri
681 1801 904 1870 praetermittitur
925 1803 953 1856 in

152 1874 244 1929 Missis
269 1871 454 1928 defunctorum
487 1880 514 1927 et
544 1872 572 1926 in
596 1872 688 1928 Missis
720 1871 754 1926 de
787 1880 909 1941 tempore
937 1887 954 1927 s

152 1944 293 2068 Dorlniuiee
311 1943 344 1997 de
363 1944 492 1998 Psssioue
510 1958 596 2011 usque
615 1942 650 1997 ed
668 1943 815 1998 Sabbatum
832 1951 955 1999 sanctum

153 2030 297 2072 excusrve.

190 2085 335 2140 Celebrans
352 2085 414 2140 lotis
431 2085 553 2140 munibus
578 2100 632 2140 ess·
642 2085 738 2153 tergit,
769 2092 797 2140 et
820 2085 874 2141 illis
894 2093 954 2141 unte

153 2163 247 2231 pectus
271 2156 368 2210 iunctis
394 2157 540 2210 revertitur
567 2155 601 2211 ed
633 2155 749 2210 medium
774 2157 880 2225 altaris,
910 2157 955 2212 ubi

154 2235 236 2296 stans,
256 2226 401 2295 oculosque
420 2226 454 2280 sd
468 2227 556 2281 Deum
575 2227 692 2296 elevans,
712 2233 740 2282 et
757 2229 848 2282 stetim
862 2227 954 2283 demit·

153 2307 222 2367 tens,
240 2297 363 2352 menibus
376 2299 472 2352 iunctis
493 2312 575 2367 super
588 2297 689 2367 altere,
708 2298 903 2366 aliquantulum
916 2301 954 2354 in·

153 2370 281 2437 elimatus,
310 2368 374 2422 dicit
398 2375 502 2424 secreto
528 2368 684 2423 Orationem
703 2369 828 2438 Summe,
860 2377 955 2425 sauma

157 2441 279 2496 Trinitas
297 2447 347 2495 ete.
385 2439 444 2506 Qus
462 2439 541 2508 dicta,
564 2441 686 2496 munibus
704 2440 845 2496 hincinde
865 2448 955 2496 exten-

154 2513 192 2568 sis
212 2519 239 2565 et
256 2525 338 2578 super
356 2507 441 2564 altere
459 2511 562 2580 positis,
582 2512 718 2566 osculetur
735 2511 803 2566 illud
819 2513 848 2566 in
866 2513 953 2570 medio

155 2584 193 2652 (et
212 2583 236 2638 si
252 2581 300 2636 SS.
315 2579 432 2638 Sectam.
452 2583 603 2649 expositum
622 2590 672 2650 est,
691 2581 855 2652 genuflectit,
874 2585 955 2639 Metu.

154 2653 242 2720 Rem
259 2659 317 2706 tum
333 2651 430 2708 iuuetis
444 2653 565 2708 menibus
583 2661 645 2708 ente
659 2661 761 2723 peetus,
781 2654 956 2724 demissisque

155 2724 239 2780 oeulis
253 2721 288 2777 ed
306 2729 406 2776 terram
424 2739 441 2778 e
458 2723 567 2778 sinistra
584 2740 666 2779 manu
683 2724 719 2779 sd
736 2725 859 2782 dextram
877 2727 957 2782 vertit

154 2810 185 2852 se
199 2794 235 2848 sd
247 2793 385 2864 populum,
403 2801 431 2848 et
451 2809 546 2850 versus
566 2808 628 2850 eum
641 2795 789 2854 extendeus
803 2803 831 2854 et
843 2798 955 2868 iungens
