2152 3234
163 161 206 206 Μ
339 163 372 204 Βο
386 162 576 204 mementorum
590 160 789 202 administratione.

163 267 211 334 tia,
229 273 257 320 et
275 263 379 320 duobos
395 265 440 319 vel
457 265 543 320 tribus
569 265 682 320 testibus
707 263 912 334 contrahuntur,
932 279 967 318 ex

102 369 104 374 ·
164 338 250 408 ipsius
269 334 380 391 Concilii
398 335 512 392 decretis
530 336 608 392 irrita
625 335 731 390 omnino
757 351 789 390 ac
806 335 883 390 nulla
900 351 971 391 esse.

114 409 119 422 ’
202 411 227 463 ὅ.
245 408 297 463 Est
315 415 404 462 autem
415 408 541 476 proprius
550 407 692 477 parochus,
707 406 753 475 piri
766 404 864 462 adesse
880 406 971 477 debet,

164 479 197 547 is,
215 479 244 534 in
261 480 336 534 cuius
353 479 482 547 parochia
499 479 699 534 Matrimonium
724 477 887 548 celebratur,
913 479 971 534 sire

166 550 226 622 viri,
244 550 301 606 sive
319 549 445 604 mulieris.

202 624 228 680 6.
248 619 349 676 Caveat
366 627 509 689 praeterea
525 620 668 689 parochus,
692 633 727 674 ne
753 617 832 674 facile
852 619 888 674 ad
908 635 970 675 con·

165 692 326 748 trahendum
342 692 542 746 Matrimonium
561 690 682 745 admittat
698 706 783 758 vagos
802 697 830 745 et
848 691 970 760 peregri-

166 781 225 834 nos,
244 771 271 818 et
289 763 335 832 qui
351 763 467 818 incertas
486 763 587 817 habent
604 760 698 830 sedes;
720 776 810 830 neque
827 761 895 818 item
914 777 969 832 eos,

166 836 213 904 qui
231 842 311 890 antea
324 834 458 903 coniugati
471 832 594 902 fuerunt3
612 841 642 886 ut
656 838 718 888 suut
731 848 831 905 uxores
846 834 969 902 militum,

64 951 71 966 ,
166 907 210 961 vel
220 907 393 975 captivorum,
411 905 455 960 vel
469 905 589 976 aliorum,
604 903 651 971 qui
671 904 893 975 peregrinantum
917 905 969 960 nisi

166 971 309 1046 diligenter
335 976 368 1032 de
393 976 426 1031 iis
450 976 572 1032 omnibus
595 974 667 1030 facta
684 975 866 1044 inquisitione,
894 982 922 1030 et
940 989 970 1032 re

69 1099 72 1108 .
166 1048 203 1102 ad
220 1047 389 1102 ordinarium
408 1046 505 1116 delata,
524 1048 559 1102 ab
577 1062 664 1114 eoque
677 1045 770 1100 habita
788 1044 823 1101 de
838 1045 971 1102 eiusmodi

166 1119 330 1244 {datrimmii
353 1118 505 1173 celebrandi
530 1118 645 1187 licentia,
670 1131 738 1185 quae
763 1118 849 1186 gratis
874 1131 970 1174 conce·

186 1197 254 1244 atur.
951 1209 958 1226 ¹

203 1263 228 1315 7.
247 1259 398 1326 Antequam
407 1259 605 1315 Matrimonium
619 1259 800 1328 contrahatur,
818 1263 860 1313 tcr
872 1275 892 1313 u
905 1273 971 1328 pro

160 1332 228 1402 pru
246 1329 459 1386 contrahentium
473 1331 593 1400 parociae
617 1331 752 1385 coutinuis
774 1329 871 1384 dicdum
894 1331 972 1398 fastai

166 1405 197 1458 iu
214 1402 324 1457 ecclesio
340 1403 416 1456 iutra
432 1401 583 1456 Missurum
600 1402 729 1456 sommum
747 1401 786 1456 ud
801 1402 891 1470 ipsius
904 1401 971 1457 Gom·

166 1475 225 1528 cclii
242 1475 444 1542 praescriptum
461 1474 570 1541 publice
595 1473 775 1541 denuntietur,
800 1474 875 1528 iuter
901 1487 968 1543 quoa

166 1545 375 1602 Matrimonium
392 1546 429 1598 sit
446 1543 665 1602 commutandum.

203 1620 229 1672 8.
249 1617 278 1672 Si
295 1632 360 1671 vero
378 1616 420 1670 vir
447 1622 474 1671 et
491 1616 586 1670 mulier
603 1615 747 1683 parochiae
765 1613 819 1669 sint
837 1613 972 1685 diversas,
1066 1605 1067 1608 ¹

166 1687 195 1744 in
212 1695 326 1755 utraque
340 1687 469 1756 parochia
482 1685 547 1740 fiant
562 1686 792 1754 denuntiationes3
810 1685 911 1754 quibus
926 1685 971 1740 de-

165 1758 376 1816 nuntiationibus
394 1756 481 1827 lacus,
501 1758 524 1812 si
541 1758 642 1812 nicilum
655 1757 802 1826 legitimum
815 1764 971 1826 opponatur

166 1830 392 1900 impedimentum,
406 1828 441 1883 ad
452 1829 657 1884 celebrationem
666 1827 831 1882 Matrimonii
839 1827 971 1897 proceda·

166 1908 219 1957 tur.
239 1900 293 1955 Sed
308 1901 331 1956 si
345 1899 409 1968 quid
423 1900 519 1968 obstat,
530 1900 601 1955 ultra
613 1899 747 1968 parochus
760 1915 816 1954 nou
829 1900 969 1967 procedat

204 1975 229 2026 9.
249 1970 327 2038 Quod
345 1971 368 2027 si
393 1969 536 2038 aliquando
564 1969 710 2039 probabilis
736 1969 818 2024 fuerit
843 1971 971 2040 suspicio,

167 2043 212 2096 vel
230 2042 283 2096 alia
300 2043 485 2097 ratinonabilis
505 2058 586 2096 causa
595 2042 688 2110 subsit,
707 2041 818 2096 arbitrio
830 2041 971 2112 Episcopi,

166 2111 367 2168 Matrimonium
385 2114 516 2168 malitiose
534 2112 657 2182 impediri
674 2128 764 2182 posse,
791 2112 814 2167 si
832 2118 874 2168 tot
891 2127 972 2181 prae·

167 2183 297 2239 cesserint
315 2182 537 2253 denuntiationes,
555 2193 620 2240 tunc
642 2183 676 2238 de
699 2183 808 2238 licentia
826 2182 971 2253 Ordinarii,

167 2255 211 2308 vel
230 2269 283 2308 una
300 2261 403 2308 tantum
420 2254 468 2310 fiet
482 2255 655 2325 denuntiatio,
674 2255 717 2308 vel
735 2255 831 2310 saltem
839 2255 970 2324 parocho,

171 2333 199 2380 et
218 2325 322 2380 duobus
349 2325 393 2380 vel
419 2327 505 2382 tribus
529 2327 642 2381 testibus
660 2325 848 2394 praesentibus
872 2325 969 2380 Mutri-

167 2395 285 2450 monium
303 2395 461 2451 celebretur.
497 2396 601 2452 Deinde
626 2403 689 2452 ante
706 2397 777 2452 illius
804 2411 972 2453 consumma·

167 2466 269 2520 tionem
287 2465 500 2523 denuntiationes
519 2469 546 2521 in
566 2467 770 2536 ecclesiaticum
788 2475 819 2523 ut
838 2469 861 2523 si
880 2467 972 2536 aliqua

168 2537 265 2592 obsunt
283 2536 480 2608 impedimenta,
499 2539 602 2594 facilius
621 2537 788 2609 detegantur,
812 2539 866 2594 nisi
890 2537 972 2594 aliter

168 2605 324 2662 Ordinarius
342 2608 400 2676 ipse
419 2608 546 2678 expedire
565 2609 729 2666 iudicaverit.

205 2681 247 2736 10.
274 2677 331 2732 Has
356 2687 445 2733 antem
470 2679 682 2736 denuntiationes
714 2680 849 2751 parochus
879 2677 971 2734 iacere
1062 2665 1066 2681 ’

166 2761 222 2803 non
240 2747 418 2818 aggrediatur,
434 2750 487 2805 nisi
505 2752 580 2819 prius
599 2751 632 2807 de
650 2753 789 2821 utriusque
808 2751 971 2808 contrahan-

166 2820 203 2874 tis
220 2819 306 2874 libero
324 2835 456 2876 consensu
475 2822 525 2876 sibi
543 2822 611 2878 bene
630 2830 742 2880 constet.
