2124 3230
178 177 219 223 ddi
350 181 383 222 De
396 182 544 222 celebratione
558 179 595 224 ss.
608 181 689 222 litasse
703 183 811 225 sannen.

177 289 239 353 tar,
268 290 295 339 et
313 285 446 353 accipiens
463 284 560 352 pollice
586 289 614 337 et
636 281 724 336 indice
750 281 861 337 dextrae
881 299 980 340 manus
1018 347 1020 351 ,

178 355 302 424 hostiam,
328 362 355 410 et
374 371 432 410 eam
450 371 510 409 cum
527 355 580 409 illis
598 369 630 408 ac
647 353 734 408 indice
752 361 780 408 et
797 355 895 423 pollice
914 357 978 410 sini·

177 435 250 482 strae
269 441 362 482 mauus
380 434 483 494 tenens,
507 432 581 481 stans
600 431 704 479 erectus
723 432 785 478 ante
803 424 921 479 medium
939 427 978 480 al-

175 499 243 554 taris
262 498 337 553 dicit:
357 499 458 566 accepit
470 513 573 565 panem
590 498 620 550 ia
637 501 746 550 sendus
763 511 796 550 oc
812 497 980 552 omo-addes

176 585 275 623 ammae
292 585 365 635 naue,
384 570 545 634 elevansque
564 567 599 621 ad
612 567 716 621 coelum
729 567 820 622 cordos
840 574 867 621 et
886 569 979 623 statim

178 640 321 696 demittens
339 640 415 694 dicit:
443 645 469 694 et
486 640 595 693 emotis
612 639 705 692 oculte*
718 639 749 691 ic
776 638 878 692 coelom
895 639 935 693 ad
953 646 982 694 te

177 711 276 779 Deuca,
305 712 415 765 Patrem
432 726 512 764 ewam
535 711 748 778 omnipotenter,
777 717 912 777 caputque
930 711 981 764 ali-

180 782 336 850 quantulum
354 782 483 836 inclinans
502 781 577 835 dicit:
596 781 646 834 ati
661 782 768 850 pretias
783 797 872 849 apetie,
892 788 921 835 et
938 789 981 837 te·

176 853 273 923 neus1)
298 853 414 908 hostiam
431 853 502 906 inter
526 853 649 920 pollicem
675 858 703 906 et
719 850 833 905 indicem
852 852 982 908 sinistrae

177 940 286 994 munus,
310 924 407 978 dextra
423 922 547 992 producit
571 924 676 991 signum
701 923 786 977 crucis
812 937 894 990 super
918 939 981 978 eam

178 994 269 1050 diceus
298 995 458 1062 immund,
484 995 574 1064 freqit,
604 994 730 1062 deditque
749 993 891 1062 (lampadae
922 997 984 1051 suas

177 1065 284 1120 dicens:
303 1067 416 1135 accepite
429 1072 454 1120 ee
466 1066 630 1120 manducate
644 1081 677 1118 ec
691 1067 742 1120 hoe
755 1079 852 1119 omnes.
871 1065 980 1122 Deinde

179 1136 275 1192 cubitis
294 1152 375 1207 super
400 1138 483 1191 altere
502 1137 613 1206 positis,
641 1143 715 1191 stans
734 1136 822 1204 eapite
841 1137 981 1207 inclinato,

180 1207 313 1277 distincte,
338 1215 495 1263 reverenter
513 1215 541 1262 et
558 1214 662 1262 secreto
689 1207 726 1276 (et
744 1207 854 1277 attente)
874 1207 983 1275 profert

177 1280 262 1333 verba
279 1279 494 1335 Consecrationis
514 1294 595 1346 super
612 1278 729 1333 hostiam
754 1284 781 1332 et
800 1279 878 1333 simul
896 1295 983 1348 super

179 1365 281 1418 omnes,
300 1351 323 1406 si
337 1352 428 1420 plures
442 1351 495 1405 sint
508 1349 713 1418 consecrandae,
733 1356 760 1404 et
773 1349 888 1404 hostiam
901 1365 981 1405 suam

178 1421 320 1490 pollicibus
338 1429 366 1476 et
382 1421 513 1476 indicibus
532 1427 636 1475 tantum
652 1428 747 1475 teneus
766 1419 844 1475 dicit:
863 1421 926 1476 Hoc
940 1429 982 1477 cet

179 1494 250 1546 enim
269 1493 373 1562 Golpoa
390 1509 485 1547 meam.
523 1492 625 1560 Quibus
649 1492 761 1560 prolatis
780 1491 889 1561 (statim)
908 1493 980 1549 cele—

178 1564 260 1619 brans
278 1571 372 1620 tenens
391 1565 507 1619 hostiam
524 1563 595 1619 iuter
608 1563 719 1631 pollices
739 1570 766 1617 et
778 1562 880 1619 indices
898 1577 979 1632 pree-

179 1633 264 1691 diotos
278 1652 360 1704 super
373 1636 465 1703 altare,
484 1635 593 1702 reliquie
606 1649 732 1688 manuum
745 1633 834 1702 digitis
848 1637 978 1706 extensis,

180 1713 208 1762 et
227 1708 304 1763 simul
321 1707 417 1762 iunctis
432 1713 459 1760 et
472 1706 576 1774 hostiis,
595 1706 619 1760 si
631 1705 723 1774 plures
737 1705 790 1760 sint
804 1713 979 1762 consecratne

176 1778 205 1832 in
222 1778 296 1848 luco,
322 1779 351 1832 in
374 1794 426 1846 quo
451 1792 468 1831 a
493 1777 624 1846 principio
648 1777 749 1832 Missae
776 1778 881 1846 positae
906 1787 980 1848 sunt,

179 1863 262 1917 super
279 1850 419 1917 corporale
436 1849 481 1903 vel
498 1849 526 1902 in
545 1848 597 1902 alio
611 1863 676 1902 vase
696 1855 742 1902 aut
756 1848 837 1902 calice
852 1847 979 1918 dimissis,

178 1919 336 1988 genuflexus
359 1935 419 1974 eam
437 1919 546 1989 adorat;
573 1926 636 1973 tunc
655 1935 684 1974 se
696 1919 823 1988 erigens,
848 1927 979 1987 quantum

178 1990 316 2045 commode
333 1998 431 2060 potest,
451 1991 539 2045 elevat
555 1991 583 2044 in
602 1991 684 2044 ultum
697 1989 820 2058 hostiam,
845 1999 873 2045 et
890 1992 978 2045 inten-

177 2061 213 2116 tis
230 2061 258 2115 in
277 2077 336 2116 eam
355 2063 447 2131 oculis,
466 2062 538 2130 quod
552 2062 620 2116 etin
634 2061 784 2116 elevatione
798 2059 888 2118 calicis
901 2061 975 2130 facit,

177 2133 279 2202 populo
296 2140 454 2187 reverenter
467 2133 584 2188 ostendit
601 2130 773 2200 adorandam,
792 2139 820 2186 et
837 2149 899 2188 mox
918 2133 979 2188 sola

177 2219 259 2257 manu
277 2203 373 2258 dextra
389 2205 476 2272 ipsam
493 2210 649 2258 reverenter
661 2204 768 2271 reponit
781 2219 864 2272 super
881 2219 978 2272 corpo

177 2274 263 2344 rale2)
290 2276 318 2328 in
337 2275 431 2330 eodem
449 2277 524 2346 loco,
549 2273 620 2329 unde
645 2289 704 2328 eam
728 2275 842 2342 levavit,
871 2274 978 2344 (iterum

192 2392 214 2444 ²)
229 2395 252 2436 Sl
269 2396 327 2436 adsit
340 2407 379 2436 vas
393 2406 443 2436 oum
456 2396 505 2436 aliis
526 2395 605 2435 hostiis
620 2395 785 2443 consecrandis,
809 2397 928 2443 antequam
941 2404 978 2446 ae·

231 2462 299 2511 cipiet
314 2462 422 2511 hostium,
444 2462 577 2510 discooperit
598 2472 664 2500 manu
683 2462 760 2502 dextre
780 2461 870 2501 calicem
884 2471 924 2500 seu
937 2470 977 2499 vas

233 2527 327 2568 aliarum
350 2528 472 2568 hostiarum
496 2527 548 2575 (litt.
569 2527 642 2566 celebr.
661 2525 722 2566 Mica
748 2525 806 2568 VIII.
826 2525 848 2576 5)
870 2528 892 2565 et
906 2526 978 2565 inten-

230 2593 315 2632 tionem
330 2603 391 2632 sunm
405 2593 434 2632 ad
448 2605 485 2632 eas
500 2593 610 2642 extendit,
632 2591 762 2642 proterendo
782 2591 850 2630 verba
864 2601 978 2631 consecro·

230 2660 298 2699 tionis
313 2670 379 2707 super
391 2657 487 2700 hostiam
501 2669 563 2698 suum
577 2662 599 2698 st
614 2659 678 2698 simul
688 2669 754 2710 super
763 2669 847 2707 omnes,
855 2669 917 2708 ,qnae
927 2661 978 2700 sunt

235 2724 397 2764 consecrandae
403 2737 409 2774 ;
419 2724 491 2765 nullas
498 2735 550 2764 vero
556 2726 704 2766 caeremonias
714 2735 780 2774 super
789 2727 873 2774 species
883 2725 978 2764 minores

230 2791 290 2834 iacit.

198 2849 222 2905 ²)
238 2853 262 2894 Sl
276 2855 335 2895 ndslt
348 2865 388 2895 vas
402 2855 642 2907 dimicationum,
665 2859 747 2907 patene
760 2855 795 2898 vel
807 2855 868 2906 palla
881 2855 980 2908 cooperit
