2146 3234
165 167 206 212 592
340 171 372 212 De
387 172 579 231 sacramentorum
591 171 788 214 administratione.

166 274 229 329 dum
247 280 290 330 est
307 273 341 328 ab
359 289 411 328 usn
423 280 533 341 recepto
548 273 679 343 exigendi,
697 279 728 328 ut
741 272 871 328 ndemtur
884 289 966 329 causa

167 346 304 415 canonica,
323 345 366 400 cui
385 344 447 398 dein
464 353 571 408 ceterae
590 345 668 400 adiici
685 351 806 414 possunt.
825 345 965 400 Ecclesiae

165 416 288 486 ministri,
308 417 353 483 qni
371 433 420 484 pro
440 403 598 471 Oratoribus
617 416 844 484 dispensationem
861 423 966 484 petunt,

167 494 268 543 attente
288 487 457 543 considerare
482 486 589 556 debent,
613 503 648 541 an
671 501 768 542 causae
795 488 824 540 ιιι
850 486 967 556 supplici

165 559 256 614 libello
275 558 372 613 allatae
391 558 444 613 sint
461 573 542 612 verae
560 569 657 627 necne;
683 559 707 614 si
732 559 810 627 enim,
836 575 886 613 suo
911 575 966 613 mu·

166 645 231 685 nere
250 629 400 698 iungentes,
420 637 566 697 agnoscant
589 645 684 697 preces
702 629 824 683 nunniti
841 630 967 698 veritate,

166 701 279 756 ulterius
306 699 453 769 procedere
477 709 628 769 nequeunt3
654 701 843 755 contrahentes
869 701 968 756 etenim

167 779 256 828 aetate
274 779 367 827 nostra
384 787 447 826 raro
464 771 518 826 fide
537 778 565 826 et
582 773 684 840 pietate
702 778 852 840 morentur,
871 773 901 825 in
914 789 968 828 om·
1001 805 1005 816 -

167 845 246 899 nibus
264 859 341 898 suum
359 842 524 897 commodum
544 849 683 911 quaenunt,
701 857 751 896 nec
764 843 878 896 multum
891 858 968 898 rere·
1054 853 1055 860 ’

168 922 261 970 rentur
279 914 362 983 leges,
385 929 453 982 quas
478 913 592 969 ecclesia
616 914 823 982 prudentissime
849 915 970 970 condidit

168 986 203 1041 ad
221 985 368 1040 custodiam
385 1001 495 1040 morum.

199 1113 454 1160 &licencentiam
469 1114 690 1169 dispensationum
705 1114 733 1158 iu
747 1114 806 1160 foro
821 1115 936 1162 interno.

390 1189 510 1236 (Oluacuioe
524 1190 574 1228 benc
589 1187 744 1238 observandae.)

205 1267 427 1334 Dispensationes
445 1267 498 1324 fori
514 1268 612 1322 interni
627 1267 736 1322 concedi
748 1284 803 1323 non
816 1268 906 1323 solent
919 1270 969 1326 nisi

170 1338 198 1392 in
210 1339 301 1405 formu
315 1341 506 1408 commissario,
515 1341 533 1408 ¹)
553 1338 625 1407 quod
638 1354 807 1407 summopere
820 1340 968 1396 notandum

171 1417 221 1464 est.
259 1411 334 1463 Tunc
359 1410 482 1465 videlicet
507 1412 630 1478 superior
655 1427 710 1465 non
738 1411 797 1478 ipse
823 1409 968 1479 dispensat,

171 1479 219 1536 sed
243 1481 337 1535 tribuit
362 1481 524 1537 confessario
549 1481 702 1536 facultatem
725 1481 914 1550 dispensandi,
938 1498 968 1536 ac

170 1552 284 1621 proinde
302 1569 357 1607 non
375 1552 477 1620 sufficit,
495 1560 526 1608 ut
543 1553 595 1622 hic,
613 1551 767 1606 mandatum
786 1553 968 1622 exsequendo,

175 1623 287 1678 affirmet
317 1639 346 1678 se
372 1624 518 1679 obtinuisse
548 1623 730 1692 impedimenti
761 1623 969 1692 relaxationem,

172 1695 221 1750 sed
238 1697 349 1763 insuper
367 1710 494 1762 expresse
513 1701 541 1748 et
558 1693 808 1750 claremanifestare
822 1694 913 1764 debet,
932 1709 969 1764 se,

172 1767 282 1834 speciali
301 1766 468 1834 delegatione
487 1772 619 1834 suscepta,
646 1781 736 1835 posse,
765 1773 846 1834 atque
874 1766 918 1821 hio
944 1774 970 1822 et

171 1853 241 1892 nunc
259 1837 328 1891 velle
347 1852 430 1904 super
446 1836 645 1906 impedimento,
672 1836 705 1891 de
731 1853 785 1904 quo
809 1837 906 1906 egitur,
931 1837 969 1891 di·

172 1923 308 1976 spensarc.
345 1907 389 1963 Ad
414 1909 466 1963 hoc-
488 1923 554 1962 vero
577 1924 632 1962 non
649 1907 739 1976 refert,
765 1908 862 1991 quibus
880 1909 970 1964 verbis

171 1986 270 2045 utatur,
290 1978 456 2034 dummodo'
449 1979 533 2047 ipsius
551 1980 675 2034 voluntas
692 1980 772 2047 plane
790 1980 950 2034 innotescat

208 2049 237 2102 Si
254 2049 360 2104 litterae
379 2050 585 2118 dispensationis
604 2049 752 2118 dirigantur
777 2049 812 2104 ad
830 2051 969 2134 proprium

171 2118 313 2174 Oratorum
331 2123 486 2190 parochum,
506 2122 573 2176 alius
591 2121 683 2188 nequit
702 2136 748 2176 eas
768 2122 893 2190 exsequi3
911 2123 969 2190 ipse

171 2191 241 2245 enim
258 2191 332 2246 videt
321 2198 365 2246 tur
382 2192 559 2260 personaliter
585 2191 730 2260 delegatus.
769 2191 798 2246 Si
822 2193 970 2261 dirigantur

169 2261 289 2331 Ductori,
309 2278 357 2318 seu
371 2263 502 2332 Magistro
516 2264 544 2317 in
557 2263 702 2333 theologia,
716 2263 772 2332 (qni
785 2263 880 2320 modus
889 2263 969 2318 hodie

222 2445 289 2492 cium,
303 2445 338 2484 vel
351 2445 471 2494 periculum
485 2456 513 2484 ne
527 2445 677 2494 contrahetur,
692 2445 802 2493 (Bouoier)
811 2445 846 2484 vel
856 2444 923 2484 etlam
933 2454 969 2494 pe·

222 2508 316 2549 siculum
329 2511 464 2550 Matrimonii
478 2511 548 2553 mixti.

185 2571 205 2623 ¹)
218 2575 400 2624 Dispensationcs
414 2577 550 2626 episcopales
564 2586 608 2615 non
628 2576 699 2616 solent
720 2576 768 2615 dari
789 2577 814 2615 ia
830 2576 904 2625 summ
917 2586 969 2616 cem·

221 2640 330 2689 minacem
344 2652 370 2680 ao
383 2641 474 2690 proinde
488 2651 564 2680 carum
578 2641 702 2682 fulminatio
722 2650 766 2679 non
780 2640 854 2680 differt
866 2641 896 2680 ab
909 2641 968 2689 ipss·

222 2713 271 2743 rum
285 2705 437 2753 oenomelon05
457 2705 494 2744 ille
508 2708 588 2754 autam,
608 2706 713 2755 adquam
727 2705 860 2754 diriguntur.
881 2705 969 2745 siverit

221 2767 338 2816 parochus,
353 2769 399 2807 siva
413 2769 568 2819 confessarius,
583 2771 659 2810 scdulo
675 2771 787 2810 attendere
801 2771 873 2819 debet,
888 2770 969 2820 siquid

223 2831 246 2870 ιιι
259 2832 314 2880 ipsis
327 2833 498 2882 praescribatur,
512 2835 609 2884 illudque
622 2838 724 2876 accurate
738 2836 833 2885 exsequi.
