2138 3226
231 184 263 223 De
277 184 377 233 portibus
390 183 508 224 mobilibus
522 183 605 224 lilesee
618 185 691 224 cilicio
704 185 828 229 conformis.
886 181 927 226 tet

125 302 157 340 ss.
183 281 237 355 ὄ.);
265 285 361 340 deinde
388 287 499 342 venium
523 286 677 356 Orsdones,
706 302 775 355 quse
801 288 926 359 secundo,

127 357 174 412 vel
191 358 271 412 tertio
290 358 349 412 looo
368 357 497 413 dicendae
515 358 692 426 assignantur,
712 357 807 413 deinde
826 359 860 413 de
879 359 926 414 SS.

127 428 303 484 Sacramento
322 429 355 498 (si
374 429 486 484 dicende
504 430 564 500 sit),
589 436 617 484 et
639 429 731 484 ultimo
755 429 815 484 loco
833 429 925 486 Oretio

125 500 268 568 imperatu

162 571 187 640 c)
205 571 309 626 Diebus
334 571 495 641 Dominicis,
516 571 647 642 [exceptis
664 570 805 626 Dominicc
822 570 926 626 Polme·

124 658 200 711 rum,
224 643 255 695 in
278 658 332 710 qun
345 643 482 698 orationes
500 641 623 698 dicunurr
641 648 673 696 ut
689 643 717 696 in
731 641 830 710 duplici
847 642 868 696 Ι.
885 643 926 712 cl,

125 713 267 768 Dominice
292 713 414 782 molbio,
444 715 472 768 in
491 730 544 782 quc
566 714 690 769 dicuntur
715 721 746 769 ui
769 715 798 768 in
821 712 925 780 duplice

127 785 232 854 maiori,
250 784 391 840 Dominico
408 785 560 853 Passionis,
586 786 614 838 in
633 801 686 854 qus
704 784 773 840 duee
792 785 927 840 orationes

127 855 262 925 dicnntrr,
281 864 309 910 et
320 857 466 912 Dominicis
483 857 554 911 infre
570 863 689 926 octavus,
698 857 718 924 1)
736 857 765 912 in
783 856 879 924 quibus
896 854 928 910 fit

128 933 235 982 tentum
252 927 286 980 de
304 934 401 982 omnus
418 934 446 982 et
464 927 497 982 de
516 929 639 999 simplici]
659 927 752 984 diebus
769 927 840 982 inira
858 933 930 982 ocis·

131 1014 188 1066 vus,
214 997 291 1054 festis
310 998 525 1068 semiduplicibus
555 1007 583 1054 et
600 999 800 1068 simplicibus,2)
827 996 930 1068 scrisit)

130 1069 229 1138 vigiliis
255 1076 282 1124 et
308 1069 399 1125 Missis
425 1071 523 1126 votivis
552 1072 664 1140 privatis
693 1071 852 1140 regulariter
875 1076 931 1125 tres

128 1139 262 1194 dicendae
287 1147 350 1196 sunt
375 1141 526 1211 Orationes,
555 1142 677 1198 diversum
702 1158 751 1210 pro
775 1139 931 1197 diversitate

129 1212 274 1280 temporis,
299 1219 381 1279 prout
398 1212 530 1267 indicetne
560 1222 623 1268 sunt
646 1214 674 1267 in
696 1213 838 1283 Miscent)
876 1211 931 1268 Sed

131 1283 185 1337 hee
195 1281 346 1350 Orationes,
366 1297 434 1351 quse
445 1283 562 1340 secundo
580 1292 609 1339 et
625 1285 774 1340 tertioioco
786 1290 930 1354 ponuntur,

130 1354 296 1408 omittendae
310 1361 380 1424 sunt,
395 1355 418 1410 si
428 1357 692 1411 commemorationes
706 1354 929 1422 suntfuciendee3

130 1425 229 1493 quodsi
252 1441 307 1480 unc
337 1433 442 1480 tuntum
472 1425 504 1482 fit
530 1427 761 1496 commemoratio,
800 1427 930 1482 omittitur

147 1612 169 1667 1)
183 1615 212 1655 In
226 1615 340 1656 Dominics
365 1615 424 1656 infre
443 1616 545 1656 octuvern
560 1615 641 1671 Missus
660 1613 761 1662 privctse
780 1623 825 1653 nou
838 1615 929 1661 possunt

182 1680 225 1720 dici
238 1680 264 1719 de
278 1679 351 1730 festo,
373 1681 412 1720 eod
428 1681 529 1720 dicuntur
544 1680 569 1719 de
582 1679 698 1720 Dominicis
711 1689 760 1718 cum
774 1687 929 1718 commemore-

185 1747 247 1785 tione
262 1747 366 1794 cctcvse;
380 1747 476 1786 consilio
490 1752 565 1786 tumen
575 1745 602 1786 de
612 1756 720 1786 concursu
732 1745 808 1795 populi
821 1744 929 1794 permitti·

181 1814 220 1851 tur
233 1812 300 1852 unice
313 1813 400 1852 tentum
414 1811 482 1852 illisue
496 1813 599 1852 solemnis
618 1813 645 1851 de
659 1813 738 1851 ocioso
756 1821 806 1850 cnm
819 1811 893 1852 Gloria
906 1814 928 1851 et

182 1875 249 1916 Credo
262 1877 345 1926 ubsque
359 1879 405 1918 ulis
418 1879 633 1920 commemoratione.
658 1878 687 1927 (s.
698 1877 723 1918 B.
732 1877 753 1918 0.
763 1877 784 1918 3.
793 1877 848 1930 Sept.
859 1875 928 1930 1746.)

145 1937 170 1992 ²)
184 1943 213 1982 In
227 1943 296 1983 Misso
310 1945 400 1992 privetu
418 1943 445 1984 de
459 1943 538 1990 Sancto
557 1943 694 1993 semiduplici
712 1943 747 1983 vei
761 1943 866 1994 simplici,
889 1953 929 1985 seu

182 2009 265 2059 votive,
279 2009 316 2050 vel
329 2010 355 2050 de
368 2011 428 2051 inii-s
442 2013 551 2061 ociorem,
566 2012 611 2051 sive
625 2012 652 2050 de
664 2011 720 2051 ferie
734 2021 778 2050 non
787 2011 929 2061 privilegius

186 2077 230 2117 dIci
243 2079 318 2125 potest
333 2075 364 2128 [in
377 2078 497 2126 penultimo
510 2077 559 2117 loco
573 2081 625 2118 ente
634 2077 743 2120 Collectes
757 2078 771 2117 i.
782 2087 800 2118 e.
814 2081 865 2118 ente
875 2079 928 2122 Ore·
957 2099 959 2104 ·

186 2141 259 2181 tiones
278 2153 292 2180 c
311 2139 427 2190 Superiora
445 2143 565 2193 imperatus
583 2146 605 2184 et
618 2146 716 2194 votivus,
741 2155 795 2194 ques
814 2145 929 2186 celebr-ens

187 2217 229 2256 pro
242 2206 309 2246 libitu
322 2207 401 2247 addere
414 2210 488 2258 potest
501 2209 530 2258 (S.
542 2209 599 2253 M.
613 2209 650 2250 23.
665 2210 722 2250 Moli
735 2209 815 2263 1835.)]
831 2211 929 2252 collecto

184 2281 226 2322 pro
239 2271 370 2321 particulari
389 2273 498 2322 domnelo,
517 2277 572 2323 puts
588 2275 680 2324 Inclusa,
702 2276 818 2327 vellices,
841 2279 877 2328 qui
890 2288 928 2317 soe

181 2343 263 2390 putrem
277 2343 297 2380 oi
309 2345 395 2380 matrem
408 2343 431 2380 et
445 2341 537 2392 similis,
558 2341 674 2381 dummodo
694 2353 738 2382 non
752 2343 868 2384 omittetur
881 2343 928 2384 uile

182 2416 211 2446 ex
224 2407 329 2446 collectis
341 2417 383 2456 pro
396 2409 494 2456 tempore
508 2407 632 2456 assignetis.
648 2408 677 2456 (s.
690 2409 714 2450 li.
723 2410 745 2448 0.
761 2409 838 2450 2.Dec.
854 2408 927 2459 1684.)

149 2465 172 2521 θ)
188 2470 279 2517 Quendo
293 2471 319 2511 nt
333 2473 510 2514 commemoratio
524 2475 551 2516 de
559 2473 616 2514 ieris
625 2475 723 2522 Quutuor
732 2475 871 2525 rempomm,
885 2486 926 2526 pro

181 2536 251 2576 ierise
264 2541 470 2580 commemoratione
485 2541 566 2580 elicitur
577 2541 650 2590 prims
663 2542 747 2590 orello,
760 2551 817 2590 quse
829 2541 925 2581 hebetur

180 2601 318 2652 postlimio,
339 2603 392 2652 quis
409 2604 464 2644 hseo
482 2606 602 2646 concordet
622 2617 671 2646 cunr
685 2607 763 2651 cilicio.
790 2605 844 2658 (Otr.
859 2607 924 2647 Butr-

181 2668 244 2712 Mica,
257 2669 289 2708 iit.
307 2669 354 2712 VII.
368 2683 390 2716 s,
403 2670 432 2722 d.)

146 2729 169 2785 ⁴)
184 2733 260 2774 Oratio
270 2735 383 2786 Fidelem,
396 2743 453 2785 queo
466 2736 490 2777 ln
503 2737 569 2778 certis
583 2738 644 2778 seriis
658 2739 680 2778 et
689 2737 770 2787 vigiliis
779 2738 847 2778 etiem
860 2740 924 2778 exire

180 2799 318 2842 estitedrsles
332 2803 355 2840 ei
369 2803 496 2852 collegistes
510 2803 614 2846 ecclesius
627 2804 719 2844 dicende
728 2805 769 2852 est,
783 2804 875 2854 legende
890 2805 924 2844 est

180 2877 267 2916 semper
280 2869 376 2908 secundo
389 2869 444 2912 loco.
472 2869 501 2923 (S.
516 2870 542 2911 Β.
557 2871 578 2910 0.
592 2869 630 2912 28.
646 2871 703 2910 Maii
716 2868 789 2917 1835.)
