2152 3234
162 165 205 209 5⁰8
337 169 371 210 Do
383 169 576 210 &mentem
588 169 787 210 mmtiens.

196 270 816 342 elnflrmissmemqutdumssmments
842 281 871 327 et
894 272 959 327 inte·

161 344 217 412 gris
230 343 353 398 sensibus
366 353 465 412 essent,
482 344 550 398 illud
560 343 704 414 petierunt,
718 359 767 399 seu
779 343 960 400 verisimiliter

161 415 311 484 petiissent,
336 429 385 469 seu
412 413 535 470 dederint
558 416 635 483 signs
657 415 833 483 eontritienis,
856 416 960 469 etiamsi

162 485 258 542 deinde
276 485 411 554 loquelsm
428 487 573 556 emiserint,
590 487 635 541 vel
652 495 773 541 ementes
792 485 881 541 effecti
898 486 960 555 sint,

161 558 209 686 {gl
232 557 354 626 delirent,
381 564 428 612 sut
450 573 505 613 non
527 557 652 627 sentient,
684 558 857 613 nihilominus
882 573 961 626 prse-

197 645 265 683 amr.

198 703 224 754 7.
242 699 298 754 Sed
315 700 339 754 si
355 697 484 770 infirmus,
502 698 566 754 dum
581 700 710 769 phrenesi
727 699 910 754 tutamentis
925 699 964 753 ls-

161 771 249 840 bortt,
273 771 453 825 verisimiliter
469 779 563 839 posset
587 786 605 838 q
624 770 732 839 'dquam
753 769 843 824 faeere
870 776 965 825 esntrs

162 842 342 898 reverentiam
360 841 534 912 Ssersmenti,
552 859 605 898 non
647 849 771 911 ungetur,
789 842 842 896 nisi
859 841 965 910 perieu-

162 913 218 968 lum
234 913 345 967 tollatur
362 914 477 967 omnino.

198 987 225 1038 8.
242 984 482 1050 Impoenitentibns
499 999 575 1054 vero,
593 990 622 1038 et
638 984 685 1052 qui
701 985 731 1038 in
742 982 885 1039 manifesto
902 999 964 1053 pec·

163 1061 225 1109 esto
243 1054 350 1108 mortsli
367 1056 526 1126 moriuntur,
545 1063 573 1110 et
591 1056 834 1124 excommunicetis,
853 1062 882 1110 et
898 1071 964 1111 non·

163 1125 227 1180 dum
243 1125 386 1192 baptizetis
402 1128 510 1194 penitus
529 1126 685 1196 denegetur.

198 1199 224 1251 9.
249 1196 311 1250 Non
329 1196 494 1252 ministretur
511 1199 592 1253 etism
618 1198 750 1267 proelium
773 1197 889 1267 inituris,
917 1205 965 1252 sut

162 1268 368 1337 navigationem,
387 1277 434 1324 sut
445 1269 701 1338 peregrinationem,
719 1275 768 1323 sut
779 1269 835 1323 slis
844 1269 965 1336 perieulis

163 1338 299 1407 subituris,
317 1346 364 1393 sut
380 1341 435 1395 reis
452 1341 546 1395 ultimo
563 1341 694 1408 supplicis
718 1356 783 1396 mox
805 1338 961 1408 efficiendis,

163 1416 211 1464 sut
227 1411 320 1478 pueris
335 1412 448 1467 rationis
465 1427 543 1467 usum
560 1427 614 1466 non
631 1411 801 1466 habentibus.

200 1484 242 1538 10.
261 1481 290 1535 Si
307 1483 369 1549 quis
386 1489 477 1537 sutem
492 1483 600 1538 lnborst
616 1483 645 1538 in
658 1483 793 1551 extremis,
811 1487 840 1536 et
855 1479 962 1549 perieu-

162 1552 218 1606 lum
229 1553 373 1620 imminest,
391 1569 425 1608 ne
439 1553 559 1623 decedet,
573 1561 717 1621 antequem
724 1552 852 1608 finientur
860 1553 963 1608 nnetio·

162 1639 220 1693 nes,
232 1625 285 1681 sito
295 1633 418 1694 ungatur,
432 1625 583 1693 incipiendo
598 1625 632 1680 sb
646 1641 680 1680 eo
693 1625 767 1680 loeo:
781 1625 845 1678 Per
861 1624 966 1678 istem

162 1704 318 1751 sanctam
335 1695 747 1765 unctionsmete.utinfrn;
765 1694 862 1750 deinde
880 1693 965 1750 eisd·

162 1766 215 1822 hue
238 1768 401 1836 supervivat,
425 1767 548 1822 dicantur
577 1766 721 1822 Orationes
748 1765 964 1836 praetermissae,

161 1853 212 1894 suo
229 1839 289 1894 loeo
308 1839 423 1906 potine.

199 1911 242 1966 11.
268 1908 297 1963 Si
321 1925 396 1979 vero,
423 1909 488 1964 dum
510 1909 662 1979 inungitur,
694 1906 816 1963 infirmus
842 1906 966 1977 decedet,

161 1979 303 2048 presbyter
325 1981 398 2035 ultrs
421 1997 476 2037 non
500 1980 641 2051 procedet,
670 1987 699 2034 et
720 1979 875 2048 praedictet
897 1977 966 2034 Ors-

160 2050 248 2106 tiones
266 2051 379 2106 omittat.

199 2123 241 2175 12.
259 2121 379 2189 Quodsi
397 2121 508 2192 dubitet,
527 2139 562 2177 sn
587 2122 662 2177 vivet
685 2121 781 2191 sdhuc„
808 2121 965 2176 unctionem

162 2200 349 2263 prosequatur,
374 2194 424 2250 sub
442 2193 594 2250 conditione
617 2192 816 2263 pronuntiando
839 2190 965 2263 formam,

163 2263 268 2318 dicens:
284 2263 316 2318 Si
332 2265 437 2334 vivis,
455 2280 515 2334 per
532 2265 639 2337 istjsm
656 2273 810 2320 sanctam
827 2264 968 2319 unctio-

162 2348 250 2404 nem,
268 2342 318 2390 ete.
336 2343 367 2391 ut
384 2335 463 2396 inira·

200 2407 243 2462 18.
261 2405 291 2460 st
309 2414 398 2461 sutem
416 2407 550 2476 acciderit,
567 2405 699 2462 infirmnm
717 2412 780 2476 post
792 2411 968 2475 peecatorum

123 2513 126 2517 -
164 2491 273 2532 suorum
300 2475 501 2534 consessionem
524 2478 560 2533 sd
587 2479 688 2533 exitum
711 2479 784 2533 vites
807 2491 968 2546 propersre,

163 2553 227 2604 tunc
245 2564 305 2603 eum
322 2564 399 2604 ssero
413 2550 518 2606 Vistieo
531 2550 631 2619 poterit
649 2557 678 2604 et
691 2548 787 2604 Oleum
798 2545 967 2602 infirmorum

164 2618 200 2673 sd
217 2635 278 2674 enm
296 2618 402 2690 deferri,
420 2635 470 2689 per
493 2621 581 2691 ipsum
605 2619 780 2690 sacerdotem,
805 2619 851 2687 qni
874 2617 967 2675 defert

164 2704 268 2744 ssersm
284 2691 488 2746 Euehnrists'tm.
519 2691 549 2746 Si
565 2699 655 2746 temen
673 2693 741 2747 etius
758 2689 899 2760 presbyter
917 2691 967 2746 vel

165 2759 302 2830 dissonus
321 2762 367 2829 qui
375 2760 471 2816 Oleum
488 2768 609 2818 sanctum
626 2761 738 2831 deierat,
755 2761 851 2816 hsberi
868 2761 967 2832 possit„

164 2845 214 2898 per
230 2831 319 2901 ipsum
336 2831 481 2904 deierstnr,
499 2834 546 2902 qui
559 2834 753 2904 superpelliseo
766 2832 885 2903 indutus,
902 2847 969 2888 enm
