2108 3226
144 153 184 198 16⁴
332 157 411 198 Preoee
424 159 476 196 ente
490 158 512 195 et
526 158 576 204 post
590 155 755 196 confessionem

181 259 203 314 0
222 261 293 314 bone
308 260 382 328 Jesu,
402 276 418 313 o
436 260 555 328 piissime
575 260 649 328 Jesu,
669 275 685 312 o
704 258 854 314 dulcissime
868 259 960 328 Jeeu„

146 347 162 386 o
180 332 263 400 Jesu,
289 331 342 384 Fili
359 331 412 384 Dei
430 339 458 385 et
474 331 578 399 Mariae
596 331 722 398 Virginis,
740 330 820 397 plene
838 329 942 384 miseri-

145 403 237 457 cordia
251 409 278 456 et
296 403 406 472 pietate,
426 419 442 457 o
461 402 545 456 dulcis
565 403 638 471 lesu,
658 401 803 456 secundnm
820 417 946 468 magnam

144 473 353 528 misericordiam
371 481 445 528 tuem
462 474 589 528 miserere
607 473 668 526 mei.
696 471 725 548 04
738 473 945 526 clementissime

142 545 161 600 J
164 561 219 613 esu,
232 560 281 613 per
290 545 437 613 pretiosum
450 545 523 598 illum
534 543 702 612 Sanguinem,
722 559 801 610 quem
816 558 945 611 propec-

144 617 279 670 catoribus
294 615 419 686 effudisti,
440 615 571 683 deprecor
582 623 618 683 te,
637 622 667 669 ut
681 615 774 668 abluas
789 629 880 669 omnes
893 615 944 668 ini-

144 688 260 755 quitates
278 703 360 754 meas,
380 693 407 740 et
424 687 451 739 in
465 702 507 740 me
525 687 651 741 miserum
665 693 692 740 et
705 685 842 753 indignum
855 686 943 740 humi·

144 759 206 813 liter
218 758 324 812 veniam
338 765 473 824 petentem
487 765 659 824 sanctumque
673 772 770 811 nomen
778 763 854 811 tuum
866 757 943 810 invo-

145 835 249 883 cantem
261 829 398 896 respicias.
427 828 557 882 Onomen
570 829 645 896 lesu,
658 843 756 882 nomen
770 826 945 882 delectabilet

145 917 161 954 o
176 915 273 955 nomen
287 900 361 967 lesu,
375 915 471 953 nomen
487 900 614 953 amabilel
635 899 705 966 Quid
718 907 760 954 eet
774 899 842 954 enim
851 900 946 968 lesus,

144 971 197 1025 nisi
211 971 355 1024 Salvator?
383 971 478 1038 Itaque
491 978 603 1038 propter
616 986 713 1025 nomen
725 978 845 1035 sanctum
857 977 945 1038 tuum,

145 1042 217 1096 omi
234 1043 309 1109 lesu,
336 1047 394 1096 esto
412 1043 477 1096 mihi
494 1043 574 1096 Jesus
594 1048 621 1095 et
640 1042 715 1096 saiva
732 1057 783 1095 me.
819 1041 861 1095 Ne
880 1056 944 1108 per-

143 1112 234 1166 mittas
263 1127 305 1165 me
324 1111 458 1180 damnari,
484 1129 564 1180 quem
590 1113 709 1180 pretioso
735 1111 869 1181 Sanguine
894 1119 944 1167 tuo

143 1183 286 1238 redemisti.
314 1183 336 1236 0
349 1184 419 1238 bone
428 1185 504 1252 lesu,
518 1198 552 1237 ne
566 1183 663 1252 perdat
676 1197 719 1238 me
733 1183 859 1250 iniquitas
872 1199 942 1252 mea,

143 1269 222 1322 quem
232 1255 332 1308 creavit
340 1255 446 1309 bonitas
461 1262 509 1310 tua
518 1255 693 1323 omnipotens.
722 1254 945 1322 Obenignissime

142 1326 218 1394 Jesu,
236 1326 363 1394 miserere
381 1327 442 1395 mei,
466 1325 529 1380 dum
546 1333 651 1394 tempus
670 1332 712 1381 est
729 1325 891 1393 miserendi,
906 1339 945 1380 ne

143 1395 252 1452 damnes
270 1412 321 1465 me,
341 1396 403 1450 dum
420 1405 526 1465 tempus
545 1405 587 1452 est
604 1397 745 1451 iudicandi.
781 1396 803 1451 0
821 1397 943 1466 piissime

142 1469 218 1537 lesu,
232 1468 255 1522 si
268 1483 310 1522 me
325 1467 451 1522 damnare
464 1469 531 1523 velit
543 1475 591 1522 tua
604 1484 700 1524 severa
708 1468 817 1534 iustitia,
832 1467 940 1536 appello

143 1546 171 1594 et
189 1538 312 1607 confugio
337 1539 371 1593 ad
394 1547 467 1594 tuam
493 1541 639 1608 piissimam
662 1539 878 1607 misericordiam.
894 1549 898 1555 “
916 1537 943 1592 0

142 1611 322 1672 amantissime
332 1612 406 1680 Jesn,
422 1627 437 1666 o
448 1610 672 1666 desideratissime
687 1611 761 1678 lesu,
774 1609 940 1665 omitissime

142 1682 216 1752 Jesu,
236 1683 341 1750 suscipe
358 1697 400 1736 me
415 1683 443 1736 in
456 1697 594 1736 numerum
609 1682 754 1736 electomm
767 1687 883 1736 tuorum.
915 1680 943 1735 0

77 1799 81 1808 ,
142 1753 217 1821 Jesu,
237 1754 309 1808 salus
326 1753 355 1805 in
371 1761 399 1808 te
418 1752 593 1808 credentiuml
619 1754 726 1822 oJeau,
745 1751 842 1806 fiducia
858 1750 893 1806 ad
910 1758 941 1806 te

142 1823 363 1892 confugientium!
388 1825 493 1894 olesu,
514 1823 625 1878 dulcedo
639 1832 666 1878 te
686 1823 843 1878 amantium!
874 1822 943 1892 Fac,

141 1901 172 1948 ut
190 1894 297 1963 diligam
314 1901 357 1964 te,
384 1896 486 1963 tibique
504 1894 618 1950 fideliter
637 1894 805 1964 adhaeream,
833 1900 945 1961 etpost

141 1965 211 2020 hanc
228 1966 362 2021 miseriam
379 1965 494 2021 feliciter
511 1965 546 2020 ad
562 1973 591 2020 te
609 1966 770 2034 perveniam.
809 1965 903 2020 Amen.

488 2071 589 2086 ΜΛΝ

141 2127 281 2183 PREGES
307 2127 409 2182 ANTE
433 2127 482 2182 ΕΤ
500 2127 591 2182 POST
615 2127 945 2182 SACRAMENTALEM
978 2191 985 2202 ·

241 2211 523 2267 CONFESSIONEM
540 2211 843 2266 PERSOLVENDAE.

349 2309 382 2354 A.
409 2309 485 2354 Ante
499 2309 732 2360 eenreeeeoeeem.

393 2395 506 2440 Moneo
519 2397 689 2448 praeparatoriae

290 2461 328 2512 (ex
345 2464 425 2512 quibus
442 2475 487 2504 une
506 2464 604 2504 alterave
622 2465 684 2514 seligi
704 2463 793 2514 potest.)

178 2531 202 2583 1.
239 2527 282 2581 Ad
300 2535 336 2596 te,
355 2529 469 2584 Domine
484 2531 558 2598 lesu,
578 2529 665 2584 denuo
683 2529 797 2598 supplex
809 2535 944 2600 revertor,

143 2599 189 2666 qui
206 2599 344 2666 peccando
371 2616 387 2654 a
411 2607 439 2654 te
466 2601 547 2656 toties
566 2599 692 2668 discessi,
718 2617 771 2672 quo
799 2601 868 2654 enim
885 2601 941 2670 ibo,

141 2670 195 2724 nisi
214 2670 249 2724 nd
266 2671 314 2725 te?
334 2671 356 2726 si
374 2679 405 2726 tu
422 2687 465 2725 me
483 2671 599 2740 repellis,
618 2672 678 2738 quis
696 2687 738 2725 me
752 2672 945 2740 suscipiet‘lpi

140 2747 171 2796 tu
189 2756 232 2796 me
251 2741 419 2810 condemnas,
440 2759 456 2796 a
474 2759 526 2810 quo
545 2742 651 2796 veniam
669 2743 805 2810 sperabo?
831 2741 941 2798 Firmis·

141 2812 209 2867 sime
230 2812 337 2880 quidem
355 2821 417 2870 ante
434 2814 486 2867 hac
503 2814 593 2884 statui,
612 2829 720 2869 servare
738 2811 944 2870 iustificationes
997 2883 1003 2894 ,
