2128 3228
221 153 254 192 De
268 163 285 196 o.
300 153 439 194 Sacramenta
453 152 630 194 Ooufirmatlouio
643 155 781 198 conserando.
865 152 905 196 775

141 250 270 318 Spiritum
288 251 435 320 sapientiae
454 258 482 306 et
499 252 658 311 intellectus.
676 281 711 294 -
728 253 763 309 R.
782 253 877 312 Amen.

141 321 270 389 Spiritum
288 323 391 376 consilii
409 329 436 377 et
453 321 624 378 fortitudinis.
643 353 676 364 -
695 325 730 379 R.
749 325 843 379 Amen.

141 392 269 460 Spiritum
286 393 412 448 scientiae
431 400 459 448 et
476 395 591 461 pietatis.
611 424 645 434 —
663 395 698 450 R.
717 395 811 450 Amen.

139 463 264 532 Adimple
283 480 330 519 eos
350 463 453 532 Spiritu
469 465 572 520 timoris
583 466 638 534 tui,
663 474 691 520 et
709 467 836 534 consigna
854 482 901 524 eoa

103 535 180 602 signo
200 535 303 602 orutcio
318 535 423 604 Christi
443 537 471 589 in
484 537 566 590 vitem
579 537 741 604 propitiatus
756 545 901 596 aeternam.

78 605 158 660 ''Per
176 604 288 660 eundem
301 607 443 660 Dominum
462 615 583 662 nostrum
599 609 616 662 J
617 623 692 662 esum
705 609 839 663 Christum
857 609 903 664 Fi·

103 677 169 731 lium
181 683 264 746 tuum,
286 678 331 745 qui
344 685 433 732 tecum
446 679 512 733 vivit
526 687 553 734 et
567 686 662 747 regnat
674 680 703 733 in
716 679 818 735 unitate
833 680 902 735 eius·

104 747 166 802 dem
181 747 295 816 Spiritus
310 750 394 804 saneti
408 750 491 819 Deus,
515 766 565 818 per
580 751 669 804 omnia
689 751 798 805 seeorda
811 766 903 806 saecu-

101 819 197 875 lorum.
216 849 252 860 -
270 820 305 876 R.
323 819 417 875 Amen.
498 863 500 870 ,

22 908 26 916 “
139 891 283 958 Pomtisem,
310 891 404 946 sederas
420 908 502 960 smper
517 892 702 961 faldistorium
721 892 901 961 praedictum,

101 963 144 1014 oel
157 964 245 1029 etium,
264 963 290 1015 si
304 963 449 1016 multitado
467 963 714 1030 confirmandormm
731 964 762 1018 id
780 966 902 1032 eoeperit,

102 1032 243 1100 dispositio
260 1034 315 1086 illis
335 1049 387 1100 per
405 1034 526 1088 ordinem
543 1051 624 1103 saper
648 1035 753 1104 prodas
766 1035 902 1104 presbpte
953 1078 956 1084 .

100 1105 146 1170 rii,
171 1105 213 1157 oel
231 1104 304 1170 alibi,
330 1105 458 1171 Pontifex
475 1111 551 1180 plane
568 1105 631 1160 oum
645 1108 735 1176 mitre,
762 1107 823 1160 illos
841 1122 902 1160 eom

100 1174 193 1239 firmat
206 1191 259 1242 per
276 1174 397 1228 ordinem
418 1177 586 1244 permitterer,⁸
610 1182 635 1230 et
652 1193 707 1231 arto
726 1177 821 1231 ordine
839 1193 901 1231 oom-

100 1243 222 1312 timiam,
248 1245 290 1298 alli
306 1251 434 1314 turparet,
457 1252 483 1300 et
500 1247 551 1299 olii
565 1249 745 1316 pededeotomt
762 1254 788 1302 et
805 1249 900 1314 conpr-

100 1321 219 1382 mentor,
240 1321 265 1368 et
282 1317 320 1368 rie
337 1331 421 1384 aspele
438 1318 469 1369 ira
484 1318 572 1382 fidem.
609 1319 650 1372 Et
666 1320 795 1387 Pomtifmo
812 1321 901 1388 impei-

100 1387 139 1438 rit
151 1386 309 1455 eimpdlatim
323 1385 356 1440 de
368 1389 476 1440 nomime
488 1388 629 1442 cuiuslibet
641 1390 829 1458 confirmandi,
847 1391 902 1444 ariri

96 1472 150 1524 per
163 1458 307 1524 patrimum
324 1458 365 1510 vel
382 1459 530 1512 matrinam
553 1460 630 1526 peaes
647 1454 758 1528 perardua
772 1477 900 1528 praesert-

101 1528 161 1593 toti‚
180 1533 205 1582 et
222 1529 374 1651 orgmmitute
381 1529 490 1597 pollieia
504 1529 628 1584 derlerm
646 1547 745 1584 mamae
758 1533 899 1588 chrismate

100 1599 224 1664 intincta,
263 1600 324 1652 ioit:

137 1669 171 1724 N.
186 1670 261 1738 signo
276 1678 303 1724 te
317 1671 393 1738 signo
409 1671 554 1741 oru†ois;¹)
576 1671 649 1740 qood
666 1672 731 1726 dam
745 1671 819 1738 dieii,
833 1687 899 1739 pro-

101 1739 177 1794 ducit
185 1741 284 1808 pollice
301 1743 407 1810 eipaom
425 1744 512 1796 cratete
529 1745 560 1796 ia
571 1739 688 1810 frontoni
701 1744 784 1809 illias,
803 1742 900 1796 deimde

97 1813 286 1880 prosequitur:
310 1821 337 1868 et
361 1811 487 1868 confirmo
512 1813 545 1868 de
569 1815 710 1886 chrismate
729 1813 832 1869 solutis.
868 1813 900 1866 In

11 1889 14 1900 ’
100 1883 206 1937 nomine
232 1883 353 1952 Pattris,
381 1891 408 1939 et
425 1884 514 1954 Fiflii,
533 1893 561 1940 et
584 1885 698 1954 Spiritus
716 1887 735 1952 †
753 1885 846 1939 saneti.
865 1913 899 1922 -

102 1953 251 2078 Ε’Βῗιῗιῗῑῒ
261 2026 352 2079 leviter
368 2041 428 2096 eam
445 2027 476 2080 ip
492 2028 607 2082 rneailla
625 2007 847 2098 eoedltpdteem:

136 2096 464 2236 {linxittdddmolomfimmtim
492 2169 621 2235 Pontifeor
644 2171 723 2239 terpit
750 2185 811 2224 eam
828 2169 900 2223 mica

11 2277 12 2308 ;
96 2241 188 2308 pomis,
207 2245 232 2292 et
249 2240 325 2293 luem
338 2242 463 2310 pollicem
481 2245 506 2292 et
523 2255 621 2294 martae
639 2255 720 2308 aaper
733 2240 842 2309 pelvim.

136 2311 243 2364 Deinde
261 2327 335 2378 apua
353 2312 461 2366 lotionis
483 2327 543 2364 oum
556 2327 631 2379 puae
648 2312 785 2378 foedatur
809 2313 839 2364 im
852 2311 900 2378 pi·

100 2382 204 2435 stipem
221 2384 346 2438 saaertt.
381 2383 503 2450 Irtterim,
528 2382 593 2436 dam
612 2384 686 2436 lavat
703 2399 808 2449 mamae,
836 2397 898 2436 cam

101 2456 176 2505 tator
197 2468 309 2521 sequena
325 2453 499 2522 Antiphone,
527 2453 568 2506 oel
592 2454 689 2522 lepitar
712 2470 730 2508 a
752 2453 899 2520 miaiotmssm

102 2522 174 2589 qood
192 2526 272 2586 etiam
290 2526 319 2578 ira
337 2525 590 2579 similitudimem
607 2525 689 2614 debet.
956 2540 959 2551 ·

11 2735 12 2746 ¹
117 2688 138 2738 1)
152 2691 228 2731 Poteot
241 2695 401 2744 confir-meudun
411 2695 623 2745 advarballpiooopl
633 2696 659 2735 N.
675 2697 734 2746 atpao
748 2699 768 2736 te
783 2699 824 2740 eto.
838 2705 900 2745 prae·

154 2758 188 2795 tar
202 2768 279 2798 nomen
300 2770 364 2798 ouum
377 2761 507 2810 baptismale
528 2761 587 2801 aliud
606 2771 685 2800 nomen
705 2761 780 2802 Sancti
799 2762 842 2802 albi
859 2762 900 2800 im·
927 2750 929 2756 ’

154 2823 206 2871 pom
220 2833 304 2866 curere.
331 2826 361 2874 (S.
376 2825 400 2868 B.
415 2825 437 2868 0.
450 2824 486 2870 20.
499 2825 553 2876 Sept,
567 2824 637 2874 1749.)
