2098 3222
196 238 313 278 romulae
327 238 414 288 petendi
429 239 502 278 varias
516 238 633 279 facultates
646 241 668 278 et
681 240 772 288 mattas.
845 234 885 280 eit

89 340 194 408 dimitti,
213 348 241 394 et
259 339 371 394 aiterum
389 338 580 395 confessarimn
605 340 733 396 accedere
756 309 802 396 vix
822 357 885 410 pos·

87 413 149 482 sint,
167 410 303 465 humiliter
321 411 441 479 supplico
461 418 510 466 etc.

123 482 254 608 Licleetlsad
273 537 465 608 absolvendum
483 569 500 608 a
524 553 629 609 casibus
653 535 886 610 Reverendissimo

87 623 229 695 Ordinatio
255 625 401 680 reservatis
427 625 478 680 sim
503 625 683 694 approbatus,
708 632 798 680 minan
822 626 887 680 mihi

13 733 16 740 ι
87 711 166 755 ossus
185 697 300 751 occurrit
309 697 337 750 in
349 696 446 752 litteris
461 695 662 764 approbationis
676 697 828 764 specialiter
841 711 887 750 ax-

88 774 190 836 ceptus,
209 782 321 835 cumque
340 762 531 836 poenitentem,
557 769 712 836 ceteroquin
737 768 886 838 contritum,

89 855 121 894 ae
138 839 189 893 rite
208 838 366 907 dispositum
383 838 509 894 inducere
527 854 583 894 non
594 840 704 906 possim,
722 845 753 893 ut
764 854 814 906 pro
827 855 887 907 gra·

92 910 131 964 tia
149 909 324 982 absolutionis
350 925 379 964 se
404 909 482 964 sistat
506 925 595 964 coram
622 910 738 965 habente
757 909 887 964 eiusmodi

87 980 250 1050 facilitatem,
267 979 529 1036 Reverendissimnm
546 981 710 1036 Vicariatum
728 981 887 1042 Generalem

87 1052 162 1106 hisce
181 1067 260 1119 quam
279 1053 424 1106 humilm
442 1067 517 1121 rogo,
542 1059 573 1107 ut
591 1053 734 1121 specialem
752 1054 821 1106 hanc
838 1068 886 1120 po·

86 1129 213 1178 testatem
230 1123 296 1176 milri
313 1138 363 1191 pro
381 1138 436 1177 una
454 1122 592 1178 dumtaxat
609 1124 667 1178 vice
685 1124 777 1193 largiri
795 1123 886 1192 digne·

84 1202 130 1248 tur
149 1201 199 1246 eto.

85 1330 112 1376 4.
126 1330 251 1376 normula
260 1331 366 1386 petendi
375 1330 593 1386 dispensationem
603 1333 636 1377 ab
645 1332 809 1388 Episcopatu
823 1340 886 1380 casn

90 1395 147 1443 voti
157 1406 209 1440 non
222 1396 344 1452 nubendi,
358 1407 448 1442 sacros
458 1397 563 1442 ordines
574 1397 739 1454 suscipiendi,
753 1399 796 1444 val
810 1399 886 1444 casti·

292 1462 356 1506 tetis
370 1462 403 1506 ad
417 1465 518 1516 tempus
534 1463 686 1508 servandae.

124 1547 357 1605 Reverendissime
374 1548 503 1614 Domine!

125 1619 253 1687 loannes,
280 1621 344 1674 civis
371 1619 516 1688 parochiae
541 1634 616 1674 meae
634 1619 669 1674 N.
687 1619 886 1674 Matrimonium

58 1699 61 1703 ’
90 1689 142 1748 rite
161 1696 189 1743 et
207 1691 320 1746 servatis
339 1689 372 1756 de
390 1691 449 1744 iure
468 1690 606 1745 servandis
626 1692 785 1745 conmahere
801 1692 886 1745 inten-

89 1759 130 1815 dit
147 1776 205 1814 oum
219 1761 306 1830 Anna,
321 1762 441 1816 similiter
452 1761 615 1829 parochiana
627 1777 700 1830 mea,
713 1777 794 1831 porro
807 1777 886 1830 pree·

12 1873 13 1902 ,
88 1831 139 1886 fati
157 1833 342 1899 nupturientes
372 1840 434 1888 sunt
457 1834 520 1887 boni
544 1834 657 1888 nominis
684 1833 830 1902 etiamne,
858 1834 886 1887 in

89 1901 143 1956 fide
163 1901 295 1956 catholica
312 1903 381 1958 bene
400 1905 530 1973 instructi,
548 1905 674 1972 nulloque
694 1905 820 1959 canonico
838 1905 886 1958 im-

88 1972 244 2042 pedimento
262 1974 396 2041 innodati3
415 1977 583 2030 consentiunt
599 1982 725 2044 parentes
752 1976 803 2043 (cel
820 1991 885 2043 quo·

86 2061 147 2099 rum
165 2044 302 2114 interestt;
325 2046 373 2101 sed
391 2063 450 2101 cnm
468 2046 591 2116 praefata
608 2048 688 2101 Anna
704 2062 759 2101 non
776 2047 815 2101 ita
831 2047 885 2115 pri-
923 2063 926 2072 ¹

12 2117 13 2142 ³
89 2115 150 2170 dem
167 2123 260 2170 votum
279 2117 397 2172 emiserit
413 2134 548 2186 nunquam
566 2117 683 2174 nubendi
709 2119 760 2186 (cel
779 2119 885 2172 castita·

12 2209 13 2264 }
87 2187 124 2242 tis
143 2186 178 2241 ad
197 2187 352 2242 decennium
372 2190 538 2258 servandae),
557 2190 632 2244 cuius
650 2190 706 2244 voti
721 2188 885 2256 adimpletio·

12 2279 13 2332 j
88 2273 151 2314 nem
169 2273 228 2312 cum
245 2259 298 2314 iam
317 2260 368 2314 sibi
387 2260 420 2314 ob
439 2261 610 2316 vehementes
623 2260 786 2315 tentationes
805 2274 885 2327 expe-

12 2349 13 2358 *
86 2330 172 2384 riatrm
191 2345 251 2386 esse
269 2329 326 2384 fere
344 2331 535 2399 impossibilem
561 2333 613 2398 (uel
630 2332 725 2386 saltem
744 2330 890 2398 admon

12 2401 13 2472 ῗ
87 2400 239 2471 difficilem),
257 2416 308 2470 pro
328 2404 415 2470 gratia
433 2402 639 2470 dispensationis
652 2403 781 2456 reocrnnit
799 2401 833 2456 ad
850 2401 885 2454 il-

12 2483 13 2502 ³
73 2472 273 2528 iustissimam
291 2473 417 2529 Vestram
431 2473 603 2542 Dignitatem,
631 2472 767 2527 humiliter
784 2473 885 2541 suppli-

85 2557 159 2612 cans,
178 2551 208 2597 ut
220 2552 312 2600 votum
326 2544 492 2613 praedictum
505 2545 557 2613 ipsi
570 2545 714 2612 relaxetur,
732 2552 828 2612 parata
845 2546 885 2597 in·

82 2613 163 2668 terim
181 2613 327 2683 adimplere
339 2616 540 2684 poenitentiam,
559 2615 884 2683 quaelllustriasimtDo·

83 2684 195 2738 minatio
208 2684 307 2740 Vestra
324 2688 353 2741 in
366 2702 481 2755 poenam
494 2687 688 2743 inconstantiae
701 2686 885 2756 praescribere

84 2754 168 2810 fuerit
183 2753 299 2822 dignata¹
749 2821 753 2830 ¹

118 2826 162 2882 Et
186 2825 258 2882 idam
280 2841 398 2894 procace
413 2827 510 2882 medeas
541 2834 579 2884 est
596 2828 731 2884 sodomi
753 2829 783 2882 ab
811 2841 885 2892 ceso,

84 2912 139 2968 pcto
166 2898 227 2965 qais
250 2904 342 2954 comta
360 2900 447 2954 ambit
471 2915 564 2956 sacros
587 2900 696 2956 ordines
712 2897 885 2968 canonicarii,

722 2988 796 3044 aar*
