2108 3226
133 161 178 205 tto
232 165 311 206 Precee
324 167 347 206 in
356 165 483 206 viritatione
494 163 531 209 SS.
541 163 677 206 Sacramenti
689 165 852 215 persolvendae.

170 265 239 322 Orae
257 283 327 322 nnnc
345 283 361 321 a
379 265 479 322 dextris
497 266 569 334 Nati,
589 268 601 292 *
619 267 690 334 Jugo
717 267 805 321 solvat
822 273 853 321 nt
870 282 937 337 pec-

134 339 195 407 cati,
213 342 226 366 *
245 339 318 406 Quos
335 338 449 393 redemit
465 338 616 407 Sanguine;
635 341 646 366 *
665 337 764 393 Manus
782 339 858 393 Tuae
878 341 939 394 atii·

133 410 191 534 ilanff
216 409 294 481 dona,
313 411 422 464 *Vitae
446 409 489 464 fae
514 410 638 465 coelestia
660 410 734 464 bona
751 413 764 437 *
781 410 819 464 Et
836 410 865 463 in
883 427 938 467 noa

154 496 168 536 e
188 496 261 535 uere.

170 552 238 607 Esto
256 552 334 608 nobis
355 553 436 607 maris
458 553 544 622 atella,
562 553 574 579 *
597 551 639 606 Ne
657 567 707 606 noa
724 549 852 606 fluctuum
870 569 937 621 pro·

134 623 202 678 celia
216 625 228 649 *
241 624 406 692 Navigantes
419 624 530 692 obruat;
548 626 560 651 *
578 623 622 677 Ex
636 639 689 690 qua
702 622 775 678 salua
794 629 836 678 est
854 639 935 678 exor-

133 699 171 764 ta,
189 697 201 722 *
219 695 287 750 Esto
306 695 383 750 nobis
401 695 468 749 coeii
487 701 573 764 ponta,
593 696 606 721 ⁴
624 694 700 761 Quae
726 694 760 748 ad
785 695 868 749 vitam
885 711 938 764 pa-

133 771 198 820 teat.

172 836 256 905 Virgo
274 835 398 906 clemens,
425 836 501 904 virgo
520 837 573 904 pia,
593 837 604 862 *
622 836 682 890 Duo
708 851 802 892 secura
827 852 878 891 noa
905 836 937 892 in

135 908 181 961 via
197 912 210 937 ⁴
228 908 306 961 Vitae
324 923 374 975 per
391 907 512 961 exilium:
532 911 544 935 *
562 907 628 976 Nos,
647 907 770 974 citatem
788 907 831 960 hio
844 914 933 978 tuere,

136 981 148 1006 *
167 977 236 1032 Olim
253 977 314 1032 istic
331 978 374 1032 iao
391 977 484 1032 videre
502 981 515 1004 *
533 978 572 1032 Te
591 985 718 1046 tuumque
736 979 843 1032 Filium.

171 1049 236 1118 Fac,
256 1048 295 1102 Te
314 1048 389 1118 duce,
408 1065 457 1104 noa
471 1064 558 1116 orare,
577 1051 589 1076 *
607 1051 726 1118 Vigiiare
745 1057 773 1104 et
790 1056 903 1120 certare,
922 1053 936 1078 *

136 1119 231 1174 Certos
256 1119 331 1175 Tuae
356 1121 472 1189 gratiae3
498 1122 510 1145 ⁸
532 1120 628 1175 Funde
653 1121 730 1176 nobis
755 1121 802 1189 pia
820 1119 899 1189 dona,
920 1123 934 1148 ¹*

136 1191 246 1316 (iElnatfa,
271 1198 357 1333 m)ater
379 1200 407 1246 et
428 1199 544 1260 patrona
562 1192 707 1247 *Sanctae
736 1192 773 1247 aio
797 1191 937 1248 Coloniae.

136 1264 145 1332 i
171 1263 291 1317 etesiae.

171 1333 228 1388 Fac
245 1350 296 1389 nos
309 1340 380 1389 stare
394 1332 447 1387 fide
460 1349 534 1402 vera,
553 1336 566 1360 *
584 1334 710 1402 Caritate,
729 1349 777 1401 spe
794 1333 936 1404 sincera*

135 1404 246 1472 Absque
260 1405 354 1473 canipae
366 1406 484 1474 maenia3
499 1407 511 1431 *
525 1405 641 1474 Gregem
654 1405 715 1459 Tibi
730 1407 768 1460 aio
782 1405 907 1476 dicatum,
922 1409 936 1434 *

135 1476 197 1530 Jam
216 1492 233 1530 a
250 1477 372 1546 patribus
391 1485 525 1531 sacratum
543 1480 554 1505 ⁴
572 1477 703 1545 Protegaa
721 1476 750 1530 in
768 1477 885 1531 saecula.

473 1617 598 1633 ΛΛΛΛΜΛΛΛΛ

134 1707 274 1764 PREGES
297 1708 338 1764 IN
360 1707 595 1764 VISITATIONE
623 1707 671 1762 SS.
698 1707 938 1763 SAGRAMENTI

383 1803 687 1862 PERSOLVENDAE.

191 1942 299 1999 Primus
317 1942 415 1999 modua
433 1941 565 1998 visitandi
586 1942 638 2004 88.
659 1941 880 1996 Sacramentum.

171 2047 259 2098 Moyeae
273 2049 391 2098 aliqnando
406 2049 500 2098 gloriam
514 2049 588 2098 gentis
607 2060 660 2093 auae
680 2048 823 2098 praedicans,
843 2049 939 2096 nonen,

132 2115 212 2164 inquit,
233 2115 277 2153 cita
291 2116 348 2156 notio
361 2119 403 2154 tom
417 2115 515 2165 aranda,
530 2126 581 2166 qnae
594 2113 667 2156 tatem
680 2115 729 2155 deoc
743 2114 936 2164 appropinquantes

133 2183 182 2232 eibi,
197 2182 249 2222 attat
258 2182 314 2220 Deua
321 2186 390 2221 notter
398 2183 456 2221 odeat
466 2183 545 2222 cunctis
554 2181 729 2221 obsecrationibus
740 2181 824 2222 matria.
837 2179 902 2220 Dent.
914 2175 935 2218 t.

134 2267 160 2276 -
175 2247 237 2296 Quid,
252 2257 341 2296 quaeso,
355 2247 454 2286 dIcturue
469 2247 548 2286 tutaret
561 2248 658 2296 Moyses,
678 2246 697 2286 ci
710 2257 750 2295 pro
764 2246 850 2294 umbra,
868 2254 936 2293 quem

133 2313 189 2353 adeo
202 2312 357 2360 venerabatur,
371 2322 417 2351 rem
427 2314 449 2351 et
458 2312 575 2352 veritatem
588 2312 660 2361 ipeam
669 2312 692 2351 in
705 2310 798 2350 ecclesio
812 2311 889 2350 nostra
902 2309 935 2348 ri-

133 2378 201 2419 dieeet
208 2379 267 2418 inter
276 2387 317 2417 nor
325 2377 412 2417 acridae
422 2376 610 2417 commorantem?
633 2377 675 2418 Sed
685 2377 737 2426 quid
747 2376 826 2425 dicere,
836 2375 888 2425 qnid
898 2385 934 2415 eo·

132 2445 205 2496 gitera
219 2445 299 2485 debent
312 2445 444 2494 sacerdotes,
459 2445 497 2493 qui
511 2445 566 2484 edeo
575 2443 680 2484 familiari
693 2444 763 2492 ipatus
777 2442 936 2483 consuetudine

132 2511 241 2552 muntani
255 2511 326 2560 certa,
341 2521 385 2550 non
399 2513 433 2550 eat
446 2511 491 2550 elia
506 2511 574 2560 natio,
595 2521 635 2550 neo
650 2511 695 2551 alta
708 2511 822 2550 hominnm
836 2509 935 2549 conditio

133 2579 181 2618 mm
194 2576 291 2626 modia,
312 2578 359 2616 tam
372 2576 489 2625 honorata,
510 2579 557 2616 tam
571 2576 644 2624 beata,
664 2586 720 2625 queo
733 2575 814 2614 habeat
827 2575 894 2614 tatem
907 2583 935 2614 ao

131 2643 220 2682 tantum
228 2641 346 2682 Denmaibi
355 2641 555 2690 ttapropinquumi
570 2641 742 2690 sedquidindet
756 2641 934 2689 Nonnaaeqnnm

132 2708 172 2756 eet,
187 2709 212 2746 nt
225 2707 268 2756 ipat
283 2707 364 2756 ingiter
380 2706 500 2746 antistaret
515 2707 577 2754 Quod
591 2707 643 2756 quia
656 2706 703 2746 fleri
716 2715 761 2745 non
771 2707 844 2754 potest
853 2704 877 2744 in
891 2705 935 2744 hec

130 2772 185 2822 vita,
204 2775 263 2813 certe
278 2773 387 2822 convenit,
407 2774 433 2812 ut
453 2773 580 2822 frequenter
595 2782 760 2821 compareamus
774 2773 881 2820 tanquam
894 2781 933 2811 an-

132 2837 171 2879 Itoi
186 2849 260 2880 coram
273 2839 368 2880 Domino
380 2841 457 2880 nostro
471 2839 619 2888 cbaeqnieqne
633 2840 675 2889 ipat
689 2839 834 2888 praeatamne,
848 2841 871 2878 et
883 2840 934 2880 tm·
