2128 3228
236 178 268 218 De
281 177 432 218 functionibus
445 177 513 218 senec
527 177 565 220 Vl.
579 177 603 217 ln
617 178 743 221 Parasecrs.
817 213 820 223 .
852 175 893 218 758
919 215 921 220 .

94 277 260 348 fragmentis,
284 278 381 346 accipit
399 277 527 332 ambabus
545 277 667 332 manibus
686 278 804 348 calicem,
828 280 895 336 nihil

95 349 196 418 dicens,
213 363 264 403 nec
282 364 311 404 se
330 349 453 417 signans3
477 355 504 403 et
528 349 608 404 sumit
631 356 787 404 reverenter
808 363 842 404 ex
861 366 895 406 eo

94 421 253 489 particulam
270 419 375 475 hostiae
394 435 453 474 cum
466 420 539 476 vino.
563 421 608 488 23)
624 418 778 488 celebrans,
796 421 896 477 omissa

95 499 225 547 consueta
250 490 339 546 calicis
369 489 570 559 purificatione,
606 506 680 545 more
706 492 784 546 solito
811 492 894 549 abluit

97 562 195 631 digitos
214 577 296 630 super
320 561 429 616 calicem
448 578 508 616 cum
525 561 587 616 vino
608 568 634 616 et
652 577 730 629 aqua.
767 563 811 630 24)
831 563 894 618 Sur-

95 640 162 702 gunt
179 633 285 688 interim
299 648 400 703 omnes,
414 640 442 688 et
456 633 527 687 cerei
539 632 750 702 exstinguuntur.
780 633 824 702 25)
845 634 893 690 Ge·

93 704 210 774 lebrans,
236 711 342 773 sumpta
359 705 387 758 in
403 703 492 759 medio
511 703 654 773 ablutione,
678 705 786 758 calicem
804 703 894 776 tergit,

98 775 161 830 velo
184 791 269 845 parvo
288 775 364 843 nigro
383 776 517 844 cooperit,
537 782 617 843 atque
636 776 785 845 componit3
810 781 838 830 et
854 777 894 830 in-

97 847 219 916 clinatus,
237 847 359 902 manibus
377 847 474 903 iunctis
493 853 555 900 ante
568 852 670 915 pectus,
690 847 753 902 dicit
774 854 892 903 secreto:

98 918 178 990 Quod
194 933 239 972 ore
257 920 421 986 sumpsimus
440 925 490 972 etc.
527 920 572 986 26)
597 918 702 972 Primus
720 919 831 973 clericus
850 933 893 972 ca·

93 989 173 1043 licem
191 988 279 1043 defert
297 989 332 1042 ad
350 988 519 1044 credentiam.
556 988 600 1058 27)
620 989 764 1044 Celebrans
783 989 892 1045 descen·

95 1059 134 1114 dit
151 1061 180 1114 in
197 1060 305 1129 planum
331 1055 437 1129 altaris,
461 1067 489 1115 et
512 1059 584 1114 facta
609 1075 668 1114 cum
692 1059 794 1116 clericis
811 1075 893 1129 genu-

74 1194 76 1199 ,
95 1129 212 1186 flexione
231 1131 310 1198 cruci,
336 1138 464 1198 cooperto
483 1132 579 1200 capite,
603 1132 747 1188 reuertitur
764 1133 792 1186 in
811 1132 892 1188 sacri·

94 1203 182 1256 stiam.
200 1201 245 1269 28)
263 1201 304 1255 Ibi
323 1200 432 1268 deponit
449 1209 606 1269 paramenta
622 1203 747 1272 missalia,
767 1209 794 1259 et
812 1217 893 1272 super

95 1279 169 1328 cotta
186 1273 282 1339 accipit
300 1271 395 1326 stolam
414 1272 467 1327 albi
485 1272 590 1327 coloris.

105 1405 109 1414 .
131 1345 200 1395 Art.
219 1343 247 1395 6.
265 1344 314 1394 De
332 1344 456 1405 pyxidis
473 1345 672 1406 repositione.
693 1343 718 1413 1)
738 1343 891 1415 celebrans,

95 1412 273 1482 praecedente
291 1413 377 1480 primo
389 1413 485 1467 clerico
504 1429 564 1466 cum
581 1413 651 1482 velo,
670 1421 698 1470 et
711 1414 814 1470 duobus
833 1416 892 1470 aliis

95 1500 156 1538 cum
174 1484 272 1552 cereis,
301 1483 375 1537 vadit
393 1483 427 1538 ad
445 1484 580 1553 sacellum,
598 1485 643 1538 ubi
660 1486 738 1552 pyxis
755 1487 891 1542 remansit

94 1555 122 1625 2)
140 1554 226 1609 Facta
243 1552 429 1622 genuflexione
446 1555 475 1609 in
492 1555 581 1624 plano,
599 1554 753 1632 genuflectit
765 1557 793 1609 in
806 1557 891 1624 primo

95 1624 181 1695 gradu
198 1624 325 1695 inferiori,
345 1632 372 1680 et
385 1632 445 1680 orat
457 1641 609 1694 parumper.
642 1627 668 1696 3)
687 1625 785 1694 Surgit,
800 1643 892 1682 ascen·

94 1695 135 1751 dit
152 1696 247 1766 altare,
261 1697 352 1764 aperit
363 1697 508 1766 capsulam,
526 1695 688 1766 genuflectit,
707 1697 804 1765 accipit
816 1698 891 1767 pyxi-

97 1766 159 1822 dem
178 1775 205 1822 et
223 1783 282 1822 eam
301 1767 413 1822 collocat
431 1783 512 1837 super
530 1767 677 1837 corporale,
697 1775 724 1822 et
737 1769 833 1822 iterum
846 1783 891 1837 ge-

93 1837 223 1897 nuflectit.
242 1839 269 1908 4)
287 1839 460 1894 Descendens
477 1839 591 1907 primum
609 1838 720 1908 gradum
738 1838 893 1907 genuflectit

92 1911 122 1964 in
140 1910 322 1980 suppedaneo,
342 1917 369 1965 et
382 1910 478 1979 accipit
492 1926 508 1964 a
521 1910 607 1978 primo
626 1909 722 1965 elerico
738 1911 828 1964 velum
841 1926 891 1978 pro

8 2039 9 2051 ,
95 1981 222 2036 humeris.
256 1981 281 2049 6)
300 1981 429 2036 Ascendit
446 1981 480 2035 ad
499 1982 591 2050 altare,
610 1979 772 2050 genuflectit,
791 1989 820 2036 et
836 1997 891 2035 ma-

92 2052 171 2108 nibus
185 2051 281 2106 velatis
295 2052 391 2120 accipit
403 2051 537 2122 pyxidem,
557 2059 584 2107 et
602 2052 824 2121 praecedentibus
838 2053 890 2107 cle·

9 2137 10 2146 ¹
92 2124 156 2179 ricis
175 2139 234 2178 cum
252 2124 337 2178 cereis
351 2124 477 2192 accensis,
495 2129 617 2192 reportat
630 2123 763 2192 pyxidem,
782 2138 891 2179 servan·

93 2194 155 2250 dam
172 2195 201 2249 in
218 2194 391 2249 tabernaculo
409 2195 497 2263 posito
517 2210 599 2262 super
616 2195 700 2248 altare
719 2195 830 2250 alicuius
847 2209 890 2250 re·
994 2203 996 2208 '

93 2266 214 2321 motioris
229 2267 348 2334 capellae
362 2267 390 2319 in
404 2266 525 2334 ecclesia,
537 2266 582 2320 vel
595 2265 678 2334 (quod
691 2265 889 2335 congruentius)

94 2337 123 2391 in
147 2337 277 2392 sacristia.
321 2336 348 2406 6)
374 2337 480 2391 Debitis
504 2335 735 2405 genuflexionibus
763 2336 890 2405 pyxidem

93 2414 199 2475 servat3
227 2415 254 2463 et
278 2414 341 2463 ante
366 2423 426 2462 eam
449 2408 552 2475 lampas
577 2408 701 2463 continuo
725 2407 826 2462 ardeat.
846 2408 889 2478 ,7)

91 2477 223 2546 Reposita
239 2478 351 2548 pyxide,
375 2493 467 2534 omnes
493 2477 688 2548 genuflectunt,
714 2485 741 2533 st
759 2476 837 2534 datur
855 2479 889 2534 si·

91 2563 174 2616 gnum
186 2549 360 2605 meridianum
371 2549 543 2604 Salutationis
553 2550 696 2618 Angelicae
711 2565 770 2604 cum
780 2550 888 2605 crotalo.

92 2619 120 2688 8)
135 2617 255 2674 Tandem
267 2622 471 2691 exstinguuntur
485 2621 556 2675 cerei
572 2622 671 2690 altaris,
691 2627 718 2675 et
732 2621 820 2676 omnia
833 2620 889 2676 suis

10 2721 11 2738 .
92 2689 160 2745 locis
168 2697 347 2758 reportarem.
366 2693 392 2762 9)
405 2691 434 2746 Si
448 2699 537 2747 autem
550 2708 605 2746 non
619 2691 689 2747 adsit
701 2693 831 2760 sacristia,
845 2690 889 2746 vel

90 2759 337 2832 capellaremotior,
346 2769 376 2817 ut
386 2779 475 2832 supra,
482 2769 545 2818 tunc
553 2763 631 2832 pyxis
640 2769 778 2818 remaneat
786 2763 813 2816 in
820 2763 888 2832 loco,

90 2833 138 2889 ubi
148 2831 217 2888 calix
226 2834 359 2901 repositus
369 2841 435 2905 erat,
450 2841 478 2890 et
484 2834 588 2903 lampas
597 2835 801 2903 ardensiugiter
811 2832 888 2888 adsit
