2138 3226
273 180 385 228 Quaedam
396 191 437 230 pro
452 180 562 238 exercitlls
576 179 736 228 spiritualibus.
861 177 901 220 221

132 281 234 337 Eidem
252 281 371 350 praesidi
384 281 512 336 incumbit
526 288 604 349 aptos
624 281 786 336 constituere
805 281 901 337 officia·

95 354 146 418 les,
168 361 197 408 et
215 369 318 420 curare,
343 359 373 407 ut
395 351 492 421 singuli
510 369 572 408 suas
591 359 683 420 partes
701 367 780 420 quam
797 354 902 421 possint

97 425 302 480 adamatissime
321 424 455 492 expleant.
491 425 527 477 Hi
545 431 622 479 sunt:
954 487 955 492 ἵ

136 496 168 550 10
188 495 326 562 Oratores,
352 511 401 563 pro
426 495 551 552 laudibus
568 494 738 564 vespertinis,
762 495 901 563 Miserere,

96 567 197 620 Adoro
218 568 263 636 Te,
277 573 327 621 etc.
347 567 377 620 2⁰
389 566 521 634 Lectores,
536 566 711 634 admoneam,
725 582 775 634 pro
787 565 901 620 lectione

98 638 244 706 spirituali,
263 644 313 692 etc.
342 638 372 692 3⁰
391 637 444 704 Qui
461 638 489 691 in
508 636 599 692 Officio
618 644 708 692 canat
725 637 769 690 vol
786 637 901 705 psalmo·

98 709 159 762 diat
180 709 260 764 Deae
285 711 316 762 irc
341 709 517 776 adiutorium,
543 708 672 777 Capitale
697 715 724 764 et
750 707 901 762 Orationes.

99 781 131 833 4⁰
141 780 196 846 Qui
205 780 324 848 singulas
333 780 473 834 Lectiones
479 780 605 834 Matutini
617 780 717 848 legant.
723 780 753 836 5⁰
761 779 815 850 Qui
823 779 901 832 Mar-

98 852 264 920 tyrolopr'am
291 852 364 919 legat
387 852 415 905 in
439 850 539 920 Officio,
565 851 611 920 qui
634 851 781 905 linearium
798 851 901 918 recitet,

100 923 146 989 qui
160 923 291 977 Isr'toar'os
308 923 481 990 oeepmc'aoe,
501 929 551 976 eto.
584 922 613 976 6⁰
632 922 688 992 Qui
704 923 781 978 statis
798 928 901 990 tempo-

98 994 184 1062 ribus,
216 993 297 1060 idque
324 992 486 1062 fidelissime,
514 993 549 1048 ad
576 993 651 1048 varia
676 993 730 1048 diei
763 993 899 1061 exercitia,

99 1065 178 1120 iuxta
202 1065 397 1133 praescriptum
416 1064 544 1133 ordinem,
566 1066 672 1134 aprum
691 1065 736 1119 det
761 1080 899 1133 campana.

100 1135 131 1188 70
152 1136 208 1206 Qaa'
225 1143 288 1204 agat
305 1136 452 1202 aedituum,
472 1136 517 1203 qui
534 1136 623 1204 pulset
641 1152 753 1206 orpora,
772 1143 822 1190 etc.

136 1207 274 1262 Monita
292 1223 354 1274 pro
378 1207 585 1262 lectoribus.
623 1207 652 1260 1⁰
668 1208 761 1262 Vitent
780 1206 900 1262 deiectus

99 1279 334 1346 pronuntiationis,
366 1279 411 1345 qui
436 1278 572 1333 auditores
597 1277 746 1333 distrahere
777 1278 900 1333 debcant.

100 1351 130 1402 2⁰
149 1349 214 1403 Alta
229 1351 298 1405 satis
316 1365 383 1404 voce
402 1365 433 1403 ac
451 1349 610 1418 intelligibili
626 1350 725 1418 legant.
758 1351 788 1403 3⁰
805 1349 901 1417 Neque

99 1420 173 1475 lente
191 1421 310 1489 nimium,
328 1435 415 1489 neque
433 1421 542 1474 nimium
561 1421 622 1478 cito.

135 1492 274 1546 Monita
291 1507 353 1560 pro
372 1492 591 1546 cantoribus.
621 1492 650 1544 10
666 1492 767 1545 Vocem
785 1490 899 1559 plenam,

100 1570 230 1630 quantum
243 1562 303 1617 fieri
316 1569 414 1631 potest,
429 1577 605 1631 canoramque
617 1562 742 1630 habeant,
754 1568 781 1615 et
794 1568 900 1615 cantum

100 1634 263 1689 sufficienter
280 1635 411 1688 noverint.
430 1635 461 1686 20
473 1635 568 1702 Lente,
584 1635 630 1701 pie
649 1639 676 1686 et
694 1649 754 1686 oum
773 1631 901 1700 dignitate

101 1713 210 1760 cenare
230 1713 257 1759 et
274 1704 452 1772 psalmodiam
467 1713 603 1760 conentur.
623 1705 653 1758 3⁰
665 1704 778 1758 Praeter
791 1709 897 1757 cantum

102 1777 257 1844 solemnem,
274 1777 302 1830 in
321 1776 454 1832 exercitiis
471 1775 531 1830 fieri
549 1775 663 1843 solitum,
687 1775 753 1843 ipsis
770 1773 898 1828 incumbit

100 1847 280 1916 psalmodiare
305 1847 332 1900 in
359 1846 450 1902 Officio
474 1847 573 1909 divino,
599 1853 630 1902 ut
648 1847 781 1914 sequitur:
819 1845 848 1900 1⁰
865 1845 898 1898 ln

100 1919 243 1986 Matutino,
262 1918 399 1974 Laudibus
418 1926 445 1974 et
461 1919 590 1986 Vesperis
608 1919 772 1987 praecinere,
791 1931 840 1971 seu
857 1917 896 1970 in-

100 1997 194 2044 tonare
227 1990 434 2057 uniuscuiusque
465 1990 566 2046 Psalmi
588 1990 702 2057 primum
728 1988 897 2055 versiculum,

102 2077 186 2129 usque
206 2060 241 2113 ad
259 2061 416 2115 asteriscum
428 2061 484 2116 sire
499 2077 625 2130 pausam;
643 2061 707 2114 item
716 2059 898 2127 Antiphonem

102 2133 180 2200 primi
196 2132 297 2186 Psalmi
316 2133 443 2198 cuiusque
466 2131 605 2187 Nocturni.
641 2132 671 2184 2⁰
693 2132 724 2184 In
750 2131 808 2186 aliis
824 2130 899 2186 horis

104 2204 197 2258 eodem
211 2202 290 2256 modo
304 2203 425 2257 intonare
439 2205 553 2271 primum
569 2202 704 2257 Psalmum
723 2209 750 2256 et
767 2202 899 2270 Antipho·

102 2291 177 2399 lilim·
198 2273 228 2398 δῖ)
245 2275 404 2329 Praecinere
423 2277 479 2330 sive
497 2275 655 2343 praelegere
672 2274 900 2342 Responsoriaet

127 2361 263 2401 ersrcuos.

136 2417 276 2471 Monita
294 2432 359 2484 pro
378 2416 553 2474 omnibus.
589 2414 737 2470 Attendant
762 2415 791 2468 10
808 2420 839 2468 ut
857 2429 899 2467 ao-

104 2495 192 2544 curate
211 2488 239 2540 in
262 2487 373 2542 dicendo
397 2486 488 2541 Officio
507 2494 615 2542 servent
632 2502 743 2555 pausam
757 2485 792 2539 ad
806 2484 899 2540 asteri-

105 2575 182 2616 scum.
202 2558 234 2612 2⁰
245 2559 283 2614 Ut
295 2574 349 2612 una
363 2575 426 2626 pars
445 2559 520 2612 chori
537 2574 590 2612 non
607 2559 717 2625 incipiat
732 2557 899 2612 Psalmorum

106 2629 259 2696 versiculos,
285 2637 427 2696 antequam
453 2630 538 2683 altera
561 2645 625 2697 pars
653 2629 728 2682 chori
746 2626 898 2682 absolverit.

107 2701 133 2754 3⁰
150 2701 187 2756 Ut
211 2717 266 2755 uon
290 2702 395 2769 cursim,
424 2700 559 2755 sedeam
587 2701 688 2768 pietate
714 2705 741 2753 et
767 2698 898 2766 gramme

105 2771 287 2841 psalmodient.
