2128 3228
314 181 372 222 Ordo
386 183 414 222 ad
427 183 549 222 antander
562 184 685 232 parochias.
858 181 899 224 2⁰¹1

105 297 165 338 oum
183 297 264 351 grege
283 282 334 338 sibi
352 281 453 337 credito
471 281 611 349 perveniat
628 282 823 350 sempiternam.
847 284 901 338 Per

103 353 238 408 Christum
255 354 399 408 Dominum
416 360 545 410 noemam
563 381 595 392 -
615 353 650 408 It
668 353 763 412 Amen.

252 502 288 549 12.
308 503 379 550 Ordo
393 503 427 548 ad
439 503 586 548 ammon
599 503 748 560 paroentes.

343 585 387 632 (Ex
401 584 525 624 Pontissoali
539 585 654 633 nomm.)

139 663 269 729 Pontifex
285 662 446 716 visitaturos
464 661 603 716 dioecesim
624 667 649 715 et
662 661 810 730 parochias
826 677 899 731 suas,

103 750 164 788 onrn
183 734 220 786 ad
233 735 369 788 civitatem
384 749 431 786 sea
444 733 548 802 oppida
561 749 627 786 snae
640 733 766 786 dioecesis
773 749 900 801 perrene-

102 807 148 872 rit,
167 806 297 873 recipitne·
308 805 541 872 processionaliter
554 819 584 858 eo
598 805 701 870 ordine,
716 810 801 874 prout
813 820 899 872 snpra

103 877 133 931 in
150 877 299 944 receptione
316 877 441 930 Praelati
463 891 510 929 sea
527 875 626 945 Lepati
652 875 753 928 dictam
771 881 825 943 est5
850 877 900 930 doc

102 947 159 1002 solo
179 947 292 1015 dempto,
317 946 389 1016 quod
406 947 463 1000 loco
483 945 621 1001 Orationis
639 946 813 1013 Omnipotens
831 961 899 1001 sem·

103 1019 208 1087 piteme
232 1018 322 1086 Deua,
351 1017 396 1086 qui
421 1016 487 1072 facis
511 1018 642 1072 mirabilia
665 1033 763 1086 magna
788 1023 834 1072 etc.
852 1034 900 1072 sea

103 1089 179 1144 Deus
194 1089 310 1142 omnium
324 1094 380 1156 etc,
398 1090 457 1164 apso
471 1088 599 1142 Praelata
618 1095 680 1142 ante
698 1090 784 1144 altare
801 1090 831 1142 in
846 1090 900 1156 fal-

55 1161 67 1184 ⁰
105 1160 218 1214 diatono
234 1175 325 1228 penna
340 1157 465 1227 decante,
433 1160 584 1213 tdieitnr
600 1175 711 1243 sepiens
731 1160 833 1218 Oratio.

143 1229 261 1284 Oremns.
296 1230 379 1298 Deus,
405 1230 543 1286 humilium
560 1231 697 1300 visitator,
723 1232 768 1314 qui
787 1246 834 1286 eos
852 1246 899 1300 pa·

105 1307 183 1356 terna
202 1299 342 1354 dilectione
361 1301 522 1368 consolaria3
549 1301 695 1384 praetende
714 1303 835 1357 societati
852 1318 900 1357 no·

105 1376 178 1426 atrae
197 1373 309 1440 gratiam
326 1378 407 1439 tuam,
432 1378 463 1425 ut
480 1387 530 1439 per
547 1387 603 1441 eos,
626 1372 655 1426 in
673 1373 768 1440 quibus
785 1374 900 1443 habitas,

105 1443 206 1496 inum
198 1459 226 1496 m
243 1443 321 1497 nobis
339 1443 484 1497 sentamue
507 1442 658 1501 adventum
694 1444 748 1498 Per
766 1444 900 1500 Christum

104 1513 248 1576 Dominum
265 1520 446 1568 nostrum-
464 1513 499 1568 Β.
517 1513 612 1568 Amtn

142 1584 203 1667 Qua
218 1585 313 1651 linita,
338 1585 466 1651 Pontifex
488 1600 552 1654 serp
553 1601 599 1638 ena
621 1584 742 1638 ascendit
759 1584 796 1638 ad
814 1585 901 1639 altore

103 1657 205 1724 nenias,
231 1656 418 1724 osenlatarqne
441 1655 548 1708 illnd'
535 1673 566 1709 in
588 1655 676 1709 medio
695 1661 720 1709 et
737 1655 836 1709 ibidem
849 1671 900 1724 po·

99 1727 169 1796 potr
187 1727 337 1780 solemniter
355 1726 492 1780 benedicit

140 1797 255 1865 Deinde,
273 1799 343 1851 ael
331 1814 361 1851 in
376 1797 463 1852 medio
477 1798 588 1864 Missae,
606 1812 699 1851 anans
716 1796 754 1850 ad
766 1796 901 1864 popnlnrn
941 1820 944 1829 s

103 1868 205 1936 sedens,
220 1869 466 1938 proponitpopnlo
480 1883 578 1922 caesas
591 1868 730 1934 adventas
750 1867 820 1936 sne1)
835 1869 902 1950 qnia

11 1993 12 2000 ,
102 1955 137 1994 ss.
157 1955 273 1994 canones
295 1945 320 1993 et
342 1939 534 1994 ecclesiasticas
558 1939 625 1994 ordo
649 1939 698 1992 loc
714 1937 777 2005 lieri
793 1940 902 2007 praeci·

102 2011 186 2080 piant
197 2016 312 2080 propter
329 2011 422 2069 innita
429 2012 450 2080 ²)

140 2083 169 2136 1⁰
186 2083 234 2137 Ad
251 2081 426 2138 absolvendas
445 2082 551 2134 animas
570 2079 763 2147 defunctoriam.

138 2154 169 2207 2⁰
190 2153 226 2209 Ut
215 2154 311 2208 tsoiat
328 2159 352 2206 et
369 2151 474 2220 videat,
501 2152 616 2220 qualiter
641 2152 779 2206 ecclesia'
767 2168 828 2222 epora
846 2153 900 2222 spi·

103 2225 240 2280 ritualiter
264 2229 289 2279 et
311 2223 492 2292 temporaliter
515 2223 692 2294 pnoernetar5
719 2221 850 2292 quomodo
873 2239 901 2276 sc

117 2389 139 2443 ¹)
154 2391 199 2432 Cir.
213 2393 277 2434 cono.
293 2390 350 2430 Trid.
365 2389 420 2430 Sese.
435 2385 469 2428 ei.
484 2388 510 2428 da
524 2389 611 2430 reform.
625 2397 672 2436 cap
686 2383 705 2428 3.

116 2455 297 2510 ²)Qnaaationoa
320 2457 344 2496 in
363 2455 532 2495 visitationibus
550 2453 687 2502 indagandae
712 2453 750 2495 cir
769 2452 819 2502 Syn
838 2463 900 2504 prov.

156 2527 190 2564 Ru
191 2525 307 2564 thanorum
321 2533 379 2563 anno
393 2517 454 2562 1720.
468 2521 545 2560 habita
558 2521 581 2560 in
595 2521 683 2560 civitate
697 2520 822 2558 Zamarotae
837 2519 899 2570 (pag.

156 2583 212 2636 159.)
238 2590 320 2628 Romae
333 2584 394 2626 1838.
424 2587 500 2636 (Typir
519 2585 539 2627 Β,
555 2585 634 2634 congr.
649 2586 676 2624 da
689 2595 751 2634 prop.
765 2584 825 2632 fide.)
849 2585 899 2626 aia.

156 2655 204 2694 Ant.
230 2654 305 2702 Birta:
334 2653 481 2693 Diractortnm
500 2651 645 2692 visitatorum
676 2661 702 2690 aa
729 2649 899 2692 visitandorum.

100 2741 104 2751 ·
156 2719 239 2758 Romae
258 2715 318 2758 159³.
353 2717 453 2758 Geram:
476 2717 554 2756 Prsxir
577 2715 738 2764 compendiaria
760 2714 900 2755 visitationis

155 2783 293 2832 Episcopatu
313 2783 347 2833 (tn
365 2785 425 2823 tomo
439 2782 482 2822 ΠΙ.
497 2781 602 2822 anu-uri
616 2791 671 2824 nar.
684 2781 782 2822 Bitunia.
797 2779 830 2822 ad.
843 2778 899 2828 Ans.

156 2849 219 2890 vina
234 2845 313 2900 ΠΜ).
