2128 3228
166 166 205 212 tat
273 192 275 196 .
317 171 349 210 lle
362 171 493 220 quibusdam
507 169 557 209 allls
571 169 710 209 sacerdotum
723 169 807 214 ciliciis,

73 307 75 312 .
166 277 253 326 mmur
279 277 329 326 etc.
357 270 502 340 usquead
518 270 608 326 finem.
644 271 671 340 4)
694 269 825 340 Deind01)
850 270 969 339 imponit

167 343 270 398 cineres
285 343 405 398 omnibus
420 342 453 396 de
467 344 547 412 clero,
567 342 703 411 dispositis
716 357 798 410 super
811 354 886 395 oram
900 357 968 411 sup-

163 413 286 483 pedanei,
313 421 340 468 et
358 414 462 482 dignior
481 414 532 469 erit
549 415 696 482 proximior
713 412 835 468 adlatus
852 412 968 481 Episto-

166 485 218 554 lae,
237 485 343 540 dicens:
361 486 496 540 Memento
514 491 564 540 etc.
601 485 628 555 5)
654 484 806 553 Celebrans,
830 482 905 538 facta
921 499 968 539 re·

165 557 286 611 verentia
304 556 397 624 altari,
428 556 532 611 medius
557 556 628 611 inter
645 555 790 611 secundum
808 561 836 609 et
853 556 968 610 tertium

164 627 298 697 clericum,
317 627 419 682 accedit
437 627 472 681 ad
490 627 622 682 cancellos
640 627 799 696 presbyterii
817 641 832 680 e
850 641 881 680 re
902 627 967 682 'one

163 699 311 767 Epistulae,
331 704 359 753 et
371 699 483 767 imponit
496 698 599 753 cineres
612 699 699 771 primo
712 697 794 768 viris,
813 696 875 751 dein
895 697 966 753 efe-

162 770 249 825 minis.
281 770 308 839 6)
327 770 466 838 Completa
482 769 660 839 impositione,
679 769 817 824 celebrans
833 769 863 822 in
879 769 966 837 plano

162 841 312 910 Epistulae,
329 841 541 896 ministrantibus
559 841 670 910 clericis,
698 841 772 895 lavat
788 855 883 894 manus
902 857 966 895 cnm

162 913 232 966 mica
249 913 334 981 panis,
353 919 381 967 et
398 913 486 980 tergit.
515 912 541 981 7)
559 911 664 966 Deinde
678 911 798 967 ascendit
811 911 897 965 altare
913 927 966 980 per

162 984 325 1052 longiorem,
352 991 379 1038 et
403 982 475 1038 iacta
491 982 645 1038 reverentia
667 983 695 1036 in
713 982 801 1038 medio
820 983 910 1050 pergit
928 983 965 1038 sd

163 1054 234 1109 latus
251 1054 399 1122 Epistulae.
436 1054 462 1123 8)
490 1053 592 1109 Ibidem
617 1053 686 1108 facie
714 1054 749 1108 ad
772 1054 857 1108 altare
882 1069 965 1110 versa

166 1123 230 1179 dicit
246 1125 368 1180 menibus
387 1125 498 1180 iunctis:
516 1125 653 1179 Dominus
670 1125 819 1194 cubemus,
848 1131 876 1179 et
895 1123 963 1180 Ors-

162 1196 277 1250 ticncm:
295 1195 415 1250 Concede
426 1197 511 1264 nobee,
524 1197 642 1251 Domine
656 1203 721 1265 etc.;
738 1204 766 1252 et
778 1195 851 1252 facta
860 1195 964 1251 ibidem

160 1266 312 1321 reverentia
330 1267 421 1336 altari,
439 1267 577 1324 descendit
595 1267 630 1322 ad
647 1269 755 1336 planum
775 1267 926 1336 Epistolae.

195 1341 263 1390 Ast
281 1339 310 1393 4.
329 1341 376 1392 De
395 1340 509 1393 Missa:
543 1339 568 1408 1)
587 1339 732 1394 celebrans
750 1340 778 1393 in
795 1339 876 1407 plano
895 1339 962 1407 Epi·

160 1409 246 1463 stolac
270 1423 356 1478 prope
380 1409 539 1479 scabellum,
568 1409 755 1464 adiuvantibus
782 1409 838 1465 suis
857 1409 962 1465 clericis

160 1479 270 1550 deponit
287 1480 413 1550 pluviale,
438 1489 466 1535 et
484 1481 580 1549 accipit
597 1481 760 1549 manipulum
779 1487 807 1535 et
823 1481 962 1548 planetam

160 1558 188 1607 et
213 1551 289 1607 sedet
313 1553 512 1620 aliquantulum.
550 1553 576 1622 2)
599 1553 709 1606 Interim
727 1552 828 1620 primus
847 1552 962 1608 clericus

160 1622 248 1678 defert
266 1623 373 1678 calicem
399 1622 434 1677 ad
452 1623 549 1692 altare,
580 1629 609 1679 et
630 1638 750 1691 expanso
773 1623 910 1692 corporali
932 1623 961 1678 in

161 1695 249 1750 medio
268 1695 334 1762 eius,
353 1701 429 1762 aptat
442 1695 551 1749 calicem
565 1709 647 1764 super
660 1694 734 1749 illud.
767 1694 793 1763 3)
813 1693 961 1750 Celebrant

160 1765 281 1834 procedit
299 1765 334 1820 ad
351 1765 478 1835 Missam,
505 1766 533 1820 in
552 1781 605 1834 qua
623 1766 726 1835 omnia,
753 1766 829 1820 utin
846 1765 961 1821 Missal'a

161 1838 187 1906 4)
206 1838 278 1892 Dum
296 1837 391 1892 dicitnr
410 1835 575 1904 Commutato,
602 1838 703 1905 primus
722 1837 834 1892 clericus
853 1843 962 1892 amovet

161 1909 270 1963 calicem
288 1908 322 1962 ab
340 1908 426 1977 altari,
445 1915 474 1963 et
491 1906 578 1963 defert
591 1907 626 1962 ad
640 1907 810 1963 credentiam.
839 1909 867 1976 5)
881 1907 961 1963 Com·
1049 1957 1050 1968 ,

162 1979 237 2048 pieta
249 1979 372 2048 Missa,²)
393 1979 531 2035 celebrans
542 1980 629 2048 redit,
647 1979 870 2048 praecedentibus
883 1979 961 2034 cleri·

162 2050 208 2119 cis,
227 2050 348 2104 manibus
365 2051 470 2121 iunctis,
488 2051 517 2104 in
530 2051 686 2120 sacristiam,
704 2051 750 2105 ubi
768 2050 899 2118 depositis
912 2066 960 2119 ps·

160 2122 287 2177 ramentis
305 2121 456 2177 missalibus
469 2121 529 2176 Deo
543 2123 644 2191 mades
660 2122 723 2190 agit.
760 2123 787 2190 6)
806 2121 904 2176 Clerici
916 2137 959 2177 re·

97 2194 100 2203 ’
160 2199 270 2261 portant
287 2193 376 2247 omnis
393 2193 421 2246 in
439 2193 586 2248 sacristiam
605 2200 633 2248 et
649 2191 806 2249 recondunt.

209 2294 254 2349 tlt.
284 2294 324 2348 lle
343 2293 384 2364 lis,
403 2307 473 2363 quse
492 2292 668 2348 observanda
686 2294 750 2348 sunt
769 2291 913 2347 Dominio·

464 2361 657 2433 sarmarum)

191 2449 260 2503 Art
273 2449 295 2505 1.
313 2449 361 2500 Dc
379 2449 605 2512 praeparandis
624 2449 674 2508 iis,
692 2459 773 2510 quae
790 2445 832 2496 ad
850 2457 957 2498 sacras

158 2521 299 2572 cotiones
327 2521 422 2572 basius
451 2519 635 2572 Dominlcse
666 2519 844 2570 necessarie
872 2519 957 2569 sunt.

156 2603 316 2616 —

176 2631 197 2681 ι)
212 2632 305 2674 Detecto
319 2634 397 2682 csptte.
420 2633 448 2684 (d.
463 2635 490 2675 B.
505 2633 527 2674 (1.
542 2633 574 2674 18.
589 2633 646 2674 Jsttt
659 2631 730 2684 1086.)

172 2681 194 2736 ²)
208 2687 283 2727 blatta
297 2686 365 2726 att-ss
376 2689 462 2738 musto
474 2691 548 2738 potest
561 2688 677 2736 sacerdos,
698 2686 766 2728 sacrls
784 2685 875 2726 indutus
892 2695 957 2735 pars·
1047 2687 1048 2713 l

211 2739 290 2779 mentis
308 2739 392 2780 cineres
415 2741 558 2792 distribuere,
582 2751 626 2780 non
645 2743 719 2780 tamen
736 2739 823 2780 slblmet
839 2739 957 2790 imponere.

211 2792 241 2840 (fl.
256 2793 281 2831 ll.
296 2792 317 2834 0.
332 2791 363 2838 ld,
378 2793 455 2834 Morts't
468 2793 542 2843 1811.)

170 2841 193 2895 ⁸)
209 2847 243 2886 An
258 2844 381 2885 mnettoms
399 2856 475 2888 omncs
494 2847 644 2889 bebdomsdse
661 2849 752 2889 unctae
770 2847 816 2888 sint
828 2846 855 2887 de
871 2845 957 2887 lusibus
1046 2837 1047 2844 ’
