2130 3242
349 191 382 231 De
395 189 538 230 emanente
548 190 665 240 esposse.
864 185 907 231 888

142 291 177 346 N.
196 291 342 361 Ingredere
358 292 387 346 in
404 293 533 362 templum
550 293 611 362 Dei,
636 299 668 348 ut
683 291 786 348 hebees
804 301 908 363 purtem

107 379 167 419 oum
186 363 294 418 Christo
312 364 340 416 in
357 365 439 419 vitum
457 371 602 418 ueternum.
639 364 674 418 R.
693 364 787 418 Amen.

144 439 186 489 11.
209 433 390 501 Confirmet
402 435 539 490 ecelesiam
554 437 677 505 myraei,
704 435 830 490 socerdoe
842 451 908 504 pro·

107 506 207 631 order}
216 505 255 559 od
266 507 367 573 fontem
377 521 437 560 uter
445 507 643 576 memmius
656 508 819 562 omionotm
833 508 909 560 otoro

106 593 169 632 oete
207 577 268 632 iot't:

143 647 232 704 Credo
246 648 274 701 in
283 647 379 716 Deum,
397 645 505 704 rerem
519 649 737 718 ommpotenm,
753 648 909 703 Creatorem

107 720 175 774 coeli
195 726 223 774 et
239 726 337 773 terrae.
355 721 393 774 Et
409 720 438 773 in
455 720 548 776 Jesum
566 720 708 790 Christum,
734 720 832 774 Filium
851 719 908 774 eius

12 799 14 858 j
105 792 222 860 unicum,
246 790 389 844 Dominum
413 799 542 859 nostrum,
568 792 613 860 qui
637 799 783 861 conceptue
808 797 849 845 est
875 790 908 844 de

107 861 212 930 Spiritu
230 866 331 932 semoto,
349 869 428 916 netus
447 877 481 916 ex
492 863 580 916 Murio
598 863 717 933 Virgine,
742 878 840 932 pessus
858 861 907 916 sub

105 931 205 988 Pontio
222 932 319 1000 Pilato,
338 932 486 1002 crucifixus,
505 940 635 1004 mortuus,
662 944 689 990 et
707 935 843 1004 sepultus,
863 932 909 987 de-

106 1003 213 1060 seendit
230 1002 265 1057 ed
282 1003 390 1073 inferos,
415 1005 495 1059 tertio
519 1005 562 1060 die
587 1008 736 1061 resurrexit
754 1022 770 1060 e
787 1005 908 1074 mortuis,

107 1074 229 1130 escendit
254 1074 289 1128 ed
314 1075 412 1146 coelos,
435 1075 511 1130 sedet
529 1075 565 1130 ed
583 1076 720 1132 dexteram
744 1077 797 1131 Dei
820 1076 909 1131 Petris

107 1147 313 1215 omnipotentis,
339 1147 401 1201 indo
424 1154 554 1202 venturus
581 1155 623 1203 est
647 1147 766 1202 indicere
785 1147 862 1203 vivos
882 1154 910 1202 et

107 1226 239 1272 mortuos.
258 1217 345 1272 Credo
363 1219 391 1272 in
410 1217 538 1287 Spiritum
547 1227 675 1288 sonetum,
694 1227 812 1276 senotem
825 1219 909 1273 eoele-

107 1290 174 1344 siem
189 1288 354 1358 oetholioem,
369 1289 527 1344 Sanctorum
543 1291 761 1360 communionem,
774 1291 909 1346 remissio·

106 1375 167 1415 nem
177 1367 357 1485 uentorum,
377 1361 463 1416 ooruis
473 1361 705 1431 resurrectionem,
722 1363 808 1417 vitem
822 1367 909 1416 eeter-

106 1447 178 1487 num.
266 1445 308 1486 en.

143 1503 227 1557 Peter
244 1509 345 1572 noster,
363 1502 409 1570 qui
427 1517 457 1556 es
475 1502 603 1570 incoelis,
623 1501 910 1558 senodfioeturnomen

108 1579 192 1643 tuum,
212 1572 337 1628 adveniat
354 1589 465 1642 regnum
483 1580 566 1642 tuum,
584 1572 632 1628 fiet
648 1574 773 1628 volentes
791 1582 847 1643 tue,
875 1575 909 1630 si·

109 1646 201 1700 tutin
219 1645 303 1713 coelo,
322 1651 350 1699 et
367 1646 396 1698 in
413 1651 494 1699 terre.
520 1645 622 1699 Panem
641 1652 760 1700 nostrum
779 1643 910 1712 quotidie·

109 1731 173 1771 num
193 1716 229 1770 de
246 1715 324 1770 nobis
341 1716 431 1784 hodie,
450 1723 477 1770 et
495 1715 597 1770 dimitte
615 1716 691 1771 nobis
710 1715 910 1785 debitenostrm
993 1721 998 1734 “

109 1788 179 1842 siout
197 1793 225 1841 et
245 1803 296 1842 nos
323 1787 477 1842 dimittimus
502 1785 666 1842 debitoribus
691 1787 799 1858 nostris,
824 1794 851 1841 et
876 1801 910 1840 ne

108 1875 158 1914 nos
177 1858 289 1913 induces
306 1859 534 1928 intentationem,
559 1857 608 1914 sed
626 1859 711 1913 libere
728 1874 778 1914 nos
797 1875 814 1912 e
830 1857 910 1915 melo.

106 1930 249 2085 ΑἳὲῗἈο
262 2000 367 2068 ostes,
379 2005 525 2070 aemorum
538 1999 650 2056 ardedat
663 2001 701 2055 od
715 2000 910 2070 hermerium,

108 2071 330 2200 dwffrr'orcemos.
348 2143 482 2198 Exoroieo
495 2150 531 2212 te,
545 2143 632 2198 omnis
645 2143 754 2212 spiritus
768 2139 911 2211 immunde,

109 2213 138 2268 in
155 2214 262 2268 nomine
280 2215 332 2268 Dei
351 2214 442 2268 Putris
458 2215 648 2283 omnipotentis
667 2217 693 2283 †,
714 2215 787 2268 etin
804 2214 911 2268 nomine

108 2285 177 2341 Jesu
196 2285 305 2354 Christi,
324 2285 396 2339 Filii·
407 2286 473 2355 eius,
492 2285 601 2340 Domini
620 2292 648 2340 et
665 2286 683 2340 J
685 2284 769 2340 udicis
786 2284 872 2340 nostri
885 2287 911 2353 †,

112 2363 140 2412 et
157 2357 186 2410 iu
204 2357 303 2411 virtute
322 2356 437 2425 Spiritus
456 2357 540 2411 suncti
558 2360 585 2426 †,
604 2364 635 2411 ut
653 2356 775 2412 discedes
801 2356 834 2410 eb
860 2355 912 2409 hoo

109 2427 242 2497 plesmete
260 2428 313 2482 Dei
321 2427 366 2498 N,
385 2426 457 2495 quod
470 2428 600 2484 Dominus
619 2435 713 2483 noster
731 2427 766 2482 ed
783 2426 912 2495 templum

110 2506 232 2555 sonetum
250 2515 327 2554 suum
344 2513 442 2553 vocare
461 2498 584 2568 dignutus
603 2507 652 2568 est,
671 2505 702 2553 ut
719 2498 767 2554 fiet
783 2496 911 2566 templum

110 2569 164 2625 Dei
182 2571 245 2638 vivi,
265 2577 292 2624 et
302 2569 417 2638 Spiritus
428 2579 536 2625 sanetus
549 2570 652 2625 habitet
669 2571 697 2624 in
715 2585 756 2625 eo.
775 2569 829 2624 Per
848 2583 912 2623 eun·

111 2641 174 2696 dem
193 2641 327 2696 Christum
344 2641 487 2696 Dominum
505 2649 634 2710 nostrum,
660 2641 706 2710 qui
723 2647 852 2694 venturus
871 2644 913 2692 est

109 2712 230 2768 iudicem
248 2713 324 2768 vivos
343 2719 371 2768 et
387 2719 516 2782 mortuos,
543 2719 571 2767 et
595 2713 731 2768 soeculum
748 2725 798 2780 per
814 2711 911 2778 ignem.

146 2784 458 2910 11³e.A1¹3¹0⁹s¹t¹e³asaserror
475 2855 561 2926 roeo
575 2854 693 2924 meoet
711 2852 841 2907 mearet
858 2851 914 2906 ons
