2130 3242
143 164 185 206 488
320 166 352 205 De
366 165 556 208 sputamentorum
570 164 766 206 administratione.

143 276 241 338 tatum,
270 269 333 336 quie
351 275 413 324 sunt
431 268 593 336 gravamus.
629 266 769 321 Ordinarie
788 266 816 320 ιι
833 263 947 334 iubilaei

143 339 314 396 confessariis
333 339 442 394 concedi
461 340 530 394 solet
548 337 715 408 quadruplex
732 336 861 392 facultas:

104 459 108 467 ,
182 416 212 465 1ι
233 411 398 495 Alpoloeodc‘
414 427 433 464 c
458 411 665 479 caducumque
688 411 821 476 cerneres,
850 409 947 464 eirea

143 483 216 552 iure,
248 484 305 538 sive
323 483 357 538 ab
375 482 497 550 homine,
522 481 617 549 quovis
640 481 720 535 modo
746 486 773 534 et
796 495 831 534 ex
849 481 947 548 quavis

145 554 314 622 causantis,
334 554 414 607 etiam
432 553 551 607 locorum
570 551 725 620 Ordinariis,
743 567 792 606 seu
805 551 898 619 Papae
918 559 948 607 et

145 625 209 680 Sedi
219 625 391 693 Apostolicae
405 632 432 678 et
446 625 512 679 alias
523 623 769 708 quomodocumque
782 623 946 691 reservatis3

145 697 206 766 (hoc
233 697 348 750 habetur
373 710 499 764 expresse
525 697 554 749 in
580 695 659 748 Bulla
683 710 732 763 pro
757 693 874 748 iubilaeo
901 694 948 749 edi

147 768 252 836 solita);
270 767 356 821 forma
374 767 552 821 absolutionis
568 767 699 820 communi
714 765 842 820 utendum
856 772 907 823 est.

181 843 212 892 2a
233 837 398 892 nosocomia·
416 853 435 890 c
453 838 660 906 qualescumque
668 837 686 906 1)
702 837 837 904 peccatis,
864 837 949 891 etiam

145 909 208 964 Sedi
226 910 407 978 Apostolicae,
435 916 481 962 eut
506 909 573 964 alias
592 907 839 977 quomodocumque
857 922 947 962 reser-

91 1031 96 1040 ,
143 981 227 1048 vatis3
246 981 327 1034 etiam
345 996 362 1034 a
378 981 496 1048 peccatis
509 981 646 1048 Episcopo
664 979 819 1048 reservatis,
840 979 948 1034 etiamsi

144 1050 172 1106 id
189 1067 245 1105 non
263 1051 435 1118 exprimatur
467 1051 530 1106 Non
547 1067 611 1106 vero
631 1050 710 1106 datur
724 1049 838 1112 facultas
856 1051 948 1105 absol·

144 1121 224 1176 vendi
243 1121 405 1190 complicem.

181 1195 212 1246 3a
234 1192 423 1266 Dispcascudc'
446 1193 480 1246 ab
504 1193 705 1262 irrepaloriiote
723 1193 847 1260 condic-3
875 1208 948 1276 quae

144 1271 234 1321 tamen
252 1263 364 1325 facultas
389 1272 431 1318 est
455 1271 558 1319 tantum
578 1263 750 1332 dispensandi
775 1263 845 1318 ab''
827 1280 861 1318 ns
880 1265 948 1320 irre·

145 1335 271 1404 galeritat
272 1336 339 1405 ibus,
358 1350 427 1418 quae
446 1335 480 1390 ob
493 1351 622 1391 censurae
636 1335 828 1390 violationem
821 1351 948 1390 incursae

145 1413 208 1462 sunt
226 1406 261 1460 ad
279 1407 435 1461 exercitium
453 1407 576 1461 ordinum
594 1414 622 1462 et
640 1405 677 1465 ad
693 1407 889 1461 assecutionem
903 1423 948 1462 su·

165 1477 281 1532 eriorum
300 1477 430 1532 ordinum.

180 1552 213 1602 4a
235 1549 427 1604 Commatondi
439 1553 503 1602 coto
520 1549 620 1616 omnic,
640 1547 760 1616 exceptis
778 1547 849 1602 votis
868 1549 950 1623 casii·

144 1621 208 1675 taiis
227 1627 254 1675 et
272 1621 423 1690 religionis,
451 1620 530 1676 modo
557 1619 645 1676 adsint
673 1619 839 1674 conditiones
865 1619 952 1688 supra

146 1692 254 1762 (pagiua
272 1695 334 1746 433.
353 1692 511 1750 recensitae
538 1691 613 1746 Haec
630 1697 751 1760 potestas
769 1691 953 1746 commutandi

146 1771 212 1819 vota
229 1779 259 1818 se
278 1762 399 1818 extendit
417 1763 497 1816 etiam
521 1762 556 1816 ad
581 1769 646 1817 vota
669 1763 758 1816 iurata
785 1769 813 1816 et
830 1761 866 1816 ed
884 1770 952 1818 vote

145 1835 174 1890 in
191 1833 311 1889 favorem
331 1835 404 1889 tertii
422 1832 494 1888 facta
512 1841 540 1889 et
557 1833 674 1888 nondum
692 1839 839 1903 acceptam,
865 1834 908 1900 (ut
926 1835 952 1890 si

146 1905 206 1973 quis
226 1907 302 1960 vovit
320 1907 400 1960 aliern
420 1905 548 1960 ecclesiae
573 1905 694 1973 calicem,
722 1904 869 1962 velalicui
886 1921 957 1973 pau·
1057 1909 1058 1930 ¹

143 1977 203 2044 peri
216 1977 433 2046 eleemosynam),
444 1977 509 2030 item
522 1974 557 2030 ad
569 1982 635 2031 rota
645 1975 678 2030 de
689 1992 744 2030 non
754 1975 871 2044 petenda
881 1992 957 2032 com·

143 2047 290 2101 mutatione
309 2055 356 2103 aut
379 2047 579 2115 dispensatione
598 2054 729 2102 votorum.
748 2047 810 2102 Non
823 2062 890 2101 vero
905 2046 956 2102 da·

146 2124 191 2172 tur
203 2115 318 2173 facultas
332 2118 512 2174 commutandi
521 2126 586 2172 vota
595 2119 623 2172 in
632 2117 827 2188 praeiudicium
837 2119 921 2172 tertii.
932 2119 954 2188 ²)

184 2189 215 2241 ιιι
240 2188 430 2244 Gommutoadc'
447 2205 529 2258 opera
544 2191 717 2258 praesaepia
736 2189 955 2244 edisserendum
1057 2257 1058 2262 ἵ

132 2259 294 2313 ,iudiciorum
311 2260 339 2314 ιιι
357 2262 411 2315 alia
429 2262 510 2315 etiam
528 2260 634 2316 aliunde
654 2260 752 2328 debita,
775 2261 799 2316 si
817 2259 889 2316 adsit
907 2276 954 2316 ra·

74 2340 80 2354 ·
147 2330 282 2386 donabilis
301 2347 390 2387 causa.
428 2331 497 2386 Olim
521 2333 549 2386 ιι
571 2331 681 2387 iubilaei
699 2331 856 2387 confessarii
874 2339 955 2400 pote·

167 2443 187 2494 ι)
202 2445 255 2484 Pius
270 2445 332 2494 Papa
344 2445 384 2484 lx.
399 2446 423 2484 ln
437 2445 532 2485 lubilaeo
552 2456 571 2488 e.
586 2442 647 2486 1851.
662 2448 685 2485 et
698 2442 759 2486 leae.
773 2445 902 2484 facultatem
916 2447 960 2486 ιιι·

204 2509 254 2549 buit
262 2510 390 2549 absolvendi
406 2511 450 2560 „ab
460 2511 562 2550 omnibns
573 2511 676 2560 peccatis,
691 2510 819 2550 criminibus
832 2512 854 2549 et
868 2510 960 2553 delictis

205 2575 272 2614 etiam
287 2577 411 2625 specialiter
421 2579 548 2626 reservatis,
562 2588 577 2617 a
586 2579 667 2626 qulbus
677 2578 733 2618 ellae
742 2589 782 2627 per
791 2577 960 2618 concessionem

205 2641 330 2689 generalem
343 2651 388 2680 non
401 2642 479 2682 liceret
493 2643 630 2686 absolvere‘·
658 2645 789 2684 nubilatum
802 2643 852 2692 ιιιιι,
872 2653 902 2682 en
916 2653 960 2693 per

205 2706 260 2745 haec
273 2707 341 2746 verba
361 2708 432 2756 possit
451 2709 518 2748 etiarn
536 2709 622 2749 absolvi
643 2711 670 2749 en
690 2710 786 2751 haeresi.
813 2709 960 2760 Interrogata

206 2775 229 2816 Β.
243 2775 415 2815 Poenitentiaria
429 2778 544 2826 respondit
557 2779 689 2828 affimativa,
708 2780 766 2818 tuctu
779 2782 873 2818 ιιιιιιιιιιι.

165 2837 185 2886 ’l
200 2841 242 2884 Gir.
258 2841 399 2890 Augslmrger
413 2842 545 2886 Pastore-llll
559 2855 579 2885 a.
595 2841 654 2884 tate.
670 2855 692 2889 m
706 2841 744 2886 48.
