<?xml version="1.0" encoding="UTF-8"?>
<!DOCTYPE html PUBLIC "-//W3C//DTD XHTML 1.0 Transitional//EN"
    "http://www.w3.org/TR/xhtml1/DTD/xhtml1-transitional.dtd">
<html xmlns="http://www.w3.org/1999/xhtml" xml:lang="en" lang="en">
 <head>
  <title>
</title>
<meta http-equiv="Content-Type" content="text/html;charset=utf-8" />
  <meta name='ocr-system' content='tesseract 3.04.00' />
  <meta name='ocr-capabilities' content='ocr_page ocr_carea ocr_par ocr_line ocrx_word'/>
</head>
<body>
  <div class='ocr_page' id='page_1' title='image "./manualesacerdot00schngoog_0264.png"; bbox 0 0 2138 3226; ppageno 0'>
   <div class='ocr_carea' id='block_1_1' title="bbox 154 143 709 197">
    <p class='ocr_par' dir='ltr' id='par_1_1' title="bbox 154 143 709 197">
     <span class='ocr_line' id='line_1_1' title="bbox 154 143 709 197; baseline -0.002 -9"><span class='ocrx_word' id='word_1_1' title='bbox 154 143 195 188; x_wconf 68' lang='lat' dir='ltr'><strong>dod</strong></span> <span class='ocrx_word' id='word_1_2' title='bbox 408 148 487 188; x_wconf 79' lang='lat' dir='ltr'><strong>Preces</strong></span> <span class='ocrx_word' id='word_1_3' title='bbox 499 157 540 197; x_wconf 87' lang='lat' dir='ltr'><strong>pro</strong></span> <span class='ocrx_word' id='word_1_4' title='bbox 553 147 709 188; x_wconf 73' lang='lat' dir='ltr'><strong>mcerdctlbus.</strong></span> 
     </span>
    </p>
   </div>
   <div class='ocr_carea' id='block_1_2' title="bbox 153 247 961 1028">
    <p class='ocr_par' dir='ltr' id='par_1_2' title="bbox 153 247 961 1028">
     <span class='ocr_line' id='line_1_2' title="bbox 190 247 957 317; baseline 0.003 -15"><span class='ocrx_word' id='word_1_5' title='bbox 190 247 353 303; x_wconf 79' lang='lat' dir='ltr'>Benedictus</span> <span class='ocrx_word' id='word_1_6' title='bbox 379 248 470 317; x_wconf 87' lang='lat' dir='ltr'><strong>Deus,</strong></span> <span class='ocrx_word' id='word_1_7' title='bbox 501 249 547 316; x_wconf 88' lang='lat' dir='ltr'><strong>qui</strong></span> <span class='ocrx_word' id='word_1_8' title='bbox 574 247 719 303; x_wconf 88' lang='lat' dir='ltr'><strong>secuudum</strong></span> <span class='ocrx_word' id='word_1_9' title='bbox 742 247 957 304; x_wconf 84' lang='lat' dir='ltr'><strong>misericordiam</strong></span> 
     </span>
     <span class='ocr_line' id='line_1_3' title="bbox 153 319 955 388; baseline 0 -13"><span class='ocrx_word' id='word_1_10' title='bbox 153 326 228 375; x_wconf 79' lang='lat' dir='ltr'><strong>tuam</strong></span> <span class='ocrx_word' id='word_1_11' title='bbox 245 335 369 388; x_wconf 82' lang='lat' dir='ltr'><strong>magnam</strong></span> <span class='ocrx_word' id='word_1_12' title='bbox 387 319 420 374; x_wconf 90' lang='lat' dir='ltr'><strong>de</strong></span> <span class='ocrx_word' id='word_1_13' title='bbox 438 321 556 375; x_wconf 89' lang='lat' dir='ltr'><strong>tenebris</strong></span> <span class='ocrx_word' id='word_1_14' title='bbox 579 319 739 374; x_wconf 75' lang='lat' dir='ltr'><strong>transtulisti</strong></span> <span class='ocrx_word' id='word_1_15' title='bbox 762 335 805 374; x_wconf 89' lang='lat' dir='ltr'><strong>me</strong></span> <span class='ocrx_word' id='word_1_16' title='bbox 822 321 851 374; x_wconf 90' lang='lat' dir='ltr'><strong>in</strong></span> <span class='ocrx_word' id='word_1_17' title='bbox 869 319 955 375; x_wconf 82' lang='lat' dir='ltr'><strong>admi-</strong></span> 
     </span>
     <span class='ocr_line' id='line_1_4' title="bbox 153 391 955 446; baseline 0.001 -1"><span class='ocrx_word' id='word_1_18' title='bbox 153 391 239 445; x_wconf 86' lang='lat' dir='ltr'><strong>rabile</strong></span> <span class='ocrx_word' id='word_1_19' title='bbox 257 391 347 444; x_wconf 89' lang='lat' dir='ltr'><strong>lumen</strong></span> <span class='ocrx_word' id='word_1_20' title='bbox 370 396 446 445; x_wconf 90' lang='lat' dir='ltr'><strong>tuum</strong></span> <span class='ocrx_word' id='word_1_21' title='bbox 471 397 499 446; x_wconf 89' lang='lat' dir='ltr'><strong>et</strong></span> <span class='ocrx_word' id='word_1_22' title='bbox 516 391 681 446; x_wconf 72' lang='lat' dir='ltr'><strong>sacrementi</strong></span> <span class='ocrx_word' id='word_1_23' title='bbox 704 391 886 446; x_wconf 73' lang='lat' dir='ltr'><strong>renovationis</strong></span> <span class='ocrx_word' id='word_1_24' title='bbox 903 392 955 446; x_wconf 91' lang='lat' dir='ltr'><strong>mi-</strong></span> 
     </span>
     <span class='ocr_line' id='line_1_5' title="bbox 154 461 955 531; baseline 0.001 -15"><span class='ocrx_word' id='word_1_25' title='bbox 154 463 268 518; x_wconf 85' lang='lat' dir='ltr'><strong>nistrum</strong></span> <span class='ocrx_word' id='word_1_26' title='bbox 286 461 459 531; x_wconf 88' lang='lat' dir='ltr'><strong>constituisti;</strong></span> <span class='ocrx_word' id='word_1_27' title='bbox 478 461 521 516; x_wconf 80' lang='lat' dir='ltr'><strong>iac</strong></span> <span class='ocrx_word' id='word_1_28' title='bbox 538 477 580 516; x_wconf 92' lang='lat' dir='ltr'><strong>me</strong></span> <span class='ocrx_word' id='word_1_29' title='bbox 593 468 635 517; x_wconf 90' lang='lat' dir='ltr'><strong>tct</strong></span> <span class='ocrx_word' id='word_1_30' title='bbox 647 469 833 530; x_wconf 82' lang='lat' dir='ltr'><strong>tantarumque</strong></span> <span class='ocrx_word' id='word_1_31' title='bbox 852 461 955 530; x_wconf 84' lang='lat' dir='ltr'><strong>gratia·</strong></span> 
     </span>
     <span class='ocr_line' id='line_1_6' title="bbox 155 533 957 602; baseline 0.001 -14"><span class='ocrx_word' id='word_1_32' title='bbox 155 549 216 588; x_wconf 88' lang='lat' dir='ltr'><strong>rum</strong></span> <span class='ocrx_word' id='word_1_33' title='bbox 232 548 297 588; x_wconf 85' lang='lat' dir='ltr'><strong>vere</strong></span> <span class='ocrx_word' id='word_1_34' title='bbox 310 547 455 588; x_wconf 81' lang='lat' dir='ltr'><strong>memorem</strong></span> <span class='ocrx_word' id='word_1_35' title='bbox 474 541 502 588; x_wconf 90' lang='lat' dir='ltr'><strong>ct</strong></span> <span class='ocrx_word' id='word_1_36' title='bbox 519 540 642 602; x_wconf 84' lang='lat' dir='ltr'><strong>praesta,</strong></span> <span class='ocrx_word' id='word_1_37' title='bbox 667 539 698 588; x_wconf 90' lang='lat' dir='ltr'><strong>ut</strong></span> <span class='ocrx_word' id='word_1_38' title='bbox 721 549 781 587; x_wconf 91' lang='lat' dir='ltr'><strong>cum</strong></span> <span class='ocrx_word' id='word_1_39' title='bbox 798 548 882 601; x_wconf 90' lang='lat' dir='ltr'><strong>puero</strong></span> <span class='ocrx_word' id='word_1_40' title='bbox 901 533 957 589; x_wconf 88' lang='lat' dir='ltr'><strong>istc</strong></span> 
     </span>
     <span class='ocr_line' id='line_1_7' title="bbox 154 604 959 672; baseline 0.001 -13"><span class='ocrx_word' id='word_1_41' title='bbox 154 621 262 659; x_wconf 90' lang='lat' dir='ltr'><strong>rursum</strong></span> <span class='ocrx_word' id='word_1_42' title='bbox 278 605 337 672; x_wconf 93' lang='lat' dir='ltr'><strong>ipse</strong></span> <span class='ocrx_word' id='word_1_43' title='bbox 362 604 551 666; x_wconf 85' lang='lat' dir='ltr'><strong>abrenuntians</strong></span> <span class='ocrx_word' id='word_1_44' title='bbox 574 611 698 672; x_wconf 88' lang='lat' dir='ltr'><strong>satanae,</strong></span> <span class='ocrx_word' id='word_1_45' title='bbox 727 611 755 658; x_wconf 88' lang='lat' dir='ltr'><strong>et</strong></span> <span class='ocrx_word' id='word_1_46' title='bbox 772 620 827 672; x_wconf 87' lang='lat' dir='ltr'><strong>qua</strong></span> <span class='ocrx_word' id='word_1_47' title='bbox 843 619 895 672; x_wconf 86' lang='lat' dir='ltr'><strong>par</strong></span> <span class='ocrx_word' id='word_1_48' title='bbox 914 612 959 661; x_wconf 89' lang='lat' dir='ltr'><strong>est</strong></span> 
     </span>
     <span class='ocr_line' id='line_1_8' title="bbox 155 676 958 744; baseline 0 -15"><span class='ocrx_word' id='word_1_49' title='bbox 155 676 256 744; x_wconf 85' lang='lat' dir='ltr'><strong>pietate</strong></span> <span class='ocrx_word' id='word_1_50' title='bbox 275 683 303 730; x_wconf 90' lang='lat' dir='ltr'><strong>et</strong></span> <span class='ocrx_word' id='word_1_51' title='bbox 318 676 465 730; x_wconf 90' lang='lat' dir='ltr'><strong>intentione</strong></span> <span class='ocrx_word' id='word_1_52' title='bbox 491 691 551 730; x_wconf 89' lang='lat' dir='ltr'><strong>eum</strong></span> <span class='ocrx_word' id='word_1_53' title='bbox 569 676 710 744; x_wconf 86' lang='lat' dir='ltr'><strong>baptizans</strong></span> <span class='ocrx_word' id='word_1_54' title='bbox 735 676 894 744; x_wconf 84' lang='lat' dir='ltr'><strong>coniungem</strong></span> <span class='ocrx_word' id='word_1_55' title='bbox 910 691 958 730; x_wconf 91' lang='lat' dir='ltr'><strong>me</strong></span> 
     </span>
     <span class='ocr_line' id='line_1_9' title="bbox 157 747 959 816; baseline 0.001 -15"><span class='ocrx_word' id='word_1_56' title='bbox 157 747 263 802; x_wconf 81' lang='lat' dir='ltr'><strong>Christo</strong></span> <span class='ocrx_word' id='word_1_57' title='bbox 281 747 508 816; x_wconf 80' lang='lat' dir='ltr'><strong>irrevocabiliter,</strong></span> <span class='ocrx_word' id='word_1_58' title='bbox 534 754 562 801; x_wconf 93' lang='lat' dir='ltr'><strong>et</strong></span> <span class='ocrx_word' id='word_1_59' title='bbox 578 762 628 814; x_wconf 88' lang='lat' dir='ltr'><strong>per</strong></span> <span class='ocrx_word' id='word_1_60' title='bbox 645 747 745 815; x_wconf 92' lang='lat' dir='ltr'><strong>ipsum,</strong></span> <span class='ocrx_word' id='word_1_61' title='bbox 772 747 819 815; x_wconf 89' lang='lat' dir='ltr'><strong>qui</strong></span> <span class='ocrx_word' id='word_1_62' title='bbox 837 762 959 802; x_wconf 87' lang='lat' dir='ltr'><strong>summus</strong></span> 
     </span>
     <span class='ocr_line' id='line_1_10' title="bbox 157 816 960 887; baseline 0 -15"><span class='ocrx_word' id='word_1_63' title='bbox 157 824 199 872; x_wconf 91' lang='lat' dir='ltr'><strong>est</strong></span> <span class='ocrx_word' id='word_1_64' title='bbox 216 816 341 872; x_wconf 86' lang='lat' dir='ltr'><strong>Pontifex</strong></span> <span class='ocrx_word' id='word_1_65' title='bbox 357 824 458 887; x_wconf 85' lang='lat' dir='ltr'><strong>noster,</strong></span> <span class='ocrx_word' id='word_1_66' title='bbox 477 823 504 872; x_wconf 93' lang='lat' dir='ltr'><strong>et</strong></span> <span class='ocrx_word' id='word_1_67' title='bbox 517 819 639 873; x_wconf 87' lang='lat' dir='ltr'><strong>manibus</strong></span> <span class='ocrx_word' id='word_1_68' title='bbox 657 818 756 872; x_wconf 88' lang='lat' dir='ltr'><strong>uostris</strong></span> <span class='ocrx_word' id='word_1_69' title='bbox 769 818 896 886; x_wconf 83' lang='lat' dir='ltr'><strong>baptizat,</strong></span> <span class='ocrx_word' id='word_1_70' title='bbox 916 817 960 873; x_wconf 85' lang='lat' dir='ltr'><strong>of·</strong></span> 
     </span>
     <span class='ocr_line' id='line_1_11' title="bbox 155 888 961 958; baseline 0.004 -16"><span class='ocrx_word' id='word_1_71' title='bbox 155 888 241 943; x_wconf 84' lang='lat' dir='ltr'><strong>feram</strong></span> <span class='ocrx_word' id='word_1_72' title='bbox 257 903 299 942; x_wconf 90' lang='lat' dir='ltr'><strong>me</strong></span> <span class='ocrx_word' id='word_1_73' title='bbox 323 903 428 957; x_wconf 85' lang='lat' dir='ltr'><strong>semper</strong></span> <span class='ocrx_word' id='word_1_74' title='bbox 455 889 504 942; x_wconf 90' lang='lat' dir='ltr'><strong>tibi</strong></span> <span class='ocrx_word' id='word_1_75' title='bbox 528 889 644 944; x_wconf 80' lang='lat' dir='ltr'><strong>hostiam</strong></span> <span class='ocrx_word' id='word_1_76' title='bbox 661 889 763 958; x_wconf 85' lang='lat' dir='ltr'><strong>rivam,</strong></span> <span class='ocrx_word' id='word_1_77' title='bbox 792 895 911 944; x_wconf 82' lang='lat' dir='ltr'><strong>sanctam</strong></span> <span class='ocrx_word' id='word_1_78' title='bbox 930 897 961 946; x_wconf 91' lang='lat' dir='ltr'><strong>et</strong></span> 
     </span>
     <span class='ocr_line' id='line_1_12' title="bbox 156 959 826 1028; baseline 0 -14"><span class='ocrx_word' id='word_1_79' title='bbox 156 959 383 1028; x_wconf 82' lang='lat' dir='ltr'><strong>beneplacentem.</strong></span> <span class='ocrx_word' id='word_1_80' title='bbox 420 959 474 1012; x_wconf 90' lang='lat' dir='ltr'><strong>Per</strong></span> <span class='ocrx_word' id='word_1_81' title='bbox 493 959 606 1014; x_wconf 91' lang='lat' dir='ltr'><strong>eundem</strong></span> <span class='ocrx_word' id='word_1_82' title='bbox 624 961 758 1016; x_wconf 81' lang='lat' dir='ltr'><strong>Christum</strong></span> <span class='ocrx_word' id='word_1_83' title='bbox 776 966 826 1016; x_wconf 92' lang='lat' dir='ltr'><strong>etc.</strong></span> 
     </span>
    </p>
   </div>
   <div class='ocr_carea' id='block_1_3' title="bbox 283 1088 827 1146">
    <p class='ocr_par' dir='ltr' id='par_1_3' title="bbox 283 1088 827 1146">
     <span class='ocr_line' id='line_1_13' title="bbox 283 1088 827 1146; baseline 0.004 -14"><span class='ocrx_word' id='word_1_84' title='bbox 283 1088 358 1132; x_wconf 70' lang='lat' dir='ltr'><strong>onoc</strong></span> <span class='ocrx_word' id='word_1_85' title='bbox 370 1091 419 1140; x_wconf 77' lang='lat' dir='ltr'><strong>poa</strong></span> <span class='ocrx_word' id='word_1_86' title='bbox 431 1089 634 1134; x_wconf 72' lang='lat' dir='ltr'><strong>administrationem</strong></span> <span class='ocrx_word' id='word_1_87' title='bbox 641 1090 827 1146; x_wconf 52' lang='lat' dir='ltr'><strong>§.impiissimis</strong></span> 
     </span>
    </p>
   </div>
   <div class='ocr_carea' id='block_1_4' title="bbox 155 1170 1064 1312">
    <p class='ocr_par' dir='ltr' id='par_1_4' title="bbox 155 1170 1064 1312">
     <span class='ocr_line' id='line_1_14' title="bbox 191 1170 1064 1241; baseline 0.001 -17"><span class='ocrx_word' id='word_1_88' title='bbox 191 1171 304 1226; x_wconf 89' lang='lat' dir='ltr'><strong>Domine</strong></span> <span class='ocrx_word' id='word_1_89' title='bbox 331 1170 399 1226; x_wconf 87' lang='lat' dir='ltr'><strong>Jesu</strong></span> <span class='ocrx_word' id='word_1_90' title='bbox 427 1171 548 1241; x_wconf 84' lang='lat' dir='ltr'><strong>christe,</strong></span> <span class='ocrx_word' id='word_1_91' title='bbox 582 1173 627 1240; x_wconf 89' lang='lat' dir='ltr'><strong>qui</strong></span> <span class='ocrx_word' id='word_1_92' title='bbox 649 1172 803 1241; x_wconf 85' lang='lat' dir='ltr'><strong>ingrediens</strong></span> <span class='ocrx_word' id='word_1_93' title='bbox 828 1171 959 1228; x_wconf 90' lang='lat' dir='ltr'><strong>mundum</strong></span> <span class='ocrx_word' id='word_1_94' title='bbox 1063 1211 1064 1234; x_wconf 43' lang='grc' dir='ltr'>ι</span> 
     </span>
     <span class='ocr_line' id='line_1_15' title="bbox 155 1235 1064 1312; baseline -0.001 -14"><span class='ocrx_word' id='word_1_95' title='bbox 155 1241 231 1298; x_wconf 87' lang='lat' dir='ltr'><strong>Patri</strong></span> <span class='ocrx_word' id='word_1_96' title='bbox 243 1248 291 1296; x_wconf 91' lang='lat' dir='ltr'><strong>tuo</strong></span> <span class='ocrx_word' id='word_1_97' title='bbox 309 1241 412 1297; x_wconf 85' lang='lat' dir='ltr'><strong>dixisti:</strong></span> <span class='ocrx_word' id='word_1_98' title='bbox 431 1241 502 1297; x_wconf 86' lang='lat' dir='ltr'><strong>Ecce</strong></span> <span class='ocrx_word' id='word_1_99' title='bbox 521 1244 610 1312; x_wconf 86' lang='lat' dir='ltr'><strong>venio,</strong></span> <span class='ocrx_word' id='word_1_100' title='bbox 627 1251 658 1298; x_wconf 92' lang='lat' dir='ltr'><strong>ut</strong></span> <span class='ocrx_word' id='word_1_101' title='bbox 674 1243 771 1298; x_wconf 81' lang='lat' dir='ltr'><strong>faciam</strong></span> <span class='ocrx_word' id='word_1_102' title='bbox 790 1243 959 1300; x_wconf 85' lang='lat' dir='ltr'><strong>voluntatem</strong></span> <span class='ocrx_word' id='word_1_103' title='bbox 1025 1241 1029 1248; x_wconf 87' lang='lat'>&#39;</span> <span class='ocrx_word' id='word_1_104' title='bbox 1063 1235 1064 1274; x_wconf 48' lang='lat' dir='ltr'><strong>l</strong></span> 
     </span>
    </p>
   </div>
   <div class='ocr_carea' id='block_1_5' title="bbox 154 1313 960 1811">
    <p class='ocr_par' dir='ltr' id='par_1_5' title="bbox 154 1313 960 1811">
     <span class='ocr_line' id='line_1_16' title="bbox 155 1313 957 1383; baseline 0.001 -15"><span class='ocrx_word' id='word_1_105' title='bbox 155 1315 244 1368; x_wconf 79' lang='lat' dir='ltr'><strong>tuam!</strong></span> <span class='ocrx_word' id='word_1_106' title='bbox 272 1313 369 1381; x_wconf 87' lang='lat' dir='ltr'><strong>quique</strong></span> <span class='ocrx_word' id='word_1_107' title='bbox 389 1313 578 1381; x_wconf 86' lang='lat' dir='ltr'><strong>aparentibus</strong></span> <span class='ocrx_word' id='word_1_108' title='bbox 596 1315 649 1371; x_wconf 88' lang='lat' dir='ltr'><strong>tuis</strong></span> <span class='ocrx_word' id='word_1_109' title='bbox 671 1315 730 1383; x_wconf 86' lang='lat' dir='ltr'><strong>ipsc</strong></span> <span class='ocrx_word' id='word_1_110' title='bbox 751 1315 897 1383; x_wconf 87' lang='lat' dir='ltr'><strong>intemplo</strong></span> <span class='ocrx_word' id='word_1_111' title='bbox 916 1313 957 1370; x_wconf 84' lang='lat' dir='ltr'><strong>cf-</strong></span> 
     </span>
     <span class='ocr_line' id='line_1_17' title="bbox 156 1383 958 1455; baseline 0.002 -17"><span class='ocrx_word' id='word_1_112' title='bbox 156 1383 222 1439; x_wconf 84' lang='lat' dir='ltr'><strong>ferri</strong></span> <span class='ocrx_word' id='word_1_113' title='bbox 239 1385 362 1453; x_wconf 80' lang='lat' dir='ltr'><strong>voluisti3</strong></span> <span class='ocrx_word' id='word_1_114' title='bbox 387 1384 503 1438; x_wconf 83' lang='lat' dir='ltr'><strong>divinam</strong></span> <span class='ocrx_word' id='word_1_115' title='bbox 520 1386 608 1455; x_wconf 81' lang='lat' dir='ltr'><strong>legem</strong></span> <span class='ocrx_word' id='word_1_116' title='bbox 624 1386 739 1441; x_wconf 78' lang='lat' dir='ltr'><strong>inscribe</strong></span> <span class='ocrx_word' id='word_1_117' title='bbox 757 1387 861 1454; x_wconf 86' lang='lat' dir='ltr'><strong>pectori</strong></span> <span class='ocrx_word' id='word_1_118' title='bbox 878 1387 958 1454; x_wconf 90' lang='lat' dir='ltr'><strong>pueri</strong></span> 
     </span>
     <span class='ocr_line' id='line_1_18' title="bbox 154 1455 960 1526; baseline 0.002 -16"><span class='ocrx_word' id='word_1_119' title='bbox 154 1457 241 1526; x_wconf 86' lang='lat' dir='ltr'><strong>istius,</strong></span> <span class='ocrx_word' id='word_1_120' title='bbox 259 1463 291 1510; x_wconf 89' lang='lat' dir='ltr'><strong>ut</strong></span> <span class='ocrx_word' id='word_1_121' title='bbox 308 1471 413 1526; x_wconf 90' lang='lat' dir='ltr'><strong>semper</strong></span> <span class='ocrx_word' id='word_1_122' title='bbox 427 1455 560 1512; x_wconf 85' lang='lat' dir='ltr'><strong>custodiat</strong></span> <span class='ocrx_word' id='word_1_123' title='bbox 581 1472 654 1526; x_wconf 89' lang='lat' dir='ltr'><strong>eam;</strong></span> <span class='ocrx_word' id='word_1_124' title='bbox 673 1463 701 1512; x_wconf 89' lang='lat' dir='ltr'><strong>et</strong></span> <span class='ocrx_word' id='word_1_125' title='bbox 718 1456 752 1511; x_wconf 94' lang='lat' dir='ltr'><strong>de</strong></span> <span class='ocrx_word' id='word_1_126' title='bbox 770 1463 913 1526; x_wconf 89' lang='lat' dir='ltr'><strong>parentum</strong></span> <span class='ocrx_word' id='word_1_127' title='bbox 932 1463 960 1512; x_wconf 88' lang='lat' dir='ltr'><strong>et</strong></span> 
     </span>
     <span class='ocr_line' id='line_1_19' title="bbox 155 1527 959 1597; baseline 0.001 -16"><span class='ocrx_word' id='word_1_128' title='bbox 155 1529 322 1596; x_wconf 90' lang='lat' dir='ltr'><strong>patrinorum</strong></span> <span class='ocrx_word' id='word_1_129' title='bbox 339 1527 460 1583; x_wconf 84' lang='lat' dir='ltr'><strong>manibus</strong></span> <span class='ocrx_word' id='word_1_130' title='bbox 479 1528 584 1596; x_wconf 86' lang='lat' dir='ltr'><strong>suscipe</strong></span> <span class='ocrx_word' id='word_1_131' title='bbox 604 1543 672 1597; x_wconf 88' lang='lat' dir='ltr'><strong>eum,</strong></span> <span class='ocrx_word' id='word_1_132' title='bbox 699 1544 779 1595; x_wconf 84' lang='lat' dir='ltr'><strong>quem</strong></span> <span class='ocrx_word' id='word_1_133' title='bbox 798 1529 902 1584; x_wconf 85' lang='lat' dir='ltr'><strong>salvum</strong></span> <span class='ocrx_word' id='word_1_134' title='bbox 919 1527 959 1583; x_wconf 82' lang='lat' dir='ltr'><strong>ie·</strong></span> 
     </span>
     <span class='ocr_line' id='line_1_20' title="bbox 156 1599 959 1668; baseline 0.002 -14"><span class='ocrx_word' id='word_1_135' title='bbox 156 1600 216 1654; x_wconf 91' lang='lat' dir='ltr'><strong>cisti</strong></span> <span class='ocrx_word' id='word_1_136' title='bbox 242 1613 291 1667; x_wconf 89' lang='lat' dir='ltr'><strong>per</strong></span> <span class='ocrx_word' id='word_1_137' title='bbox 315 1599 451 1654; x_wconf 81' lang='lat' dir='ltr'><strong>lavacrum</strong></span> <span class='ocrx_word' id='word_1_138' title='bbox 477 1600 689 1668; x_wconf 83' lang='lat' dir='ltr'><strong>regenerationis</strong></span> <span class='ocrx_word' id='word_1_139' title='bbox 717 1607 745 1661; x_wconf 91' lang='lat' dir='ltr'><strong>et</strong></span> <span class='ocrx_word' id='word_1_140' title='bbox 775 1599 959 1656; x_wconf 85' lang='lat' dir='ltr'><strong>renovationis</strong></span> 
     </span>
     <span class='ocr_line' id='line_1_21' title="bbox 157 1669 959 1741; baseline 0.002 -17"><span class='ocrx_word' id='word_1_141' title='bbox 157 1669 272 1741; x_wconf 84' lang='lat' dir='ltr'><strong>Spiritus</strong></span> <span class='ocrx_word' id='word_1_142' title='bbox 290 1671 393 1740; x_wconf 90' lang='lat' dir='ltr'><strong>sancti,</strong></span> <span class='ocrx_word' id='word_1_143' title='bbox 422 1685 553 1738; x_wconf 86' lang='lat' dir='ltr'><strong>quemque</strong></span> <span class='ocrx_word' id='word_1_144' title='bbox 572 1669 687 1725; x_wconf 86' lang='lat' dir='ltr'><strong>offerunt</strong></span> <span class='ocrx_word' id='word_1_145' title='bbox 711 1671 760 1726; x_wconf 91' lang='lat' dir='ltr'><strong>tibi</strong></span> <span class='ocrx_word' id='word_1_146' title='bbox 778 1679 806 1725; x_wconf 92' lang='lat' dir='ltr'><strong>et</strong></span> <span class='ocrx_word' id='word_1_147' title='bbox 823 1678 912 1726; x_wconf 90' lang='lat' dir='ltr'><strong>tecum</strong></span> <span class='ocrx_word' id='word_1_148' title='bbox 931 1678 959 1727; x_wconf 91' lang='lat' dir='ltr'><strong>et</strong></span> 
     </span>
     <span class='ocr_line' id='line_1_22' title="bbox 156 1740 959 1811; baseline 0 -15"><span class='ocrx_word' id='word_1_149' title='bbox 156 1757 207 1810; x_wconf 90' lang='lat' dir='ltr'><strong>per</strong></span> <span class='ocrx_word' id='word_1_150' title='bbox 224 1748 252 1795; x_wconf 90' lang='lat' dir='ltr'><strong>te</strong></span> <span class='ocrx_word' id='word_1_151' title='bbox 266 1741 448 1796; x_wconf 85' lang='lat' dir='ltr'><strong>sanctissimae</strong></span> <span class='ocrx_word' id='word_1_152' title='bbox 462 1741 594 1811; x_wconf 88' lang='lat' dir='ltr'><strong>Trinitati,</strong></span> <span class='ocrx_word' id='word_1_153' title='bbox 613 1757 667 1796; x_wconf 91' lang='lat' dir='ltr'><strong>ucn</strong></span> <span class='ocrx_word' id='word_1_154' title='bbox 683 1742 737 1795; x_wconf 85' lang='lat' dir='ltr'><strong>iam</strong></span> <span class='ocrx_word' id='word_1_155' title='bbox 754 1748 786 1796; x_wconf 91' lang='lat' dir='ltr'><strong>ut</strong></span> <span class='ocrx_word' id='word_1_156' title='bbox 803 1758 888 1810; x_wconf 92' lang='lat' dir='ltr'><strong>suum,</strong></span> <span class='ocrx_word' id='word_1_157' title='bbox 909 1740 959 1796; x_wconf 90' lang='lat' dir='ltr'><strong>sed</strong></span> 
     </span>
    </p>
   </div>
   <div class='ocr_carea' id='block_1_6' title="bbox 156 1811 1064 1883">
    <p class='ocr_par' dir='ltr' id='par_1_6' title="bbox 156 1811 1064 1883">
     <span class='ocr_line' id='line_1_23' title="bbox 156 1811 1064 1883; baseline 0.003 -16"><span class='ocrx_word' id='word_1_158' title='bbox 156 1818 187 1867; x_wconf 92' lang='lat' dir='ltr'><strong>ut</strong></span> <span class='ocrx_word' id='word_1_159' title='bbox 204 1811 316 1866; x_wconf 71' lang='lat' dir='ltr'><strong>stenem</strong></span> <span class='ocrx_word' id='word_1_160' title='bbox 334 1819 361 1867; x_wconf 94' lang='lat' dir='ltr'><strong>et</strong></span> <span class='ocrx_word' id='word_1_161' title='bbox 378 1812 526 1867; x_wconf 90' lang='lat' dir='ltr'><strong>membrum</strong></span> <span class='ocrx_word' id='word_1_162' title='bbox 543 1820 626 1883; x_wconf 90' lang='lat' dir='ltr'><strong>tuum,</strong></span> <span class='ocrx_word' id='word_1_163' title='bbox 644 1812 824 1880; x_wconf 86' lang='lat' dir='ltr'><strong>templumque</strong></span> <span class='ocrx_word' id='word_1_164' title='bbox 842 1812 959 1882; x_wconf 88' lang='lat' dir='ltr'><strong>Spiritus</strong></span> <span class='ocrx_word' id='word_1_165' title='bbox 1063 1815 1064 1844; x_wconf 33' lang='grc' dir='ltr'>ἒ</span> 
     </span>
    </p>
   </div>
   <div class='ocr_carea' id='block_1_7' title="bbox 155 1883 960 2450">
    <p class='ocr_par' dir='ltr' id='par_1_7' title="bbox 155 1883 960 2450">
     <span class='ocr_line' id='line_1_24' title="bbox 158 1883 959 1954; baseline 0 -16"><span class='ocrx_word' id='word_1_166' title='bbox 158 1884 259 1950; x_wconf 82' lang='lat' dir='ltr'><strong>saucti3</strong></span> <span class='ocrx_word' id='word_1_167' title='bbox 277 1884 320 1937; x_wconf 84' lang='lat' dir='ltr'><strong>fec</strong></span> <span class='ocrx_word' id='word_1_168' title='bbox 339 1891 369 1938; x_wconf 90' lang='lat' dir='ltr'><strong>ut</strong></span> <span class='ocrx_word' id='word_1_169' title='bbox 386 1883 474 1952; x_wconf 92' lang='lat' dir='ltr'><strong>ipsum</strong></span> <span class='ocrx_word' id='word_1_170' title='bbox 492 1899 586 1940; x_wconf 88' lang='lat' dir='ltr'><strong>rursus</strong></span> <span class='ocrx_word' id='word_1_171' title='bbox 605 1900 621 1938; x_wconf 89' lang='lat' dir='ltr'><strong>a</strong></span> <span class='ocrx_word' id='word_1_172' title='bbox 638 1889 666 1938; x_wconf 91' lang='lat' dir='ltr'><strong>te</strong></span> <span class='ocrx_word' id='word_1_173' title='bbox 685 1884 854 1954; x_wconf 85' lang='lat' dir='ltr'><strong>recipientes,</strong></span> <span class='ocrx_word' id='word_1_174' title='bbox 880 1883 959 1951; x_wconf 86' lang='lat' dir='ltr'><strong>quasi</strong></span> 
     </span>
     <span class='ocr_line' id='line_1_25' title="bbox 156 1953 960 2024; baseline 0.004 -16"><span class='ocrx_word' id='word_1_175' title='bbox 156 1955 303 2024; x_wconf 88' lang='lat' dir='ltr'><strong>pretiosum</strong></span> <span class='ocrx_word' id='word_1_176' title='bbox 314 1953 472 2024; x_wconf 87' lang='lat' dir='ltr'><strong>depositum,</strong></span> <span class='ocrx_word' id='word_1_177' title='bbox 488 1955 562 2010; x_wconf 89' lang='lat' dir='ltr'><strong>cuius</strong></span> <span class='ocrx_word' id='word_1_178' title='bbox 571 1955 702 2010; x_wconf 89' lang='lat' dir='ltr'><strong>rationem</strong></span> <span class='ocrx_word' id='word_1_179' title='bbox 712 1955 830 2010; x_wconf 86' lang='lat' dir='ltr'><strong>strictam</strong></span> <span class='ocrx_word' id='word_1_180' title='bbox 844 1954 960 2011; x_wconf 87' lang='lat' dir='ltr'><strong>reddent</strong></span> 
     </span>
     <span class='ocr_line' id='line_1_26' title="bbox 155 2024 958 2095; baseline 0.001 -15"><span class='ocrx_word' id='word_1_181' title='bbox 155 2024 213 2094; x_wconf 91' lang='lat' dir='ltr'><strong>tibi,</strong></span> <span class='ocrx_word' id='word_1_182' title='bbox 232 2025 367 2080; x_wconf 81' lang='lat' dir='ltr'><strong>enutriant</strong></span> <span class='ocrx_word' id='word_1_183' title='bbox 384 2032 412 2079; x_wconf 90' lang='lat' dir='ltr'><strong>et</strong></span> <span class='ocrx_word' id='word_1_184' title='bbox 430 2025 553 2080; x_wconf 89' lang='lat' dir='ltr'><strong>erudiant</strong></span> <span class='ocrx_word' id='word_1_185' title='bbox 578 2027 606 2079; x_wconf 91' lang='lat' dir='ltr'><strong>in</strong></span> <span class='ocrx_word' id='word_1_186' title='bbox 624 2027 695 2081; x_wconf 91' lang='lat' dir='ltr'><strong>omni</strong></span> <span class='ocrx_word' id='word_1_187' title='bbox 712 2027 785 2081; x_wconf 85' lang='lat' dir='ltr'><strong>bona</strong></span> <span class='ocrx_word' id='word_1_188' title='bbox 803 2025 958 2095; x_wconf 82' lang='lat' dir='ltr'><strong>disciplina3</strong></span> 
     </span>
     <span class='ocr_line' id='line_1_27' title="bbox 158 2097 958 2166; baseline 0.003 -16"><span class='ocrx_word' id='word_1_189' title='bbox 158 2111 191 2150; x_wconf 88' lang='lat' dir='ltr'><strong>ac</strong></span> <span class='ocrx_word' id='word_1_190' title='bbox 208 2113 289 2164; x_wconf 89' lang='lat' dir='ltr'><strong>porro</strong></span> <span class='ocrx_word' id='word_1_191' title='bbox 308 2113 358 2165; x_wconf 88' lang='lat' dir='ltr'><strong>per</strong></span> <span class='ocrx_word' id='word_1_192' title='bbox 381 2097 576 2165; x_wconf 88' lang='lat' dir='ltr'><strong>protectionem</strong></span> <span class='ocrx_word' id='word_1_193' title='bbox 600 2097 697 2166; x_wconf 80' lang='lat' dir='ltr'><strong>Angeli</strong></span> <span class='ocrx_word' id='word_1_194' title='bbox 723 2104 751 2152; x_wconf 91' lang='lat' dir='ltr'><strong>et</strong></span> <span class='ocrx_word' id='word_1_195' title='bbox 774 2098 882 2166; x_wconf 88' lang='lat' dir='ltr'><strong>patroni</strong></span> <span class='ocrx_word' id='word_1_196' title='bbox 899 2097 958 2152; x_wconf 88' lang='lat' dir='ltr'><strong>eius</strong></span> 
     </span>
     <span class='ocr_line' id='line_1_28' title="bbox 160 2167 959 2237; baseline -0.003 -14"><span class='ocrx_word' id='word_1_197' title='bbox 160 2169 198 2223; x_wconf 89' lang='lat' dir='ltr'><strong>sic</strong></span> <span class='ocrx_word' id='word_1_198' title='bbox 217 2176 320 2223; x_wconf 88' lang='lat' dir='ltr'><strong>crescat</strong></span> <span class='ocrx_word' id='word_1_199' title='bbox 337 2168 424 2235; x_wconf 84' lang='lat' dir='ltr'><strong>gratia</strong></span> <span class='ocrx_word' id='word_1_200' title='bbox 438 2176 465 2222; x_wconf 91' lang='lat' dir='ltr'><strong>et</strong></span> <span class='ocrx_word' id='word_1_201' title='bbox 478 2168 618 2237; x_wconf 85' lang='lat' dir='ltr'><strong>sapientia,</strong></span> <span class='ocrx_word' id='word_1_202' title='bbox 636 2176 666 2223; x_wconf 92' lang='lat' dir='ltr'><strong>ut</strong></span> <span class='ocrx_word' id='word_1_203' title='bbox 679 2168 810 2236; x_wconf 89' lang='lat' dir='ltr'><strong>Baptismi</strong></span> <span class='ocrx_word' id='word_1_204' title='bbox 822 2168 864 2222; x_wconf 92' lang='lat' dir='ltr'><strong>sui</strong></span> <span class='ocrx_word' id='word_1_205' title='bbox 877 2167 959 2222; x_wconf 89' lang='lat' dir='ltr'><strong>fidem</strong></span> 
     </span>
     <span class='ocr_line' id='line_1_29' title="bbox 159 2238 957 2310; baseline 0.001 -16"><span class='ocrx_word' id='word_1_206' title='bbox 159 2246 187 2294; x_wconf 88' lang='lat' dir='ltr'><strong>et</strong></span> <span class='ocrx_word' id='word_1_207' title='bbox 207 2239 385 2310; x_wconf 87' lang='lat' dir='ltr'><strong>innocentiam</strong></span> <span class='ocrx_word' id='word_1_208' title='bbox 399 2247 541 2293; x_wconf 84' lang='lat' dir='ltr'><strong>conservet</strong></span> <span class='ocrx_word' id='word_1_209' title='bbox 559 2245 587 2294; x_wconf 92' lang='lat' dir='ltr'><strong>et</strong></span> <span class='ocrx_word' id='word_1_210' title='bbox 604 2255 664 2293; x_wconf 94' lang='lat' dir='ltr'><strong>cum</strong></span> <span class='ocrx_word' id='word_1_211' title='bbox 677 2246 753 2294; x_wconf 84' lang='lat' dir='ltr'><strong>veste</strong></span> <span class='ocrx_word' id='word_1_212' title='bbox 768 2238 882 2294; x_wconf 86' lang='lat' dir='ltr'><strong>candida</strong></span> <span class='ocrx_word' id='word_1_213' title='bbox 895 2255 957 2295; x_wconf 88' lang='lat' dir='ltr'><strong>san·</strong></span> 
     </span>
     <span class='ocr_line' id='line_1_30' title="bbox 158 2308 959 2380; baseline 0.002 -16"><span class='ocrx_word' id='word_1_214' title='bbox 158 2310 258 2365; x_wconf 71' lang='lat' dir='ltr'><strong>obtatis</strong></span> <span class='ocrx_word' id='word_1_215' title='bbox 277 2316 305 2364; x_wconf 91' lang='lat' dir='ltr'><strong>et</strong></span> <span class='ocrx_word' id='word_1_216' title='bbox 321 2308 445 2377; x_wconf 84' lang='lat' dir='ltr'><strong>lampade</strong></span> <span class='ocrx_word' id='word_1_217' title='bbox 471 2311 534 2378; x_wconf 80' lang='lat' dir='ltr'><strong>igne</strong></span> <span class='ocrx_word' id='word_1_218' title='bbox 553 2310 671 2366; x_wconf 87' lang='lat' dir='ltr'><strong>caritatis</strong></span> <span class='ocrx_word' id='word_1_219' title='bbox 689 2310 807 2380; x_wconf 91' lang='lat' dir='ltr'><strong>ardente,</strong></span> <span class='ocrx_word' id='word_1_220' title='bbox 834 2326 894 2366; x_wconf 89' lang='lat' dir='ltr'><strong>cum</strong></span> <span class='ocrx_word' id='word_1_221' title='bbox 912 2325 959 2366; x_wconf 85' lang='lat' dir='ltr'><strong>ve·</strong></span> 
     </span>
     <span class='ocr_line' id='line_1_31' title="bbox 159 2381 496 2450; baseline 0 -15"><span class='ocrx_word' id='word_1_222' title='bbox 159 2381 240 2450; x_wconf 88' lang='lat' dir='ltr'><strong>neris,</strong></span> <span class='ocrx_word' id='word_1_223' title='bbox 259 2397 276 2434; x_wconf 92' lang='lat' dir='ltr'><strong>a</strong></span> <span class='ocrx_word' id='word_1_224' title='bbox 292 2388 320 2435; x_wconf 88' lang='lat' dir='ltr'><strong>te</strong></span> <span class='ocrx_word' id='word_1_225' title='bbox 337 2381 496 2435; x_wconf 84' lang='lat' dir='ltr'><strong>inveniatur.</strong></span> 
     </span>
    </p>
   </div>
   <div class='ocr_carea' id='block_1_8' title="bbox 156 2451 959 2877">
    <p class='ocr_par' dir='ltr' id='par_1_8' title="bbox 156 2451 959 2877">
     <span class='ocr_line' id='line_1_32' title="bbox 195 2451 959 2522; baseline 0.003 -17"><span class='ocrx_word' id='word_1_226' title='bbox 195 2451 306 2519; x_wconf 85' lang='lat' dir='ltr'><strong>Suscipe</strong></span> <span class='ocrx_word' id='word_1_227' title='bbox 331 2458 359 2506; x_wconf 90' lang='lat' dir='ltr'><strong>et</strong></span> <span class='ocrx_word' id='word_1_228' title='bbox 376 2451 512 2506; x_wconf 90' lang='lat' dir='ltr'><strong>sanctifica</strong></span> <span class='ocrx_word' id='word_1_229' title='bbox 537 2466 580 2506; x_wconf 85' lang='lat' dir='ltr'><strong>me</strong></span> <span class='ocrx_word' id='word_1_230' title='bbox 607 2452 702 2520; x_wconf 89' lang='lat' dir='ltr'><strong>ipsum,</strong></span> <span class='ocrx_word' id='word_1_231' title='bbox 727 2452 849 2522; x_wconf 91' lang='lat' dir='ltr'><strong>Domine,</strong></span> <span class='ocrx_word' id='word_1_232' title='bbox 874 2452 959 2508; x_wconf 88' lang='lat' dir='ltr'><strong>Pater</strong></span> 
     </span>
     <span class='ocr_line' id='line_1_33' title="bbox 158 2522 959 2593; baseline 0.004 -17"><span class='ocrx_word' id='word_1_233' title='bbox 158 2522 334 2590; x_wconf 87' lang='lat' dir='ltr'><strong>omnipotens,</strong></span> <span class='ocrx_word' id='word_1_234' title='bbox 364 2538 414 2589; x_wconf 89' lang='lat' dir='ltr'><strong>per</strong></span> <span class='ocrx_word' id='word_1_235' title='bbox 438 2523 574 2591; x_wconf 81' lang='lat' dir='ltr'><strong>Unigeniti</strong></span> <span class='ocrx_word' id='word_1_236' title='bbox 598 2524 638 2578; x_wconf 92' lang='lat' dir='ltr'><strong>tui</strong></span> <span class='ocrx_word' id='word_1_237' title='bbox 655 2523 789 2593; x_wconf 84' lang='lat' dir='ltr'><strong>virtutem,</strong></span> <span class='ocrx_word' id='word_1_238' title='bbox 815 2530 843 2577; x_wconf 91' lang='lat' dir='ltr'><strong>et</strong></span> <span class='ocrx_word' id='word_1_239' title='bbox 860 2539 959 2592; x_wconf 85' lang='lat' dir='ltr'><strong>coope-</strong></span> 
     </span>
     <span class='ocr_line' id='line_1_34' title="bbox 157 2593 957 2662; baseline 0.004 -16"><span class='ocrx_word' id='word_1_240' title='bbox 157 2600 235 2646; x_wconf 88' lang='lat' dir='ltr'><strong>rante</strong></span> <span class='ocrx_word' id='word_1_241' title='bbox 245 2593 346 2660; x_wconf 87' lang='lat' dir='ltr'><strong>Spiritu</strong></span> <span class='ocrx_word' id='word_1_242' title='bbox 365 2600 457 2648; x_wconf 86' lang='lat' dir='ltr'><strong>sancto</strong></span> <span class='ocrx_word' id='word_1_243' title='bbox 475 2593 574 2662; x_wconf 84' lang='lat' dir='ltr'><strong>perfice</strong></span> <span class='ocrx_word' id='word_1_244' title='bbox 592 2609 635 2649; x_wconf 81' lang='lat' dir='ltr'><strong>nie</strong></span> <span class='ocrx_word' id='word_1_245' title='bbox 653 2594 703 2649; x_wconf 90' lang='lat' dir='ltr'><strong>tibi</strong></span> <span class='ocrx_word' id='word_1_246' title='bbox 720 2611 815 2649; x_wconf 91' lang='lat' dir='ltr'><strong>munus</strong></span> <span class='ocrx_word' id='word_1_247' title='bbox 834 2602 863 2650; x_wconf 92' lang='lat' dir='ltr'><strong>et</strong></span> <span class='ocrx_word' id='word_1_248' title='bbox 880 2595 957 2650; x_wconf 90' lang='lat' dir='ltr'><strong>bolo·</strong></span> 
     </span>
     <span class='ocr_line' id='line_1_35' title="bbox 156 2665 955 2733; baseline 0.006 -17"><span class='ocrx_word' id='word_1_249' title='bbox 156 2671 279 2717; x_wconf 86' lang='lat' dir='ltr'><strong>caustum</strong></span> <span class='ocrx_word' id='word_1_250' title='bbox 296 2665 494 2733; x_wconf 89' lang='lat' dir='ltr'><strong>sempiternum,</strong></span> <span class='ocrx_word' id='word_1_251' title='bbox 513 2671 541 2720; x_wconf 92' lang='lat' dir='ltr'><strong>et</strong></span> <span class='ocrx_word' id='word_1_252' title='bbox 558 2679 608 2733; x_wconf 89' lang='lat' dir='ltr'><strong>per</strong></span> <span class='ocrx_word' id='word_1_253' title='bbox 620 2665 838 2720; x_wconf 86' lang='lat' dir='ltr'><strong>intercessionem</strong></span> <span class='ocrx_word' id='word_1_254' title='bbox 857 2665 955 2721; x_wconf 86' lang='lat' dir='ltr'><strong>beatae</strong></span> 
     </span>
     <span class='ocr_line' id='line_1_36' title="bbox 157 2734 958 2806; baseline 0.005 -18"><span class='ocrx_word' id='word_1_255' title='bbox 157 2734 269 2803; x_wconf 83' lang='lat' dir='ltr'><strong>Mariae,</strong></span> <span class='ocrx_word' id='word_1_256' title='bbox 298 2736 382 2790; x_wconf 89' lang='lat' dir='ltr'><strong>sancti</strong></span> <span class='ocrx_word' id='word_1_257' title='bbox 406 2737 504 2804; x_wconf 83' lang='lat' dir='ltr'><strong>Augeli</strong></span> <span class='ocrx_word' id='word_1_258' title='bbox 528 2737 581 2791; x_wconf 91' lang='lat' dir='ltr'><strong>mei</strong></span> <span class='ocrx_word' id='word_1_259' title='bbox 606 2735 732 2806; x_wconf 89' lang='lat' dir='ltr'><strong>custodis,</strong></span> <span class='ocrx_word' id='word_1_260' title='bbox 761 2753 783 2792; x_wconf 85' lang='lat' dir='ltr'><strong>s.</strong></span> <span class='ocrx_word' id='word_1_261' title='bbox 802 2737 910 2805; x_wconf 88' lang='lat' dir='ltr'><strong>patroni</strong></span> <span class='ocrx_word' id='word_1_262' title='bbox 928 2744 958 2792; x_wconf 89' lang='lat' dir='ltr'><strong>et</strong></span> 
     </span>
     <span class='ocr_line' id='line_1_37' title="bbox 158 2805 959 2877; baseline 0.005 -17"><span class='ocrx_word' id='word_1_263' title='bbox 158 2805 274 2860; x_wconf 89' lang='lat' dir='ltr'><strong>omnium</strong></span> <span class='ocrx_word' id='word_1_264' title='bbox 293 2805 450 2862; x_wconf 83' lang='lat' dir='ltr'><strong>Sanctorum</strong></span> <span class='ocrx_word' id='word_1_265' title='bbox 475 2806 511 2862; x_wconf 92' lang='lat' dir='ltr'><strong>da</strong></span> <span class='ocrx_word' id='word_1_266' title='bbox 528 2807 593 2862; x_wconf 89' lang='lat' dir='ltr'><strong>mibi</strong></span> <span class='ocrx_word' id='word_1_267' title='bbox 609 2809 681 2863; x_wconf 81' lang='lat' dir='ltr'><strong>vires</strong></span> <span class='ocrx_word' id='word_1_268' title='bbox 698 2809 770 2864; x_wconf 88' lang='lat' dir='ltr'><strong>intus</strong></span> <span class='ocrx_word' id='word_1_269' title='bbox 788 2806 908 2877; x_wconf 75' lang='lat' dir='ltr'><strong>ettonis,</strong></span> <span class='ocrx_word' id='word_1_270' title='bbox 927 2816 959 2864; x_wconf 88' lang='lat' dir='ltr'><strong>nt</strong></span> 
     </span>
    </p>
   </div>
   <div class='ocr_carea' id='block_1_9' title="bbox 0 0 1076 3226">
    <p class='ocr_par' dir='ltr' id='par_1_9' title="bbox 0 0 1076 3226">
     <span class='ocr_line' id='line_1_38' title="bbox 0 0 1076 3226; baseline 0 0"><span class='ocrx_word' id='word_1_271' title='bbox 0 0 1076 3226; x_wconf 95' lang='lat' dir='ltr'><strong> </strong></span> 
     </span>
    </p>
   </div>
  </div>
 </body>
</html>
