2098 3222
171 199 210 243 ret
322 202 355 242 De
369 203 500 251 quibusdam
513 202 563 242 aliia
577 203 715 243 sacerdotum
729 203 812 247 officiis.

107 357 110 368 ,
170 307 305 374 nequitias
323 313 447 375 potenter
466 321 611 376 expugnas,
630 313 666 374 te,
685 306 807 374 Domine,
825 311 965 362 trementes

172 387 199 432 et
217 377 550 446 supplicesvdepreoamur,
570 393 602 431 ao
619 377 744 445 petimus,
761 383 793 430 ut
809 377 880 430 hanc
898 391 966 432 orea-

171 456 259 503 turem
284 450 347 503 salis
375 457 402 503 et
427 460 512 516 aquae
532 449 671 516 dignanter
690 448 812 516 aspicias,
838 448 965 516 benignus

170 521 295 588 illustres,
323 521 431 587 pietatis
450 527 512 574 tuae
530 534 592 574 rore
611 517 773 586 sanctifices3
797 526 828 573 ut
852 518 966 573 ubicum-

172 606 224 659 que
243 590 324 645 fuerit
342 605 461 658 aspersa,
478 607 528 659 per
545 591 740 646 invocationem
754 590 839 644 saneti
856 591 968 645 nominis

171 663 220 730 tui,
239 663 324 716 omnis
341 662 476 716 infestatio
495 661 621 720 immundi
639 661 749 730 spiritus
767 661 899 729 abigatur,
917 669 967 716 ter·

171 748 269 801 torque
287 734 416 787 venenosi
434 735 566 800 serpentis
584 733 677 802 procul
694 732 818 801 pellatur,
845 739 873 786 et
890 748 965 800 prae·

171 805 258 860 sentia
275 805 360 858 sancti
379 804 493 872 Spiritus
506 805 584 859 nobis
596 803 805 859 misericordiam
818 810 892 857 tuam
906 819 964 872 pos·

170 875 298 945 centibus,
329 876 428 942 ubique
453 874 549 930 adesse
578 875 709 944 dignetur.
744 875 798 928 Per
826 875 966 928 Dominum

171 954 291 1001 nostrum
303 987 309 999 .
321 986 327 999 .
341 987 366 1003 ..
386 947 414 999 in
431 947 533 1001 unitate
548 947 667 1000 eiusdem
681 945 796 1014 Spiritus
814 947 901 1000 saneti
919 955 965 1000 etc.

206 1018 273 1071 Post
295 1017 503 1071 benedictionem
533 1033 636 1086 opum,
668 1016 794 1072 securim
817 1017 968 1070 Dominicis

170 1087 264 1142 dicbus
281 1093 426 1156 antequam
443 1089 558 1157 incipiat
581 1089 705 1154 lliiaeum,
731 1089 850 1156 aspergit
875 1088 967 1154 aliare,

170 1159 266 1212 deiude
283 1175 319 1226 sc,
339 1165 364 1213 ei
381 1161 525 1227 ministros,
552 1175 584 1213 oe
597 1159 731 1228 populum
745 1164 831 1226 prout
853 1159 885 1212 io
901 1159 966 1213 Μίε-

169 1230 223 1284 soli
235 1231 441 1298 praeteribitur.
461 1233 475 1298 (
476 1231 543 1285 Vide
560 1247 646 1299 supro
659 1245 725 1300 pag.
742 1233 815 1298 620.)

204 1300 305 1354 Postea
324 1301 516 1368 Obrr'ett'iidelce
528 1305 646 1370 possunt
664 1301 698 1354 dc
715 1302 778 1370 biso
802 1317 877 1368 aqua
894 1300 965 1354 berte·

168 1370 241 1424 decia
260 1373 424 1426 iocusculis
442 1375 499 1428 suis
518 1374 645 1441 accepere,
664 1379 689 1426 ei
706 1388 794 1426 seeum
808 1373 913 1438 deferre
930 1371 966 1424 od

167 1443 349 1512 aspergendos
366 1459 469 1514 capros,
488 1444 589 1511 domos,
617 1459 705 1513 agros,
729 1445 831 1509 cineas,
857 1449 883 1496 ct
900 1443 963 1510 aliu,

169 1519 195 1567 et
212 1515 252 1568 od
270 1531 329 1568 eam
345 1515 496 1568 iubendam
519 1517 550 1569 irc
568 1514 696 1568 cubiculos
712 1516 777 1582 eois,
802 1519 834 1568 ret
852 1531 885 1568 ea
903 1529 965 1582 quo·

170 1585 236 1640 tidie
254 1592 279 1640 ct
296 1588 405 1654 saepius
423 1588 530 1656 aspergi
542 1587 688 1654 possioi.¹)

191 1713 215 1759 i.
236 1713 385 1759 Benedictio
400 1714 567 1760 candelarum
581 1717 657 1760 extra
670 1713 737 1760 diem
751 1713 945 1759 Puriiieatiouia

394 1781 487 1826 beatae
502 1781 600 1826 Mariae
613 1780 740 1838 virginis.

207 1861 238 1915 V.
257 1860 426 1916 Adiutorium
444 1869 565 1917 nostrum
581 1863 610 1916 in
627 1861 732 1924 nomine
750 1861 868 1932 Domini,
888 1870 938 1917 etc.

207 1932 238 1988 V.
256 1933 387 1988 Dominus
404 1933 552 2002 vobiscum,
570 1941 619 1988 etc.

206 2002 324 2057 Oremuo.
343 2004 456 2058 Domine
474 2005 542 2059 Jesu
560 2004 674 2072 Christe,
696 2003 749 2058 Fili
767 2002 819 2058 Dei
836 2003 901 2072 vivi,
919 2003 964 2058 be·

166 2073 263 2140 ne†dio
273 2074 835 2144 candelosistassupplicationibusnostris,
853 2073 964 2128 infunde

167 2146 214 2215 eis,
233 2146 356 2213 Domine,
374 2161 424 2214 per
441 2147 566 2201 virtutem
584 2154 692 2202 sanctim
717 2145 830 2214 oru†ois,
855 2144 965 2200 benedi-

166 2218 281 2272 ctionem
299 2217 450 2286 coelestem,
469 2218 515 2284 qui
533 2233 580 2274 eas
598 2217 633 2272 ad
650 2216 819 2286 repellendas
837 2218 965 2272 tenebras

165 2288 282 2343 humano
301 2289 393 2356 generi
411 2289 527 2344 tribuisti
546 2289 678 2356 talemque
697 2287 911 2342 benedictionem
929 2289 964 2343 si-

165 2360 277 2426 gnaculo
298 2367 406 2414 sanetae
423 2361 528 2424 oru†ois
547 2361 685 2429 accipient,
703 2366 734 2414 ut
752 2359 964 2427 quibuscumque

164 2429 231 2484 locis
250 2445 386 2499 accensae,
412 2431 468 2485 sive
487 2432 592 2498 positae
609 2431 716 2500 fuerint,
734 2429 874 2486 discedant
891 2432 965 2499 prin·

165 2499 239 2566 cipes
257 2502 435 2570 tenebrarum,
455 2509 482 2556 et
500 2504 704 2558 contremiscant
715 2509 742 2556 et
755 2501 859 2569 fugiant
871 2499 967 2570 pavidi

165 2585 224 2622 cum
242 2572 364 2626 omnibus
382 2573 509 2628 ministris
536 2575 591 2628 suis
615 2574 649 2628 ab
672 2572 882 2628 habitationibus
900 2572 965 2640 illis,

163 2654 214 2692 nee
231 2651 404 2706 praesument
431 2644 545 2712 amplius
562 2645 720 2715 inquietare,
745 2652 791 2700 aut
817 2644 966 2699 molestare

162 2749 320 2766 m

177 2799 198 2852 ¹)
212 2801 294 2842 Ultimo
308 2805 398 2844 maioris
417 2807 568 2848 hebdomadae
585 2808 659 2848 iridbo
680 2819 738 2858 equa
756 2808 872 2848 benedicta
890 2817 965 2848 κιιιο·

214 2868 283 2907 rende
296 2875 329 2908 ent
343 2882 357 2910 s
370 2874 431 2912 vasis
445 2875 558 2918 ecelesiae.
586 2875 655 2926 (ti-13.
669 2876 692 2916 C.
706 2874 739 2916 12.
754 2875 806 2918 Nor.
819 2873 892 2924 ieri.)
