2152 3234
176 147 218 194 542
349 149 382 190 De
396 150 586 192 sacramentorum
598 149 793 191 admlmstratione.

176 252 294 308 trimonii
310 253 478 309 sanctitatem
491 259 519 307 et
531 252 651 308 valorem
663 251 805 320 attingant,
823 259 855 308 ιιι
865 258 922 308 tam
935 268 974 309 ec·

178 324 291 393 clesiae,
321 340 399 392 quam
418 323 555 379 societatis
580 323 711 378 humanae
736 323 855 394 intersit,
884 324 977 380 eadem

178 402 252 451 sarta
277 401 349 450 tecta
375 395 482 463 haberi3
511 399 586 450 aetas
611 423 643 434 -
663 394 779 463 leuamen
802 425 836 434 -
856 396 924 450 ordo
942 426 977 436 -

177 471 269 522 uotam
286 467 401 520 solemne
413 495 448 506 -
462 465 550 520 caitus
568 465 716 533 deperitura
727 494 762 504 —
776 467 901 535 mercatio
922 473 980 522 tam

176 537 328 604 naturalia,
350 542 407 592 tom
426 536 590 606 opintealaa,
616 541 674 590 tacco
691 536 784 606 leuatae
802 567 836 576 -·
855 539 981 604 affinitas

178 638 212 648 —
230 609 354 664 umam
372 608 485 676 wilica
503 634 537 646 -
554 608 654 662 almeo
677 636 712 646 —
735 612 833 678 raptae
851 638 885 648 -
905 609 980 664 cleo·
1053 643 1054 646 =

179 679 328 738 delinitae.

406 787 426 818 a.
439 776 472 816 Dc
485 775 639 825 lmpcdlnente
650 777 742 819 amris.

212 847 299 901 Error
311 845 413 900 versari
429 852 520 914 potest
533 846 577 899 vel
590 847 662 930 ejece
671 861 826 914 personam,
844 846 890 900 vel
904 849 981 903 cum

179 918 331 986 meditatos,
349 917 419 972 inter
437 931 504 984 quas
520 923 674 970 numeratur
693 917 815 984 fortuna.

215 989 306 1042 Error
323 989 397 1042 circo
410 1003 556 1056 personam
569 1017 602 1026 -
616 989 634 1041 i.
654 1002 678 1042 e.
697 989 742 1055 qui
761 989 898 1043 concernit
916 990 980 1045 sub·
1053 969 1054 996 ³

181 1059 306 1113 stantiam
325 1065 352 1112 ct
369 1058 533 1114 individuum
552 1073 692 1128 personae,
712 1074 824 1127 quacum
838 1059 981 1117 Matrimo·
1053 1119 1054 1128 χ

177 1129 250 1184 nium
264 1129 437 1198 contrahitur,
466 1130 505 1184 ita
522 1135 559 1198 ιιι,
585 1145 643 1183 cum
662 1130 722 1196 quis
739 1128 854 1184 intendit
872 1139 979 1186 conha-

177 1199 243 1254 here
262 1216 321 1254 cum
339 1216 394 1254 una
411 1206 484 1255 certa
509 1207 537 1254 et
560 1201 589 1254 in
612 1207 701 1255 mente
725 1215 775 1254 sua
799 1201 979 1258 determinata
1053 1251 1054 1256 ,

176 1285 309 1340 masona,
339 1287 390 1339 per
415 1285 533 1326 errorem
558 1272 698 1326 contrahet
715 1287 775 1325 cum
792 1271 846 1325 alia
865 1303 899 1314 -
917 1275 980 1329 iore

178 1343 302 1396 naturali
319 1344 413 1396 irritat
430 1343 652 1409 Matrimonium,
680 1343 745 1410 qaia
766 1359 820 1411 per
844 1344 982 1399 eiuanodi

178 1427 297 1467 arorcm
317 1413 422 1468 tollitur
439 1429 588 1467 consensus.
625 1413 716 1467 Error
742 1413 815 1467 circo
834 1415 981 1482 qaeidotea

171 1499 309 1552 personae
328 1491 391 1538 tunc
419 1485 505 1540 solum
522 1485 609 1538 irritat
627 1484 838 1554 Matrimonium,
866 1486 889 1540 si
908 1487 979 1542 eius·

176 1555 249 1610 modi
267 1571 345 1611 error
364 1555 499 1623 qualitatis
522 1554 654 1610 redundet
677 1555 705 1608 iu
723 1556 899 1610 substantiam
916 1573 979 1626 per·

176 1641 267 1697 sonae,
293 1628 312 1682 i.
331 1641 354 1681 e.
373 1627 397 1681 si
416 1626 530 1693 qualitas
556 1627 595 1680 ita
613 1634 654 1681 est
671 1634 774 1696 parata,
803 1635 834 1681 ut
851 1643 978 1700 persam,

176 1713 289 1766 quacum
307 1713 398 1752 errans
418 1698 559 1766 contrahit,
587 1697 667 1766 plane
695 1697 808 1767 uitalia,
837 1713 917 1766 quam
935 1715 978 1770 ea,

176 1783 289 1836 quacum
307 1769 464 1824 contrahere
489 1767 659 1838 intendebat3
687 1769 756 1823 ratio
775 1775 833 1838 est,
862 1771 926 1837 quia
949 1771 979 1826 iu

178 1839 230 1895 hoc
248 1857 312 1897 casu
330 1841 400 1894 circa
417 1854 560 1908 personam
584 1855 638 1894 non
665 1838 802 1894 conficitur
821 1855 978 1900 consensus.

366 1939 388 1978 b.
403 1939 435 1978 Dc
449 1938 603 1989 impedimunto
621 1937 657 1977 Via
671 1941 690 1977 et
703 1937 778 1982 Metus.

221 2005 269 2060 Vis
287 2014 315 2062 et
331 2007 423 2063 Metus
439 2009 467 2063 in
489 2016 591 2064 tantum
609 2007 771 2062 Matrimonii
792 2009 911 2064 valorem
927 2009 976 2066 im·

181 2075 307 2149 pediunt,
337 2087 467 2147 quatenus
486 2095 632 2134 consensus
649 2079 799 2134 libertatem
815 2081 844 2134 in
860 2088 976 2149 utroque

180 2148 226 2200 vel
242 2147 271 2202 in
297 2149 381 2206 altero
401 2151 573 2206 contrahente
598 2157 645 2205 aut
666 2151 771 2204 omnino
789 2151 901 2221 tollunt,
928 2159 977 2208 aut

180 2217 275 2301 saltem
292 2220 331 2274 ita
346 2220 500 2292 diminuunt,
524 2229 555 2276 ut
572 2221 675 2276 validus
698 2237 842 2278 consensus
856 2221 908 2276 dici
920 2237 976 2278 non

176 2297 307 2414 podlsddtua
322 2361 409 2416 irritat
422 2361 627 2433 Matrimonium,
647 2362 671 2432 a)
691 2361 797 2432 quaudo
814 2364 853 2420 ita
869 2371 974 2434 pertur-

179 2427 227 2484 bat
244 2448 321 2486 usum
338 2434 464 2504 rationis,
488 2440 518 2488 ut
535 2435 613 2488 tollat
640 2433 831 2489 advertentiam
850 2443 877 2490 et
893 2433 973 2490 liber·
1049 2484 1051 2503 ,

178 2505 276 2570 tatem3
294 2502 323 2572 b)
337 2503 452 2573 quando,
466 2505 590 2560 licetnon
608 2505 684 2560 tollat
697 2504 855 2574 hbertatem,
874 2513 915 2560 est
931 2513 973 2560 te·

177 2586 240 2652 men
257 2575 360 2646 mavis,
387 2575 484 2632 iniuste
509 2583 537 2631 et
559 2577 587 2630 in
604 2575 697 2630 ordine
722 2575 757 2632 ad
774 2575 973 2632 Matrimonium

174 2657 306 2701 incussus.

337 2749 338 2754 ι
381 2743 400 2771 c.
414 2733 446 2772 Dc
459 2734 612 2784 impedimento
626 2735 764 2786 Ooyauta'oaie.

215 2799 353 2872 Cognatio,
381 2817 449 2869 quac
466 2802 665 2862 Matrimonium
682 2805 789 2877 dirimit,
806 2805 904 2874 triplex
920 2809 970 2874 cst,
