2130 3242
178 173 219 218 tto
352 177 385 220 De
399 179 590 220 Sammentornm
604 177 801 218 administratione.

179 279 315 349 quidpiam
333 295 393 335 esse
412 278 614 348 temperandum
630 278 756 347 prudenti
781 277 983 346 dispensatione

179 351 300 420 suadeat,
326 351 421 406 eedem
438 351 596 419 Apostolica
621 349 705 405 Sedes
723 366 869 418 congruum
888 367 984 420 supre-

179 438 239 478 mae
259 437 324 478 suae
342 424 485 491 potestatis
503 421 649 476 remedium
669 437 700 475 ac
718 421 913 488 providentiam
932 423 983 476 im·

179 493 288 563 pendat.
308 493 486 561 Quamobrem
504 509 564 548 cum
591 494 678 547 animo
697 493 797 548 Nostro
821 493 986 561 iampridem

179 566 389 634 revolveremus,
409 565 602 619 ecclesiasticas
621 579 755 632 censuras,
774 579 844 631 quae
862 579 913 632 per
925 581 986 620 mo-

181 636 244 691 dum
262 637 333 691 latae
353 637 509 704 sententiae,
528 637 640 703 ipsoque
659 634 730 690 facto
748 635 927 690 incurrendae
948 636 986 690 ad

178 708 389 762 incolumitatem
408 723 440 761 ac
458 707 624 775 disciplinam
641 707 725 774 ipsius
735 706 874 761 Ecclesiae
893 713 986 762 tutan·

181 779 250 849 dam,
270 779 450 846 effrenemque
463 778 645 846 improborum
657 778 792 831 licentiam
806 778 987 834 coercendam

182 857 210 905 et
229 849 421 904 emendandam
439 857 530 904 sancte
548 864 598 917 per
616 849 734 917 singulas
748 855 851 904 aetates
865 849 986 906 indictae

182 937 214 976 ac
230 922 416 989 promulgatae
434 927 504 989 sunt,
529 937 654 988 magnum
672 919 864 974 adnumerum
883 924 985 976 sensim

115 1017 123 1032 ·
182 993 349 1062 excrevisse3
368 991 498 1060 quosdam
516 991 604 1060 ctiam,
622 991 788 1060 temporibus
806 992 983 1060 moribusque

182 1064 299 1132 mutatis,
319 1061 405 1117 atine
424 1070 503 1130 atque
523 1064 618 1131 causis,
637 1063 671 1116 ob
684 1077 751 1131 quas
764 1063 908 1130 impositae
926 1063 986 1119 fue·

181 1142 252 1203 rent,
277 1134 322 1188 vel
346 1149 363 1188 a
387 1134 501 1202 pristina
524 1134 648 1202 utiam,
672 1141 753 1201 atque
781 1135 985 1202 opportunitate

183 1204 330 1274 excidisse3
355 1219 467 1272 eamque
490 1205 524 1260 ob
549 1220 606 1259 rem
629 1220 684 1259 non
708 1204 892 1272 infrequentes
919 1207 987 1260 oriri

183 1277 240 1332 sire
265 1277 293 1330 in
317 1277 359 1346 iis,
384 1277 481 1344 quibus
505 1277 652 1332 animarum
676 1291 741 1330 cura
763 1277 905 1331 commisse
934 1285 985 1346 est,

182 1348 239 1403 siro
257 1347 286 1401 in
303 1347 368 1416 ipsis
386 1347 509 1402 fidelibus
527 1347 687 1416 dubietates,
712 1347 870 1416 anxiemtes,
897 1363 983 1418 ango·
1032 1411 1036 1420 ⁴

180 1433 279 1488 resque
297 1420 492 1488 couscientise3
519 1418 577 1474 Nos
600 1417 730 1474 eiusmodi
746 1418 922 1474 incommodis
942 1435 986 1474 oe·

181 1505 289 1545 currere
318 1491 457 1559 volentes,
484 1490 591 1558 plenam
620 1489 772 1544 earumdem
799 1491 987 1546 recensionem

181 1560 249 1632 fieri,
268 1562 405 1630 Nobisque
424 1561 538 1630 proponi
555 1561 688 1629 iussimus,
712 1568 751 1630 ut,
770 1560 891 1630 diligenti
909 1561 986 1616 adbi-

182 1633 240 1689 bita
257 1633 479 1700 consideratiune,
502 1639 690 1700 statueremus,
715 1647 845 1699 quasnam
871 1648 907 1686 ex
933 1634 988 1688 illis

183 1720 293 1761 servare
311 1721 343 1760 ac
361 1705 478 1759 retinere
497 1710 643 1772 oporteret,
668 1718 734 1771 ques
759 1718 824 1758 vero
849 1702 989 1759 moderari

183 1784 232 1832 aut
249 1777 380 1845 abrogare
399 1781 566 1843 congrueret.
590 1775 633 1828 Ea
650 1775 732 1843 igitur
748 1775 906 1829 recensione
923 1789 989 1844 per·

183 1854 252 1916 ecta,
278 1863 310 1902 ac
333 1847 537 1902 venerabilibus
562 1845 704 1900 Fratribus
722 1845 829 1901 Nostris
852 1845 880 1901 S.
898 1845 932 1901 R.
951 1847 987 1902 E.

184 1917 369 1973 cardinalibus
394 1919 424 1972 in
447 1917 561 1986 negotiis
579 1916 658 1971 Fidei
675 1916 851 1972 (ieneraiibus
868 1917 986 1985 Inquisi-

182 1989 286 2043 toribus
304 2004 354 2057 per
371 1990 524 2044 universam
533 1987 712 2043 Christianam
724 1989 928 2058 Rempublicam
940 1989 987 2044 de·
1053 2013 1054 2048 ι

183 2060 285 2127 putetis
302 2061 332 2114 in
349 2061 488 2115 consilium
506 2059 623 2128 adscitis,
645 2073 729 2127 reque
752 2059 799 2114 diu
823 2075 856 2114 ac
879 2067 987 2115 mature
1053 2053 1054 2072 ¹

183 2143 325 2200 perpense,
343 2139 418 2186 motu
434 2132 554 2200 proprio,
572 2139 647 2186 certa
664 2131 783 2200 scientia,
801 2139 909 2186 matura
919 2131 987 2186 deli·

183 2199 322 2255 beratione
339 2210 441 2273 nostra,
461 2202 547 2270 deque
568 2202 740 2270 Apostolicse
758 2201 875 2257 Nostrae
893 2210 987 2271 potes-

183 2271 247 2326 tatis
265 2272 430 2339 plenitudine
447 2274 499 2330 hae
516 2281 648 2343 perpetuo
661 2273 778 2328 valitura
788 2273 986 2329 Constbutione

184 2340 359 2412 decmnimus,
383 2351 414 2399 ut
439 2359 473 2400 ex
498 2345 706 2412 quibuscumque
723 2345 844 2400 censuns
862 2344 921 2400 sire
939 2347 985 2399 e'x·

185 2414 437 2484 communicationis,
462 2415 519 2472 siue
543 2416 734 2485 suspensionis,
760 2416 817 2472 sive
840 2415 986 2486 interdicti,

185 2498 254 2551 quae
272 2500 322 2552 per
338 2485 446 2540 modum
463 2487 535 2542 latae
549 2488 706 2556 sententiae,
724 2487 838 2556 ipsoque
855 2487 928 2544 iacto
945 2488 985 2542 in-

184 2554 332 2608 currendae
358 2556 487 2614 hactenus
513 2558 655 2627 impositae
682 2567 753 2628 sunt,
780 2559 888 2614 nonnisi
913 2557 984 2628 illae,

237 2663 382 2712 praecedente
396 2665 461 2706 bninr
475 2665 592 2716 Menuailr,
611 2668 658 2706 tum
673 2677 700 2705 cx
713 2667 885 2717 commentariis,
903 2667 983 2718 quium
1052 2713 1053 2722 γ

239 2727 266 2771 cl.
279 2728 306 2768 D.
320 2729 439 2780 Aranni,
460 2733 576 2781 presbyter
592 2733 717 2783 Romanus,
744 2733 826 2774 dictem
839 2722 984 2775 oanmtntlo-
1052 2737 1053 2770 l

239 2803 289 2832 nem
303 2794 428 2841 illustravit.
457 2797 579 2838 Pleniorem
594 2797 763 2847 explicationem
782 2799 837 2840 dant
850 2801 932 2840 Kaisar
945 2801 984 2840 Pe·

240 2859 332 2903 aurati.
340 2871 359 2904 a.
368 2857 427 2905 tate.
437 2872 458 2905 n.
469 2859 513 2907 U.
521 2860 541 2907 a
549 2865 572 2903 et
579 2863 657 2904 iliad.
664 2864 815 2910 sternata
823 2861 912 2910 latta
919 2860 984 2911 bt.
