2130 3242
176 175 217 230 tt!
349 189 383 230 De
397 191 587 232 sacramentorum
599 189 796 231 administratione.
820 231 823 240 ,

177 307 302 348 sonarum
318 299 453 348 momenta
471 291 612 361 diiigenter
634 291 796 348 attendenda
824 299 852 346 et
874 291 975 361 ponde·

176 363 261 418 rande
279 370 349 434 sunt,
367 371 395 418 et
413 365 436 419 si
455 361 562 418 dubium
579 379 634 418 non
652 365 794 432 evanescit,
822 364 976 433 Baptismus

177 435 227 490 sub
253 434 403 490 conditione
427 434 564 490 iterandus
589 441 638 490 est.
676 435 786 502 Quoties
804 449 870 490 vero
890 437 979 504 agitur

177 504 211 560 fle
229 506 368 575 Baptismo
386 521 403 560 a
421 507 585 572 societatum,
604 519 673 573 quae
692 521 721 560 se
739 505 978 574 germauocetboli·

176 591 230 646 cas,
255 583 302 632 out
332 578 534 632 communitates
563 577 662 632 liberas
693 578 820 648 vocitant,
847 578 977 634 ministris

176 649 283 720 collato,
302 663 407 718 semper
425 655 466 704 est
483 647 648 703 iterandus.“

264 773 322 828 DE·
336 773 581 828 SACRAMENTO
599 771 883 828 POENITENTIAE.

349 859 370 904 1.
397 859 538 906 instructio
552 859 667 906 nicusus
679 857 798 904 nomana·

202 935 235 985 ·1.
273 930 400 987 Sanctum
418 934 602 988 Poenitentiue
622 933 830 999 Sacramentum,
857 930 892 984 ad
920 945 978 1004 eos,

174 1003 220 1072 qui
237 1009 301 1070 post
318 1003 484 1072 Baptismum
501 1005 572 1072 lapsi
590 1009 659 1073 sunt,
685 1004 713 1056 in
732 1004 845 1072 gratiam
861 1003 917 1057 Dei
933 1018 975 1058 re·
992 1001 1001 1020 ⁸

173 1073 331 1143 stituendos,
351 1075 487 1130 aGhristo
500 1075 614 1130 Domino
631 1075 789 1143 institutum,
810 1089 843 1128 eo
862 1073 975 1144 diligen·

172 1144 226 1199 tius
246 1144 481 1201 administrandum
507 1153 556 1215 est,
582 1161 635 1214 quo
660 1145 825 1212 frequentior
851 1151 893 1200 est
919 1147 976 1202 cius

174 1229 247 1284 usus,
267 1223 295 1270 et
313 1231 366 1283 quo
384 1219 462 1286 plura
479 1219 651 1286 requiruntur
669 1216 781 1270 adillnsi
793 1223 867 1270 recte
885 1215 977 1286 digne-

175 1300 228 1353 que
245 1288 413 1342 tructandum
437 1305 468 1343 oo
494 1288 699 1357 suscipiendum.
735 1287 803 1342 Gum
827 1293 917 1341 autem
943 1287 977 1342 ad

174 1356 241 1411 illud
259 1359 472 1414 constituendum
489 1361 543 1414 tria
557 1367 722 1429 concurrant,
742 1359 862 1427 materia,
880 1357 976 1428 forma,

176 1435 203 1482 ot
221 1429 355 1499 minister;
374 1431 444 1486 illius
459 1430 566 1498 quidem
583 1438 718 1486 remota
741 1430 892 1484 materia
915 1438 977 1484 sunt

174 1507 294 1570 peccata,
319 1503 483 1570 proximu
510 1517 575 1556 vero
608 1508 670 1556 sunt
699 1507 773 1555 actus
804 1501 975 1570 poenitentis,

174 1585 271 1640 nempe
289 1573 421 1643 contritio,
450 1572 591 1642 confessio,
618 1579 646 1627 et
670 1571 832 1640 satisfacti03
866 1571 977 1628 forma

175 1649 273 1712 autem,
292 1643 339 1698 iliu
353 1645 528 1700 absolutionis
542 1644 640 1698 verba:
658 1644 720 1713 Epo
734 1643 888 1713 teuthonico,
909 1650 976 1712 etu3

174 1715 337 1770 minister
354 1715 471 1783 denique
489 1722 531 1771 est
544 1714 678 1783 sacerdos,
697 1714 799 1770 habens
812 1721 976 1782 potestatem

175 1785 333 1840 absolvendi
350 1785 394 1840 vei
420 1787 581 1841 ordinariam
606 1786 650 1840 vel
677 1785 835 1854 delegatam.
873 1785 976 1858 Sedsi

174 1857 322 1924 periculum
349 1859 442 1914 mortis
476 1858 625 1926 immineat,
657 1857 875 1925 approbatusque
907 1857 977 1912 desit

175 1926 363 1998 confessarius,
382 1929 494 1996 quilibet
512 1928 638 1984 sacerdos
663 1934 754 1996 potest
772 1928 976 1995 aquibuscnm·

175 2011 227 2066 que
246 1999 365 2054 censuris
384 2006 411 2054 et
427 2001 545 2070 peccetis
564 2000 712 2056 absolvere.
730 1999 762 2052 In
780 1999 838 2054 eius
852 2000 975 2055 ministro

173 2069 320 2136 requiritur
337 2071 419 2125 etiam
436 2071 549 2140 bonitus,
575 2071 693 2140 scientia,
719 2078 799 2138 utque
822 2070 978 2140 prudentia,

175 2153 236 2194 oum
254 2141 340 2208 sigillo
360 2149 480 2197 secretae
498 2141 672 2197 confessionis
698 2141 748 2196 sub
766 2146 862 2196 exacto
879 2155 977 2210 perpe·

174 2215 275 2278 tuoque
294 2211 409 2268 silentio.
446 2213 548 2280 Quibus
574 2220 601 2267 et
626 2213 685 2267 eliis
711 2211 791 2275 adid
816 2213 977 2282 opportunis

174 2286 206 2335 ut
208 2282 331 2404 nqptime·
342 2283 395 2339 siut
411 2284 542 2356 instructi,
560 2284 632 2339 omni
650 2283 738 2338 studio
765 2299 858 2338 curare
878 2283 981 2339 debent

174 2367 207 2406 co
238 2367 340 2410 ossam.

211 2425 237 2477 2.
273 2424 415 2492 Inprimis
439 2425 589 2480 meminerit
615 2425 802 2496 confessarius,
827 2439 857 2480 se
881 2424 979 2480 iudicis

174 2494 278 2562 pariter
302 2502 329 2550 et
353 2496 448 2551 medici
472 2511 616 2566 personam
640 2498 787 2566 sustinere,
813 2511 844 2550 ac
869 2495 977 2550 divium

174 2565 293 2620 iustitiae
321 2567 399 2622 simul
424 2573 452 2623 et
475 2567 673 2622 misericordiae
700 2568 848 2622 ministrum
877 2583 894 2621 a
915 2567 976 2622 Deo

175 2636 348 2691 constitutum
367 2653 435 2708 esse,
453 2645 484 2692 ut
501 2646 637 2707 tamquam
656 2639 756 2694 arbiter
773 2639 978 2694 interDeumet

175 2706 304 2778 homines,
324 2709 420 2764 honori
439 2709 529 2764 divino
547 2718 575 2764 et
593 2711 829 2766 animorumsoiuti
846 2710 978 2766 consulat.

212 2779 237 2831 3.
255 2777 293 2832 Ut
310 2794 374 2848 ergo
392 2785 466 2834 recto
484 2780 603 2835 iudicare
626 2788 715 2850 queat,
734 2782 888 2838 discernens
905 2782 978 2836 inter

175 2847 279 2918 lepram
298 2857 326 2905 ot
342 2851 453 2921 lepram
471 2858 500 2906 et
516 2857 652 2920 tamquam
669 2853 773 2922 peritus
790 2851 910 2908 medicus
920 2851 975 2906 nni·
