2146 3234
354 158 386 198 De
402 157 542 199 Sacramenta
555 158 697 199 Matrimonii.
883 156 924 202 ωδ

130 261 204 330 chus,
222 260 267 316 vel
285 261 328 314 eni
346 259 482 316 exsecutio
497 259 702 329 dispensationis
716 263 856 318 commissa
874 268 923 332 est

128 333 309 388 testimonium
324 330 472 400 legitimum
484 332 535 385 rite
555 329 642 386 factae
657 333 835 390 exsecutionis
853 333 926 403 apud

126 403 304 474 protocollum
321 403 472 458 vicariatus
491 403 690 459 asservandum.

151 541 189 588 10.
203 542 240 588 De
254 541 445 588 revalidationa
460 541 620 588 Matrimonii
634 541 743 588 annitar
758 543 895 587 contracti.
976 563 993 576 κ

171 617 214 668 (Mx
228 617 345 666 Romanula*
358 618 452 668 Ardeati,
467 619 569 668 Episcopi
582 618 715 668 Mpsletlensis
729 617 877 657 instructione

461 682 585 736 pastorali.)

160 758 359 814 Matrimonium
383 773 418 814 cx
443 758 542 828 duplici
567 759 654 828 capite
679 758 781 814 nahum
799 773 859 814 esse
876 775 924 827 po·

123 837 185 900 test7
204 829 328 884 videlicet
346 837 393 884 aut
409 839 520 900 propter
538 830 671 885 deiectum
696 845 850 899 consensus,
877 837 925 885 aut

127 902 162 956 ob
181 901 253 956 aliud
271 901 488 969 impedimentum
506 901 641 970 dirimens,
666 901 701 970 id,
726 900 798 969 qnod
823 915 858 955 ex
874 902 924 955 hu·

127 987 227 1040 easque
246 973 333 1027 allatis
351 971 429 1028 facile
447 980 530 1041 patet.
555 1003 590 1012 -
618 972 840 1041 Inpedimentum
857 987 923 1028 vero

126 1051 173 1098 aut
191 1050 233 1098 est
251 1044 390 1114 occultum,
409 1053 456 1098 aut
472 1044 622 1113 publicum,
649 1045 705 1098 sive
724 1045 771 1099 uni
787 1043 859 1112 parti
875 1059 924 1098 no·

124 1123 190 1184 tum,
204 1115 261 1169 sive
275 1115 388 1184 utrique,
403 1121 431 1170 et
444 1123 491 1170 ant
504 1115 728 1185 dispensationem
740 1115 862 1184 admittit,
877 1121 924 1170 aut

126 1185 335 1253 indispensabile
353 1193 480 1241 remanet.
509 1215 543 1226 -
571 1187 624 1241 Pro
643 1185 754 1254 singulis
771 1185 924 1242 huiusmodi

127 1257 234 1313 casibus
252 1256 412 1324 singularem
431 1257 609 1314 subnectimus
626 1258 835 1314 instructionem.

139 1387 161 1441 a)
175 1391 208 1430 De
221 1389 379 1428 revalidutione
393 1390 529 1430 Matrimonii
543 1391 600 1430 irriti
614 1392 643 1432 ob
656 1392 764 1431 deiectum
778 1402 904 1434 cousensus.

163 1467 316 1533 consensus
335 1467 413 1523 deest
429 1468 605 1524 Matrimoniis
629 1476 676 1524 aut
700 1485 852 1538 examore,
877 1477 924 1525 aut

125 1537 248 1608 pervim
267 1545 294 1592 et
311 1546 419 1608 metum,
438 1546 486 1594 aut
502 1555 552 1607 per
569 1540 761 1596 simulationem
780 1541 861 1596 initis.
879 1540 924 1596 Aa

127 1607 348 1664 revalidationem
372 1624 438 1665 vero
456 1610 607 1666 huiusmodi
620 1612 849 1666 Matrimoniorum
866 1627 924 1665 mu·

127 1686 191 1735 tuas
209 1680 354 1748 requiritur
371 1695 525 1748 consensus,
550 1689 645 1750 postea
664 1699 681 1738 a
698 1682 854 1751 coniugibus
872 1683 924 1737 sibi

124 1751 238 1806 invicem
264 1751 348 1807 libere
372 1751 556 1820 praestandus.
585 1781 619 1792 -
647 1754 675 1808 Si
698 1754 806 1808 nullitas
830 1754 923 1807 Matri·

128 1822 210 1877 monii
223 1823 329 1891 publice
337 1823 574 1893 innotuerit,·idem
584 1823 783 1880 Matrimonium
796 1825 847 1879 rite
861 1841 923 1878 con·

126 1892 228 1948 firmari
241 1894 341 1964 nequit,
360 1895 411 1950 nisi
424 1910 568 1950 consensus
581 1911 670 1951 coram
684 1897 802 1964 parocho
817 1902 844 1951 et
858 1894 923 1950 duo-

127 1965 178 2021 bus
196 1966 318 2035 testibus,
337 1967 441 2022 omissis
458 1973 548 2022 tamen
565 1967 826 2036 proclamationibus,
844 1982 923 2034 prae·

126 2036 230 2106 beatur,
250 2038 301 2092 etsi
318 2038 393 2106 prius
411 2038 538 2106 coniuges
555 2039 582 2092 in
600 2037 668 2093 facie
687 2038 816 2094 ecclesiae
829 2037 922 2094 Matri·

126 2108 244 2178 monium
268 2108 321 2162 iarn
343 2109 459 2166 inierint.
477 2139 511 2148 -
532 2108 560 2163 Si
582 2109 779 2164 Matrimonium
804 2109 921 2164 celebra·

126 2185 184 2233 tum
201 2178 252 2234 fuit
270 2195 360 2234 coram
378 2181 496 2248 parocho
516 2187 544 2234 et
562 2179 666 2234 duobus
683 2181 805 2249 testibus,
831 2188 858 2236 ct
876 2179 921 2235 de·

124 2249 211 2306 iectus
227 2251 339 2318 legitimi
357 2265 502 2306 consensus
512 2251 631 2306 occultus
649 2258 780 2321 servatur,
799 2259 862 2306 tunc
873 2267 921 2306 ao-

124 2337 175 2376 vus
194 2337 340 2376 consensus
359 2322 427 2376 clam
443 2322 514 2376 inter
528 2323 715 2377 contrahentes
730 2330 771 2377 est
783 2329 922 2390 praestan-

126 2392 184 2460 dus,
203 2407 253 2446 nec
266 2392 380 2461 amplius
390 2393 524 2460 parochus
534 2392 640 2461 duoque
650 2400 733 2448 testes
742 2394 921 2462 requiruntur.

161 2462 274 2530 Quando
292 2471 405 2531 uterque
431 2464 528 2519 coniux
550 2464 629 2520 huius
655 2463 774 2520 defectus
793 2465 843 2520 sibi
861 2481 923 2519 eon·

127 2533 199 2588 acius
218 2541 266 2603 est,
284 2550 329 2590 res
347 2535 447 2589 naham
460 2535 543 2589 habet
561 2534 749 2591 difficultatem,
762 2563 796 2574 -
810 2534 922 2603 Quando

127 2618 192 2658 vero
212 2620 357 2660 consensus
376 2620 410 2660 ex
428 2613 505 2674 parto
523 2605 602 2660 unias
619 2612 723 2661 tantum
740 2606 859 2675 coniugis
878 2606 923 2660 dc·
968 2637 971 2646 ·
991 2606 995 2613 '

126 2673 208 2730 fuerit
224 2675 307 2732 inscio
322 2677 407 2732 altero
425 2677 546 2746 coniuge,
565 2677 628 2745 quia
642 2678 743 2732 obvim
758 2692 806 2732 seu
823 2683 923 2731 metum

126 2745 155 2801 in
172 2744 371 2801 Matrimonium
389 2748 531 2816 consensit,
556 2754 620 2802 tunc
638 2748 774 2803 admonito
792 2748 867 2816 prius
885 2747 923 2802 al·

128 2823 188 2874 tero
207 2818 303 2874 marito
317 2816 351 2873 de
364 2818 486 2873 nrrllitme
495 2818 667 2888 Matrimonii,
686 2819 720 2874 ab
739 2825 923 2886 atroquecon·
