2106 3228
139 143 166 187 ta
306 143 413 186 mannae
426 144 582 186 nonnullarum
594 143 769 184 meditationum.

140 249 250 318 diendo,
269 248 385 304 visibilia
403 246 596 302 contemnendo
620 253 700 314 atque
719 246 868 315 appetitum
886 263 945 303 car·
1046 291 1047 316 ἶ

142 321 184 377 nis
204 319 383 376 refraenanda
401 319 551 374 redeamus.
580 317 617 387 (S.
638 317 717 386 Greg.
735 315 837 388 Magn.)
1046 319 1047 336 ¹

196 501 236 553 51.
255 499 436 552 MedItatio:
460 497 503 552 De
521 496 716 564 Purificutt'oae
733 497 768 551 B.
787 496 828 549 M.
851 495 882 550 V.

179 607 203 660 1.
232 602 269 658 Ut
287 604 393 658 divinae
412 603 513 672 gloriae
537 603 651 658 serviret
668 602 757 663 Maria
775 609 803 656 et
820 601 945 656 obediret

141 675 209 743 legi,
238 691 329 730 coram
347 675 498 728 hominibus
523 675 633 729 honoris
658 675 700 728 sui
723 674 793 728 ultro
810 673 943 746 iacturam

144 745 216 800 fecit.
254 747 285 799 In
303 746 355 800 hac
373 743 556 814 purificatione
575 761 629 799 non
645 745 730 813 virgo,
749 761 804 798 non
821 743 943 814 deipara,

142 817 265 872 seduna
284 832 317 870 ex
334 816 476 870 immundis
493 816 648 870 mulieribus
667 817 841 870 existimatur.
874 816 946 870 Hinc

144 888 272 955 intellige,
292 903 384 941 veram
403 887 514 955 gloriam
528 903 588 941 esse
601 888 629 940 in
644 887 733 940 divino
748 886 877 954 obsequio
895 902 946 955 po-

143 960 230 1014 sitam.
264 958 384 1013 Tametsi
397 959 540 1025 pessimum
555 958 671 1012 omnium
683 965 711 1012 te
725 958 819 1012 haberi
832 971 946 1012 necesse

141 1029 231 1098 foret,
250 1029 329 1083 modo
348 1030 424 1084 Deus
442 1029 574 1098 laudetur,
601 1045 655 1083 non
674 1036 716 1084 est
733 1028 945 1084 detrectandam.

143 1101 242 1169 lesus,
272 1101 317 1167 qui
341 1101 369 1154 in
387 1101 585 1154 circumcisione
603 1099 715 1154 formam
739 1101 888 1169 peccatoris
904 1101 946 1154 in·

145 1171 211 1238 duit,
239 1171 357 1238 itemque
376 1171 464 1225 Maria
487 1172 516 1225 in
541 1171 725 1239 purificatione
749 1188 803 1226 non
831 1172 948 1226 obscura
1046 1177 1047 1184 ’

145 1243 219 1297 illius
237 1243 359 1297 veritatis
378 1243 510 1311 praebent
533 1250 697 1310 argumenta.
733 1243 806 1297 Vera
824 1242 910 1310 gloria
929 1258 948 1296 a

145 1313 243 1368 iudicio
264 1313 353 1368 divino
371 1316 451 1383 plane
470 1313 576 1382 pendet.
666 1323 667 1328 ’
726 1365 730 1374 ,

179 1385 214 1441 Π.
242 1385 330 1439 Maria
348 1385 464 1440 devovet
481 1392 590 1439 aeterno
608 1385 684 1438 Patri
708 1384 893 1439 suavissimum
912 1399 946 1438 ac

146 1454 345 1511 dilectissimum
355 1457 465 1524 Filium3
475 1457 532 1525 ipse
543 1471 649 1524 quoque
661 1455 781 1510 Christus
791 1471 820 1510 se
833 1463 946 1510 aeterno

147 1526 222 1580 Patri
241 1527 343 1595 obtulit,
369 1528 403 1582 ad
421 1526 630 1596 promovendam
648 1527 705 1581 eius
724 1527 835 1596 gloriam
854 1532 881 1580 et
898 1541 946 1594 ge·

148 1599 221 1654 neris
238 1599 347 1654 humani
360 1599 480 1654 salutem.
509 1599 611 1666 Cogita,
631 1598 764 1652 Christum
781 1604 845 1652 tunc
863 1597 947 1652 etiam

148 1668 183 1722 ad
201 1676 228 1724 te
247 1671 407 1738 respexisse.
444 1669 513 1737 Quid
539 1671 564 1724 ei
589 1669 691 1724 debes?
728 1669 851 1723 Accende
869 1670 897 1721 in
916 1677 945 1724 te

146 1755 243 1808 purum
260 1742 346 1796 zelum
365 1742 466 1810 gloriae
483 1741 536 1794 Dei
554 1747 581 1794 et
600 1741 692 1795 salutis
709 1741 832 1809 proximi.
870 1738 946 1794 Offer

148 1819 176 1865 te
194 1811 253 1866 Deo
272 1812 307 1866 ad
322 1814 431 1880 quaevis
446 1812 543 1879 ardua3
572 1811 706 1867 detestare
733 1813 850 1880 priorem
867 1818 946 1879 tepo-

147 1897 212 1936 rem.
231 1912 265 1922 -
284 1883 380 1952 Hodie,
399 1884 517 1952 piissime
536 1884 611 1951 iesu,
630 1881 713 1937 offero
732 1883 788 1951 tibi,
815 1881 948 1951 quidquid

147 1953 212 2006 mihi
226 1955 390 2010 carissimum
409 1959 457 2022 est,
476 1970 530 2022 cor,
549 1955 723 2024 voluntatem,
743 1954 862 2023 effeetus,
888 1970 945 2008 om·

148 2024 207 2078 nia:
227 2025 271 2079 Nc
284 2026 418 2094 prodictus
434 2041 476 2077 aaa
493 2041 512 2078 a
528 2024 600 2090 facie
617 2031 673 2078 tua.

181 2096 229 2151 III.
257 2095 345 2149 Maria
372 2109 437 2150 suae
464 2096 492 2148 in
510 2095 617 2150 Patrem
641 2095 808 2150 liberalitatis
826 2094 944 2150 imctum

145 2165 229 2221 refert
247 2167 452 2235 amplissimum3
470 2167 524 2220 iam
542 2167 612 2222 enim
629 2174 772 2236 recuperat
796 2167 895 2220 Filium
915 2176 945 2222 et

145 2237 275 2292 honorem
293 2253 378 2292 suum.
414 2238 485 2292 Nam
504 2237 611 2292 Simeon
630 2253 689 2292 eam
702 2239 766 2292 colit
779 2245 809 2292 ut
820 2238 873 2292 Dei
886 2255 944 2292 ma·

145 2317 221 2378 trem,
240 2309 351 2362 miratur
370 2316 400 2362 ut
412 2309 550 2377 virginem,
570 2316 597 2364 ct
614 2309 642 2362 in
659 2310 790 2378 porrectis
810 2310 867 2364 eius
880 2309 943 2364 bra-

145 2381 211 2434 chiis
229 2381 322 2434 Jesum
339 2381 453 2447 reponit.
486 2381 514 2433 Si
532 2381 669 2449 honorem,
688 2381 711 2435 si
729 2388 867 2434 cortuum
880 2381 944 2436 Deo

145 2450 261 2520 dederis,
281 2451 424 2504 etiamnum
441 2452 469 2504 in
486 2452 537 2506 hac
554 2451 611 2505 vita
628 2452 771 2519 largiorem
789 2450 944 2507 mercedem

145 2522 267 2590 accipies.
302 2521 386 2588 Quam
405 2537 487 2576 suave
506 2529 555 2590 est,
573 2530 628 2576 tam
641 2522 745 2576 liberali
758 2522 874 2576 Domino
887 2538 945 2578 ser-

144 2593 210 2661 vire,
229 2593 274 2659 qui
293 2592 366 2647 danti
384 2600 492 2648 terrena
510 2594 637 2648 coelestia
653 2593 796 2661 rependit?
818 2593 874 2647 Our
886 2609 946 2648 acu

145 2664 216 2717 coelo
230 2669 366 2718 mutamus
379 2663 501 2719 terram?
533 2665 622 2736 Quare
639 2679 695 2718 aba
709 2664 819 2718 caduces
832 2665 948 2718 eruimus

145 2733 277 2788 ammae?
313 2735 402 2806 Quare
419 2753 475 2790 aaa
488 2737 621 2805 periturae
645 2737 784 2790 mcueata'u
801 2751 945 2804 compara-

144 2804 226 2860 mus?
256 2805 293 2875 (S.
313 2808 443 2878 Chrysei.)
