2138 3226
278 161 388 209 Quaedam
400 171 442 211 pro
456 163 565 204 exercitiis
579 163 736 212 spiritualibus
860 162 909 212 'iffi

145 263 189 318 Ne
207 265 334 333 proiicins
353 279 395 318 me
416 281 432 318 ι
448 264 517 320 facie
536 274 596 321 tua:
617 267 629 292 *
649 273 676 320 et
703 266 824 335 spiritum
848 284 908 324 san-

110 342 179 390 ctum
196 342 274 389 tuum
291 351 326 390 ne
345 335 451 391 auferas
469 353 486 391 ι
503 340 560 392 met

139 405 237 462 Redde
261 407 326 463 mibi
350 407 480 462 laetitiam
504 408 629 465 salutaris
655 407 709 462 ιιι.
736 409 795 462 et
812 408 908 477 spiritu

109 478 249 547 principali
268 476 395 534 confirma
412 482 468 533 mel

107 548 281 606 .Docebo'
273 549 380 616 iniquos
396 550 455 607 viss
472 551 580 606 tuas:
600 557 628 606 et
644 523 719 618 impii
742 548 778 604 sd
800 556 829 606 to
847 565 909 604 con

108 625 254 674 vertentem.

141 690 244 748 Libera
269 706 311 745 me
338 690 370 746 de
397 693 579 760 sanguinibus,
604 692 687 762 Deus,
713 691 789 746 Deus
816 692 909 748 solutis

108 775 199 816 meae·
220 763 279 816 *et
297 762 443 817 exsultabit
459 763 550 848 lingna
569 779 630 818 mea
647 763 775 818 iustitiam
791 769 874 821 ιιιιι.

142 831 267 899 Domine,
285 833 358 896 labin
374 849 436 888 mea
449 835 569 902 aperies.
590 837 649 890 et
662 851 693 890 os
706 849 795 890 meum
808 849 908 892 annun·

108 903 186 958 tinbit
203 903 311 958 laudem
328 911 410 958 tuam

144 975 276 1042 Quoniam
291 991 314 1030 ιι
306 975 458 1031 voluisses
472 975 638 1047 sacrificium,
653 976 787 1034 dedissem
800 976 906 1044 utique:

108 1046 304 1102 *holocaustis
322 1063 377 1102 non
395 1046 579 1102 delectaberis.

148 1115 314 1173 Sacrificium
328 1118 388 1173 Deo
408 1118 517 1186 spiritus
531 1117 769 1174 contribulatum*
787 1133 834 1173 cor
847 1133 908 1172 cou-

111 1188 204 1244 tritum
224 1193 252 1242 et
269 1189 452 1258 humiliatum
470 1189 553 1258 Deus,
571 1205 625 1244 non
643 1189 782 1259 despicies.

148 1259 270 1326 Benigne
287 1258 338 1328 fac,
356 1259 506 1344 Domine,
498 1277 526 1315 ιι
539 1261 611 1316 bons
624 1260 761 1316 voluntate
774 1266 822 1314 tue
835 1258 907 1327 Sion,

108 1331 171 1386 *ut
189 1328 363 1386 aedificentur
380 1332 450 1386 muri
467 1332 627 1390 Jerusalem.

145 1401 222 1455 Tunc
247 1401 399 1470 acceptabis
425 1401 583 1457 sucrificium
609 1401 735 1469 institiae,
759 1400 908 1456 oblationes

109 1472 328 1597 stubloloeausta:
348 1475 360 1500 ⁴
378 1480 442 1527 tnnc
469 1473 607 1542 imponent
631 1489 713 1540 super
730 1472 814 1526 altare
832 1478 908 1526 tuum

107 1559 135 1596 vi
176 1559 216 1598 os.

144 1614 239 1670 Gloria
256 1614 332 1668 Patri
350 1621 400 1670 etc.
419 1643 453 1654 -··
474 1615 548 1671 Sicut
565 1620 631 1670 erat.

146 1684 178 1739 V.
198 1685 321 1754 Domine,
345 1702 398 1740 non
417 1686 563 1741 secundum
580 1690 692 1754 peccate
715 1689 808 1738 nostra
824 1683 908 1738 facias
995 1709 1001 1727 .

106 1756 194 1826 nobis,

142 1827 178 1952 ἐι
197 1827 293 1894 Neque
312 1827 456 1882 secundum
473 1828 628 1895 iniquitates
650 1832 756 1882 nostres
774 1825 908 1883 retribuas

106 1914 142 1952 no
161 1914 194 1954 ιι.

143 1968 266 2024 Oremus.
298 1969 381 2038 Deus,
407 1971 452 2038 qui
472 1971 550 2054 culpa
568 1968 719 2038 offenderis,
743 1965 909 2050 poenitentia

109 2039 235 2124 placeris,
253 2055 348 2107 preces
362 2041 456 2109 populi
472 2043 512 2096 tui
531 2041 704 2110 supplicantis
720 2039 853 2108 propitius
865 2051 907 2090 re·

109 2111 192 2180 spice,
213 2117 240 2165 et
257 2109 366 2179 flagella
382 2119 446 2166 tuae
460 2111 621 2179 iracundiae,
641 2127 709 2178 quae
727 2107 907 2179 propeccatis

108 2182 209 2238 nostris
229 2197 378 2251 meremur,
404 2191 503 2239 averte.
541 2183 594 2236 Per
613 2183 746 2238 Christum
763 2180 907 2234 Dominum

108 2260 239 2308 ιοιιιιιιι.
275 2253 370 2309 Amen.
731 2319 735 2326 ⁸

206 2323 323 2378 Tantum
341 2339 407 2392 ergo
425 2365 431 2378 .
448 2366 454 2378 .
470 2365 499 2383 ..
518 2323 639 2378 Genitori
652 2323 811 2390 (lenitoque.

148 2396 180 2450 V.
198 2395 353 2458 Panemde
371 2396 446 2450 coelo
464 2395 621 2464 praestitisti
639 2395 686 2462 eis,

144 2467 180 2521 R.
201 2465 286 2520 Omne
305 2466 526 2522 delectamentum
544 2467 571 2520 iu
590 2481 619 2520 se
637 2466 787 2520 habentem.

144 2537 229 2605 Deus,
248 2537 294 2604 qui
306 2538 384 2593 nobis
398 2538 447 2592 sub
460 2538 631 2594 Sacramento
644 2528 759 2590 mirabili
769 2531 906 2588 Passionis
980 2591 985 2603 ,

110 2615 174 2663 tuae
197 2609 353 2662 memoriam
365 2609 511 2692 reliquisti3
522 2608 610 2663 tribue
624 2621 793 2674 quaesumus,
806 2605 845 2659 ite
856 2617 910 2656 nos

115 2678 245 2753 Corporis
257 2686 285 2733 et
298 2679 440 2747 Sanguinis
454 2680 494 2736 tui
509 2695 587 2734 sacre
594 2679 721 2748 mysteria
733 2674 864 2757 venerari,
877 2679 908 2726 ut

113 2741 376 2818 redemptionistuse
390 2749 520 2805 fructum
512 2767 541 2803 ιιι
553 2751 630 2805 nobis
644 2749 741 2816 iugiter
754 2745 907 2803 sentiamus.

112 2820 164 2888 Qui
181 2821 252 2876 vinis
269 2827 297 2876 et
314 2836 412 2890 regnas
429 2822 457 2875 in
476 2822 583 2878 saecula
600 2820 775 2876 saeculorum
813 2815 907 2868 Amen.

766 2903 802 2956 7*
