2138 3226
166 201 206 246 184
420 203 477 246 Ordo
490 205 548 244 vitae
563 203 712 247 sacerdotalis.

165 305 244 361 Fecit
260 321 310 360 nos
326 321 438 375 repetam
462 310 487 359 et
509 305 661 360 sacerdotes
677 305 738 360 Deo
763 309 789 359 et
805 305 888 360 Patri
904 321 966 362 sao.

166 377 261 448 (Apoc.
276 376 326 446 l.);
340 393 392 445 quo
406 383 462 432 tam
474 377 594 445 proxime
607 377 733 431 acceditis
747 376 781 430 ad
791 377 918 445 Angelos,
930 378 968 432 ad

165 448 289 516 Mariam,
307 448 341 502 ad
360 448 502 516 Christum,
521 448 555 502 ad
572 449 675 518 Deum3
702 447 738 501 ari
750 448 869 517 Angelos
887 449 967 503 mini·

166 520 249 576 sterio
268 526 295 574 et
311 518 461 574 iunctione:
488 536 538 574 vos
565 535 657 574 omnes
681 520 784 587 pariter
809 535 841 573 ac
858 519 968 590 Angeli,

166 593 229 648 osteo
247 591 476 646 administratorii
490 592 618 658 spiritus,
645 591 676 644 io
692 591 871 644 ministeriam
888 591 969 646 misai

161 667 275 732 propter
293 677 344 728 eoa,
360 663 407 729 qut
418 661 591 716 hereditatem
608 661 715 730 capient
727 661 839 729 salutm,
857 661 892 716 ad
905 662 966 716 Ma·

165 734 234 788 riam
250 733 396 787 relatione:
415 731 521 800 dequo
538 738 621 786 notos
639 737 678 786 est
694 733 787 799 Jcsaa,
812 732 859 800 qui
877 734 966 800 quoti·

167 804 210 859 die
228 804 262 858 de
280 819 350 858 novo
368 803 397 857 in
414 804 512 858 vestris
535 803 658 858 manibus
675 803 749 858 velut
766 804 795 857 in
812 809 889 858 utero
904 804 966 859 Vir·

166 875 235 944 ginis
249 875 416 942 incarnatum
431 873 470 940 ¹ad
484 874 618 929 Christum
638 881 788 943 potestate:
806 875 876 928 sicca
891 877 969 930 misit

166 963 207 1000 ote
225 946 316 1013 Potes,
335 950 360 998 et
375 960 422 1014 epo
440 946 516 999 mitto
534 961 597 999 eos:
615 945 649 1000 ad
666 946 754 1000 Deum
771 947 859 1013 ipsum
880 945 967 1014 digni·

166 1024 237 1072 tate:
255 1016 317 1085 Eoo
332 1015 400 1084 dmi,
418 1016 602 1071 attestatos.
630 1017 715 1084 Quale
729 1031 794 1085 ergo
808 1024 966 1086 monstrum,

167 1087 245 1156 quale
263 1093 424 1155 portentum,
443 1103 502 1141 cum
520 1087 547 1157 ii,
566 1087 611 1155 qui
630 1087 715 1156 gradu
732 1102 857 1156 supremo
876 1104 908 1142 ac
926 1088 967 1143 di·

166 1159 267 1228 gnitate
282 1173 384 1213 summa
405 1157 439 1212 ad
453 1158 555 1226 apicem
570 1158 638 1214 coeli
657 1165 685 1214 et
697 1159 822 1213 thronum
835 1159 888 1213 Dei
902 1174 965 1213 eve·

166 1230 274 1298 huntur,
292 1229 411 1284 moribus
428 1227 525 1283 infimis
551 1236 579 1284 et
596 1230 652 1284 vita
677 1229 731 1284 ima
749 1229 784 1284 ad
802 1229 965 1298 profundum

167 1299 265 1369 abyssi,
284 1307 311 1353 et
329 1301 510 1355 characterem
528 1300 630 1355 bestiae
643 1301 841 1369 deprimuntur!
863 1302 964 1369 Homo,

166 1387 228 1426 cum
244 1372 275 1424 io
291 1371 391 1424 tortore
408 1376 481 1439 esset,
505 1387 561 1426 ooo
577 1373 723 1440 e'otelleoa't,⁸
740 1378 913 1441 comparatos
927 1378 965 1427 cst

166 1443 294 1497 iconentis
320 1442 517 1510 insipientibus,
552 1448 577 1497 et
603 1444 700 1498 similas
724 1444 816 1510 factate
838 1449 877 1498 eat
899 1444 964 1500 titas.

168 1513 222 1584 (Pa.
231 1513 284 1583 48.)
295 1542 329 1552 -
343 1513 405 1583 „Sic
419 1513 497 1569 decet
510 1515 615 1570 omnino
630 1514 741 1569 clericos
752 1515 780 1568 in
794 1521 896 1570 sortem
909 1516 967 1570 Do·

166 1585 231 1640 mini
248 1591 358 1640 vocatos
385 1585 467 1640 vitam
485 1600 627 1653 moresque
654 1601 717 1642 suos
741 1601 833 1640 omnes
858 1602 966 1655 compo·

165 1661 296 1782 titii
308 1656 533 1782 iiiiuniiu’
558 1658 823 1783 ἳέἓᾛὲἰῖὲίἳξ
846 1657 965 1784 titi-²

168 1799 248 1866 gione
271 1798 380 1866 plenum
403 1814 469 1867 prae
494 1745 644 1868 segfrerant3
668 1799 739 1854 levia
760 1799 841 1854 etiam
858 1798 967 1869 delicta,

170 1884 238 1936 quae
255 1869 285 1922 in
301 1869 367 1943 ipsis
385 1871 500 1924 maxima
524 1878 628 1940 essent,
654 1869 796 1938 effugiant,
823 1875 967 1926 uteorum

169 1939 288 1994 actiones
303 1941 402 1996 eunctis
417 1940 530 1996 afferant
542 1941 767 1996 venerationem.“
783 1940 875 2008 (Oooo.
888 1942 965 1997 meo.

170 2009 239 2066 Sese.
258 2014 303 2064 22.
323 2027 344 2065 e.
362 2016 387 2065 1.
408 2011 441 2066 cie
458 2013 520 2078 ref.)

205 2080 251 2136 Ν.
287 2081 417 2150 Mortem,
430 2083 563 2152 Aopetom
574 2081 709 2138 custodem
723 2088 749 2138 et
757 2081 872 2138 Soootoa
881 2083 967 2138 colite.

169 2150 292 2219 Mariam,
309 2151 391 2208 filiam
407 2153 460 2207 Dei
477 2153 574 2222 Patris,
592 2162 704 2209 matrem
724 2154 776 2208 Dei
791 2153 862 2221 Filii,
885 2170 967 2223 spon·

170 2238 228 2279 sam
242 2222 356 2291 Spiritus
377 2225 469 2294 sancti,
488 2225 616 2294 templum
632 2226 715 2280 totius
731 2225 879 2295 Trinitatis,
897 2227 969 2280 coeli

171 2299 199 2348 et
215 2300 305 2348 terrae
322 2311 355 2350 ac
371 2297 538 2364 potissimum
551 2297 616 2352 cleri
626 2297 747 2365 reginam
760 2311 862 2352 summo
876 2296 968 2353 studio

170 2364 259 2420 colite.
297 2365 403 2421 Pariter
421 2376 529 2424 sanctos
545 2375 675 2436 patronos
693 2376 750 2423 tum
768 2367 890 2436 nominis,
909 2375 970 2422 tum
1059 2397 1060 2430 1

169 2435 236 2492 loci:
255 2444 362 2492 sanctos
380 2437 535 2494 sacerdotes
553 2446 581 2494 et
596 2439 707 2507 levitas,
725 2445 863 2506 totamque
878 2439 971 2494 auriam
1059 2491 1060 2509 ,

171 2507 315 2562 coelestem
332 2509 379 2577 pia
396 2509 538 2565 devotione
557 2525 662 2580 semper
680 2509 768 2579 colite,
794 2509 973 2578 eamdemque

172 2577 341 2634 devotionem
359 2580 418 2635 aliis
435 2581 573 2650 inspirate.

207 2650 240 2708 V.
275 2651 408 2706 Pietatem
422 2651 517 2719 fovete.
553 2652 686 2708 Pietatem
704 2659 735 2707 ut
752 2666 890 2707 sacramm
908 2649 970 2706 fon·

172 2719 289 2776 monum
315 2729 466 2778 vestrarum
496 2724 618 2779 comitem
644 2722 800 2778 fidissimam
824 2722 973 2778 tenerrime

171 2789 270 2852 fovete.
305 2793 411 2848 Eccrce
435 2795 550 2863 tapsum
572 2795 610 2848 od
623 2796 761 2863 pietatem.
790 2794 825 2863 (1.
845 2793 914 2847 Tim.
933 2794 972 2864 4.)

171 2863 242 2920 Nam
258 2863 401 2934 plurimum
417 2865 490 2920 vaiet
508 2865 543 2921 ad
561 2865 735 2922 attentionem
747 2863 844 2920 mentis
861 2864 973 2933 parien-
1058 2933 1059 2940 ἵ
