2108 3226
336 162 412 203 Altera
425 162 547 212 gratiarum
561 164 627 204 actlo.
839 159 881 204 127

79 267 150 334 lesu,
169 265 216 334 pie
235 265 348 334 medice,
375 265 419 333 qui
437 264 517 318 hodie
536 264 705 334 descendisti,
724 266 878 334 priusquam

79 353 206 406 morerer,
227 343 255 390 et
273 337 319 403 qui
336 353 390 390 non
409 336 494 391 solum
511 337 663 405 imposuisti
680 337 746 390 mihi
763 353 878 407 manum,

80 409 125 463 sed
139 409 223 462 etiam
237 408 348 461 voluisti
360 407 503 490 languores
516 423 590 462 meos
604 415 651 462 tuo
670 408 755 462 livore
769 423 878 477 sanare3

81 495 143 534 sana
162 479 281 532 animam
298 493 399 547 meam,
425 479 488 545 quia
511 479 621 547 peccavi
645 479 702 532 tibi.
738 480 878 546 Ingressus

80 549 223 618 aliquando
237 550 356 603 Zachaei
368 549 475 603 domum
489 549 594 605 dixisti:
612 549 692 604 hodie
710 549 773 603 haic
786 549 880 603 domni

79 623 153 675 salus
164 622 244 689 sacto
258 625 304 674 est.
332 623 471 688 Ingressus
488 621 541 674 iam
555 637 593 690 cs,
613 637 628 675 o
644 620 758 689 Christe,
773 620 880 675 domum

82 693 187 746 animae
206 707 298 760 meae,
317 691 360 746 dic
381 693 414 760 ei,
439 707 552 759 quaeso:
577 693 652 746 solas
672 697 721 746 tna
739 707 786 761 epo
806 707 881 759 annm

81 765 113 818 ab
133 763 206 819 omni
224 764 314 831 specie
332 763 403 816 mala
417 779 483 817 sana
496 778 570 832 eam;
592 763 626 816 da
639 763 677 816 illi
692 764 825 831 integram
839 778 880 818 sa-

80 835 191 890 nitatem
209 834 238 887 in
257 839 401 901 conspectu
420 835 550 903 omnium,
576 841 603 889 et
621 835 746 890 exsiliens
764 833 880 888 laudabo

80 912 106 960 te
121 913 149 960 et
163 905 251 959 dicam
263 920 382 972 semper:
398 906 584 974 onopnifioetnr
597 906 740 972 Dominus,
755 906 801 973 qui
810 905 880 960 bene

82 978 170 1031 omnia
187 975 253 1030 iecit
271 983 298 1030 et
316 982 405 1030 mutos
422 976 497 1043 loqui
515 982 542 1030 et
560 976 655 1031 surdos
674 976 777 1035 audire.

114 1059 157 1098 Hic
177 1059 253 1098 revela
266 1059 361 1098 Domino
380 1060 439 1098 viam
455 1061 517 1099 tuam
538 1062 560 1098 et
579 1059 719 1099 infirmitates
739 1061 803 1108 tuas,
826 1068 881 1108 quas

82 1123 127 1172 ipsa
141 1125 254 1174 portavit,
269 1134 308 1162 ora
322 1134 379 1172 eum,
393 1126 419 1162 nt
431 1127 454 1163 te
467 1126 530 1164 sanet
544 1125 571 1164 ab
585 1125 623 1163 illo
638 1125 753 1174 languore,
768 1135 811 1174 qno
824 1125 881 1175 tepl-

83 1189 122 1228 dns
136 1199 169 1237 oc,
184 1191 227 1228 etc.

115 1260 196 1314 faria
216 1259 248 1311 V.
280 1257 428 1312 Considera
443 1257 578 1312 Christum
591 1264 622 1312 nt
632 1265 778 1326 posterna.
796 1260 879 1313 Erra-

80 1344 173 1384 reram
187 1329 256 1384 sicut
270 1329 336 1397 ovis,
357 1344 426 1395 qnae
440 1329 529 1398 periit,
550 1329 598 1384 scd
614 1346 758 1386 conversus
773 1347 832 1386 sum
846 1330 881 1384 ad

79 1407 114 1469 te,
132 1406 271 1468 pastorem
290 1401 393 1454 animae
411 1415 506 1469 meae3
525 1408 563 1470 tu,
583 1417 598 1455 o
617 1409 711 1469 pastor
730 1402 808 1470 bone,
834 1403 880 1468 qui
928 1397 932 1406 '

79 1473 168 1539 pascis
194 1487 237 1524 me
263 1472 451 1540 aiuventute,
477 1472 627 1540 imposuisti
649 1488 691 1526 me
709 1474 737 1526 in
754 1474 881 1528 humeros

80 1552 148 1612 tuos,
169 1549 197 1596 et
210 1543 239 1595 in
251 1542 312 1596 loco
325 1557 452 1611 pascuae,
471 1542 554 1597 idest
568 1543 695 1611 Corporis
708 1544 756 1611 tui,
776 1557 819 1596 me
832 1544 880 1597 ho·

81 1613 122 1668 die
141 1613 290 1668 collocasti.
330 1612 400 1680 Quid
416 1614 482 1668 mihi
501 1613 627 1682 deinceps
646 1614 750 1668 deerit?
769 1613 822 1666 iam
838 1628 880 1666 su·

80 1700 129 1752 per
147 1685 271 1753 aspidem
290 1690 317 1737 et
334 1685 487 1740 basiliscum
505 1685 655 1753 ambulabo,
675 1693 702 1738 et
720 1683 881 1738 conculcabo

81 1757 188 1811 leonem
207 1762 236 1809 et
254 1755 404 1809 draconem.
437 1756 479 1810 Ne
498 1756 652 1811 discesseris
671 1771 688 1808 a
705 1757 763 1824 me,
779 1754 882 1809 custodi

82 1843 122 1882 me
140 1834 174 1882 ut
191 1826 322 1895 pupillam
341 1827 424 1896 oculi,
454 1826 538 1882 donee
556 1827 688 1896 perducas
707 1842 749 1880 me
769 1825 804 1880 ad
820 1842 881 1895 pas·

82 1914 131 1952 cua
148 1899 223 1952 vitae
242 1905 378 1952 aeternae.

116 1971 200 2025 Faria
221 1971 268 2023 Vl.
307 1967 454 2023 Considera
473 1968 607 2023 Christum
632 1973 663 2022 ni
677 1967 881 2036 redmptonn.

81 2039 231 2095 Redemistr'
247 2054 300 2108 me,
327 2039 481 2107 mdemptor
498 2040 542 2106 mi,
569 2047 596 2093 et
621 2041 747 2094 misertus
766 2055 795 2093 es
814 2040 881 2108 mei;

83 2112 187 2166 solvisti
212 2110 318 2164 vincula
342 2109 403 2164 colli
426 2111 491 2178 mei;
517 2111 618 2165 oJesu
637 2110 757 2178 Christe,
787 2125 881 2165 servus

81 2189 142 2238 tuus
163 2199 224 2236 sum
237 2196 288 2249 ego
307 2188 335 2236 et
347 2181 417 2236 filius
431 2181 544 2235 ancillae
558 2188 634 2249 tnae;
649 2181 753 2236 custodi
767 2182 882 2234 animam

82 2270 184 2321 meam3
204 2261 267 2307 tuus
282 2269 340 2320 sum
354 2267 413 2321 ego,
432 2253 460 2305 in
474 2268 568 2306 manus
582 2259 643 2307 tuas
657 2252 812 2306 commendo
828 2253 881 2336 spi·

81 2325 161 2379 ritum
179 2339 277 2393 meum,
295 2323 495 2391 redemistime,
513 2324 636 2392 Domine,
655 2324 729 2378 Deus
749 2325 879 2393 veritatis,

82 2395 265 2464 insanguine
292 2403 347 2464 tuo,
376 2410 407 2448 ac
432 2394 528 2449 eodem
552 2394 631 2449 hodie
656 2393 806 2450 laetificasti
834 2409 881 2482 eor

83 2468 210 2520 menml

117 2539 256 2594 Sabbato.
273 2533 422 2590 Considera
433 2534 567 2590 Claristnrn
578 2542 609 2590 nt
618 2551 754 2604 mansam
766 2534 789 2589 Ο
803 2536 883 2590 Jesul

84 2615 211 2677 tanquam
229 2622 345 2674 sponsus
370 2607 519 2675 procedens
544 2607 578 2661 de
596 2607 714 2661 thalamo
738 2614 785 2661 tuo
804 2621 884 2674 spon-

84 2683 146 2736 sasti
167 2693 211 2733 me
236 2678 286 2732 tibi
303 2678 383 2732 hodie
407 2679 436 2732 in
460 2679 664 2746 sempiternum,
692 2693 742 2746 ego
766 2677 884 2732 vicissim

85 2767 183 2819 sponso
198 2765 242 2804 me
260 2749 322 2817 tibi,
349 2765 419 2817 pone
438 2765 480 2802 me
504 2757 534 2804 ut
559 2749 723 2817 signaculum
749 2754 883 2815 superte,

83 2838 162 2890 quem
179 2821 273 2889 recepi
290 2819 380 2890 hodie,
400 2827 427 2875 et
445 2821 522 2890 elegi,
540 2827 571 2874 nt
589 2834 664 2876 esses
677 2819 742 2899 mihi
755 2819 838 2871 Deus.
850 2843 884 2855 —
