2130 3242
158 155 200 198 424
333 159 366 198 Do
380 158 571 200 &momentorum
585 155 782 198 uimimnrmone.

157 259 354 318 restitutionem
372 257 572 328 promittere;¹)
599 257 646 324 qni
670 256 712 312 bis
736 261 784 312 eut
808 261 852 312 ter
870 269 901 311 se
918 271 962 312 re-

160 332 314 386 stituturum
331 331 474 400 pollicitus,
503 330 559 386 suis
577 328 715 397 promissis
733 343 787 382 non
806 326 897 396 stetit;
915 327 963 396 qui

158 402 320 458 haeredibus
333 402 389 458 suis
403 417 493 456 curam
506 399 666 454 restituendi
678 398 813 466 relinquit,
832 397 898 454 dum
910 414 963 467 per

157 489 187 530 se
201 475 288 542 ipsum
301 472 330 528 id
343 472 432 528 iacere
451 478 557 541 posset;
576 471 623 539 qui
642 485 704 526 aere
723 470 811 526 alieno
830 477 962 538 gravatus

157 546 187 600 in
203 546 285 614 victu,
302 544 410 612 vestitu,
433 543 563 598 famulatu
587 549 638 596 etc.
657 555 789 610 expensas
815 541 897 611 subit,
926 541 963 596 ob

159 632 225 684 quas
235 614 383 685 praevidet,
394 631 423 672 se
436 621 534 684 postea
547 613 697 668 debitorum
709 628 818 668 suorum
832 612 963 668 solutioni

157 689 288 757 imparem
305 686 372 744 iore.
408 686 483 742 Idem
506 684 648 740 dicendum
672 683 705 738 de
729 683 791 752 illo,
817 684 864 751 qui
889 685 966 740 bona

159 759 279 828 gaudem
297 757 420 826 fortune,
449 773 504 812 non
529 757 587 810 vult
612 762 710 810 statum
734 770 811 809 suum
829 755 963 823 paulatim

160 831 297 899 minnere,
324 835 354 884 ut
372 829 548 884 creditoribus
566 825 720 882 satisfaciat.
738 855 772 866 -
793 824 822 880 Si
840 833 965 894 opponet

155 902 312 970 poenitens,
341 915 371 955 se
389 901 491 968 absque
508 900 613 954 iectme
629 897 717 952 famae
744 912 800 952 non
817 912 901 964 posse
919 913 963 952 re-

156 973 275 1040 stituere,
294 969 473 1028 confessarius
492 969 617 1026 ostendat
633 968 757 1037 modum,
786 984 842 1036 quo
871 967 962 1024 iamne

156 1044 295 1098 consulere
314 1043 408 1110 possit

195 1113 282 1170 Valde
301 1121 392 1169 errant
415 1113 559 1180 debitores,
586 1112 632 1180 qui
651 1111 773 1166 omnibus
791 1109 891 1166 debitis
909 1109 962 1166 sol·

158 1184 253 1240 vendis
267 1185 391 1253 impares,
409 1201 460 1253 per
477 1185 620 1240 caesionem
638 1183 768 1238 dommum
781 1181 963 1236 emersere
1035 1231 1043 1243 ,

158 1255 239 1310 ctiam
256 1256 372 1310 inridier
390 1255 495 1325 factam,
514 1255 548 1310 ab
566 1255 694 1310 ulteriore
713 1253 846 1310 solutione
864 1253 960 1308 immu-

157 1341 206 1382 nes
225 1342 254 1383 sc
272 1327 433 1385 existiment.
464 1327 556 1382 cessio
575 1327 646 1380 enim
663 1326 795 1380 bonorum
813 1339 864 1392 per
882 1338 912 1379 se
930 1330 960 1378 et

154 1398 206 1454 uisi
224 1398 371 1454 creditores
388 1398 537 1456 debitorem
555 1412 682 1466 expresse
701 1396 884 1464 liberaverint,
902 1409 959 1450 non
1056 1433 1057 1436 η

156 1470 227 1524 tollit
244 1469 435 1538 obligationem
452 1469 587 1526 ulterioris
605 1467 760 1537 solutionis,
786 1466 836 1524 sed
854 1472 960 1522 tantum

155 1540 295 1610 suspendit
313 1548 341 1596 et
359 1541 457 1600 differt.
477 1569 510 1580 -
529 1540 643 1608 Insignis
662 1538 737 1594 fraus
755 1554 772 1592 a
789 1537 959 1597 debitoribus

155 1613 337 1681 committitur,
357 1613 380 1668 si
394 1619 537 1679 antequam
551 1610 611 1666 ioro
626 1610 730 1678 cedant,
749 1609 837 1664 edbuc
850 1616 960 1664 mutuas
1027 1611 1030 1620 '

155 1685 283 1752 pecunias
298 1684 438 1753 accipiunt,
457 1682 614 1750 quibuscum
628 1681 774 1750 eufupnnt,
792 1693 899 1736 necnon
912 1679 960 1748 qui

154 1755 300 1812 notabilem
317 1761 419 1823 partem
447 1755 577 1809 bonorum
602 1769 711 1810 suornm
736 1752 869 1820 colantes,
899 1767 961 1806 cum

154 1826 330 1882 creditoribus
349 1832 520 1895 componunt,
537 1823 714 1893 efficiuntque,
732 1823 819 1879 uthis
836 1822 960 1878 modicae

157 1898 242 1964 pertis
260 1896 344 1954 debiti
361 1897 488 1954 solutioni
513 1895 698 1964 acquiescant,
729 1901 855 1963 putantes
880 1894 961 1962 plura

158 1966 288 2025 solvendo
307 1969 424 2037 imperes
442 1982 503 2023 esse
520 1967 665 2022 debitores.
697 1967 783 2022 Porro
801 1966 829 2034 ii,
848 1966 895 2033 qui
913 1963 960 2018 de·

157 2037 274 2093 bitorum
292 2038 364 2094 bona
382 2055 451 2096 suas
475 2039 504 2094 in
531 2037 624 2094 domos
642 2038 790 2106 rccipiunt,
817 2037 863 2093 vel
881 2035 961 2090 aliter

158 2121 206 2164 eos
219 2109 248 2162 in
260 2109 312 2166 illis
331 2109 497 2166 occultandis
514 2109 544 2164 in
560 2108 683 2164 fraudem
701 2107 862 2164 creditorum
876 2108 960 2162 mcu-
1055 2103 1056 2112 ’

159 2183 201 2237 ier
214 2186 242 2233 et
254 2180 397 2246 efficaciter
405 2181 540 2249 adiuvant,
561 2187 592 2235 ut
603 2179 706 2236 bandis
720 2186 911 2248 cooperatores
925 2176 962 2232 ad

160 2249 356 2308 restitutionem
374 2268 481 2320 quoque
498 2253 527 2306 in
540 2250 647 2308 deiectu
663 2251 813 2306 debitorum
825 2256 959 2306 tenenmr.

182 2331 305 2383 (Quomodo
319 2337 428 2384 agendum
442 2337 472 2376 alt
486 2347 536 2376 eum
549 2333 685 2376 moribundis
699 2335 800 2376 obnoxiis
814 2334 962 2376 restitutioni·

155 2384 205 2425 vide
219 2385 277 2427 inira
290 2389 313 2426 in
327 2391 398 2438 capite
412 2391 454 2440 „de
469 2400 522 2430 cura
536 2392 558 2430 et
571 2389 697 2430 visitatione
713 2387 884 2440 inarmornm“>

178 2491 201 2544 ¹)
215 2493 265 2533 Non
279 2497 314 2535 eat
326 2495 482 2546 inquietandns
495 2507 536 2536 nec
549 2495 670 2546 poenitens,
686 2497 724 2546 cni
736 2505 764 2535 ex
776 2495 853 2534 mnino
866 2493 962 2544 percipit

207 2559 293 2600 lucrum
307 2561 355 2611 lege
371 2563 430 2603 clviii
445 2565 561 2614 statutum,
581 2573 622 2603 noc
636 2563 791 2610 confessarius,
811 2562 848 2611 qni
862 2561 886 2601 in
899 2562 960 2601 bone
1055 2585 1056 2602 ι

209 2627 251 2666 tide
265 2628 372 2669 eiusmodi
392 2631 542 2678 poenitentem
563 2631 667 2679 dimittit,
689 2629 804 2670 dummodo
823 2629 918 2678 peretur
930 2627 959 2668 rit

208 2693 301 2742 umque
315 2695 375 2734 sture
389 2695 499 2736 mandatis
514 2705 531 2739 r.
546 2695 607 2736 Sedis
629 2696 660 2745 (d.
672 2697 785 2738 meeum.
800 2692 958 2736 6.]11111881.

209 2757 230 2798 8.
244 2757 266 2797 0.
281 2757 353 2808 Officii
367 2758 399 2799 81.
416 2761 470 2810 dap.
486 2760 549 2811 18813
565 2760 596 2801 17.
607 2762 656 2804 Just.
671 2760 734 2804 1888.
748 2763 771 2802 ei
784 2759 819 2804 2⁷.
828 2760 879 2804 Nos.
895 2757 957 2812 im,

210 2823 256 2866 ori.
270 2825 349 2866 aare.
364 2825 399 2864 XI
402 2827 424 2866 V.
440 2828 466 2866 dc
480 2827 527 2878 Sem.
542 2828 610 2871 dioec.
624 2828 659 2872 lib.
674 2828 708 2870 10.
722 2840 768 2880 cop.
783 2827 798 2868 4
811 2834 834 2868 et
847 2826 878 2874 d.)
