2146 3234
112 178 114 194 ’
182 189 223 232 58⁰
357 192 390 232 ne
405 195 597 233 sacramentorum
610 191 807 235 administratione.

184 293 260 348 eitius
279 293 449 361 dispensatur
467 283 549 364 super
574 293 701 349 affinitate
724 309 759 348 ex
784 294 882 362 copula
899 294 980 363 licita,

183 381 264 433 quam
280 361 385 433 illicita3
404 373 460 420 tum
478 376 509 420 ut
523 374 706 435 cognoscatur,
725 382 761 420 aa
777 367 858 420 etiam
871 381 982 420 annaur-
1054 395 1055 410 κ

182 442 226 491 rat
242 437 350 505 publica
367 438 510 506 honestas;
528 439 597 491 haec
615 438 685 491 eninr
710 453 769 491 aum
795 452 902 506 semper
921 454 983 492 oon·

183 515 273 562 currat
297 524 357 562 oum
381 507 507 564 affinitate
535 523 569 563 ex
596 509 693 578 copula
716 508 790 563 licita
819 509 865 575 (ex
890 509 985 563 illicita

183 580 280 648 copula
306 595 361 634 non
386 580 471 634 oritur
496 580 548 634 hoo
577 579 794 648 impedimentum
820 580 983 650 honestatis)

184 651 265 704 tacite
284 651 434 720 exponitur,
454 657 482 704 et
499 667 581 719 super
599 650 692 706 eadem
710 651 791 706 tacite
809 649 984 718 dispensatur

183 722 207 777 si
225 723 397 791 exprimatur,
416 721 548 790 quomodo
568 721 681 777 affinitas
698 729 759 778 orta
771 722 814 776 ‘sit
830 735 866 776 ex
884 722 983 790 copula

184 793 265 848 licita.
302 793 418 862 Dicitur,
445 809 526 861 super
546 795 638 862 omma
663 793 704 847 oet
730 793 846 847 secando
873 793 982 862 prada,

184 864 254 932 quia,
273 880 332 917 oum
350 863 463 919 affinitas
482 879 516 917 ex
534 865 631 933 copula
643 865 736 918 illicita
752 880 807 918 non
821 864 983 919 extendatur

184 936 256 989 trina
275 934 420 990 seeundum
437 935 557 1004 gradum,
581 951 614 990 eo
631 936 700 1004 ipso,
725 934 798 1002 quod
822 936 920 991 tertius
939 936 983 990 rel

183 1012 295 1075 quartus
313 1005 412 1074 gradus
423 1007 587 1076 exprimitur,
602 1005 762 1062 sufficienter
774 1007 902 1076 innuitur,
922 1022 982 1061 eam

183 1091 243 1132 esse
262 1091 297 1130 ex
310 1078 407 1145 copula
420 1077 500 1146 licita,
520 1084 548 1132 et
560 1079 660 1133 habere
675 1093 765 1133 seeum
778 1085 980 1133 concurrentem

182 1148 351 1202 honestatem
368 1149 510 1216 publicam.

218 1217 332 1286 Insuper
350 1234 456 1287 quoque
480 1220 509 1273 in
526 1220 670 1288 praedietis
687 1219 924 1289 propinquioribus
943 1219 981 1276 at·

183 1287 295 1345 finitatis
313 1290 440 1358 gradibus
459 1291 583 1346 addenda
600 1299 642 1347 est
660 1293 751 1360 origo;
775 1292 798 1345 si
823 1305 858 1344 ex
883 1292 981 1360 copula

181 1360 282 1430 illicita,
300 1362 352 1416 hoc
369 1361 464 1436 modo:
482 1362 529 1416 aad
547 1363 612 1431 qam
621 1363 712 1431 prima
726 1362 873 1429 affirmatis
889 1362 980 1432 prada
1054 1383 1055 1388 ¹

182 1446 211 1485 aa
228 1434 351 1500 attineat,
370 1449 403 1487 aa
420 1449 451 1488 eo
464 1435 645 1502 prooemiare,
664 1433 737 1502 qaod
752 1431 851 1488 Orator
867 1439 979 1488 matrem

182 1503 224 1557 aet
239 1518 356 1558 sororem
374 1504 464 1558 adtrao
480 1507 648 1573 superstitem
673 1505 705 1574 (si
730 1505 799 1559 eninr
824 1503 913 1559 adhue
940 1513 981 1560 est

182 1574 211 1628 in
228 1575 292 1645 rita,
312 1577 391 1630 edam
410 1575 538 1644 explicari
555 1575 645 1644 debet)
658 1577 804 1631 enormiter
817 1577 978 1645 reprotaret.

184 1645 213 1700 Si
231 1661 264 1701 ex
283 1648 379 1715 copula
396 1646 476 1714 liaita,
494 1648 618 1714 ponitur:
636 1647 684 1702 aad
697 1647 764 1716 qaia
776 1648 869 1716 primo
887 1647 978 1714 affini

183 1719 249 1772 tatu
271 1718 364 1787 prada
387 1733 415 1772 ae
440 1720 564 1787 attineat,
588 1734 621 1772 aa
644 1733 674 1772 eo
695 1719 877 1786 proveniente,
906 1717 979 1786 quod

186 1787 284 1844 Orator
297 1791 379 1858 prius
395 1805 507 1844 aaaron
523 1789 648 1844 habuerit
665 1794 785 1856 matrem,
802 1789 843 1843 aet
860 1803 979 1844 sororem

186 1858 253 1914 Orat
275 1862 280 1872 ’
301 1863 325 1928 ’,
343 1860 401 1914 vel:
420 1860 468 1915 aad
486 1861 553 1929 qaia
566 1861 657 1929 primo
671 1866 696 1914 et
708 1859 825 1915 eomodo
837 1859 981 1928 affinitates

181 1931 318 2000 pradum
337 1933 467 1999 amineam
484 1947 518 1986 ea
535 1947 565 1985 eo
578 1931 805 2000 proamieatdms,
824 1931 897 1999 quod
915 1931 980 1986 Ora·
1054 1955 1055 2002 ᾗ

183 2006 227 2054 tor
235 2003 317 2069 prius
331 2019 442 2056 amorem
454 2003 579 2057 habuerat
591 2008 762 2057 materteram
777 2002 909 2057 Oratrr'rt‘a
919 2043 927 2058 .
937 2043 944 2056 .
956 2043 979 2058 ..
1054 2015 1055 2018 ’

183 2071 235 2125 Vel
253 2072 339 2126 adhue
358 2074 455 2128 elarius
469 2082 496 2128 et
507 2074 615 2129 brevius
626 2073 811 2143 (exrolumine
823 2073 859 2127 IL
868 2074 929 2128 Aet.
948 2089 982 2128 aa

183 2142 219 2195 iis
236 2143 350 2212 decept.
364 2160 427 2213 pag.
443 2145 527 2215 128.):
546 2145 585 2200 N.
594 2146 632 2200 N.
642 2150 740 2214 petam
753 2145 981 2213 desponsationem

183 2227 265 2280 saper
281 2215 470 2283 impedimento
489 2218 577 2284 primi
601 2218 632 2270 ta
649 2215 722 2270 tiata
740 2215 903 2271 codateratis
920 2215 982 2282 affi-

183 2285 279 2340 nitatis
295 2285 407 2355 aradae,
431 2286 528 2341 ariade
547 2288 739 2356 provenientis,
763 2285 837 2356 quod
870 2285 983 2342 Oratrr'a

181 2353 267 2422 faerit
289 2359 383 2411 summ
410 2359 588 2412 Matrimonia
619 2375 678 2412 eum
703 2357 829 2426 defuneto
858 2356 982 2412 oratoru

181 2424 277 2495 fratre,
301 2429 423 2483 autrico
441 2445 529 2497 versa,
555 2430 627 2500 qaod
652 2435 745 2484 orator
764 2429 849 2497 sarrit
873 2429 983 2483 iuuante

183 2497 362 2553 Matrimonia
388 2515 448 2554 oum
474 2501 602 2568 defanata
628 2499 759 2556 Oratriots
780 2515 879 2554 sorore.
917 2499 982 2554 Pari

183 2568 287 2624 ratione
313 2570 486 2638 exprimenda
512 2579 554 2627 est
575 2572 762 2641 provenientia
784 2571 864 2640 primi
888 2577 916 2626 et
937 2585 980 2626 se·
1054 2580 1055 2590 ¹

184 2639 264 2693 cundi
287 2639 421 2697 affinitatis
444 2642 543 2711 gradrm
574 2659 597 2698 s.
625 2659 650 2711 g.
680 2659 763 2712 emper
791 2641 980 2711 impedimento

182 2709 269 2777 prim
284 2727 318 2764 aa
334 2712 447 2766 arcuada·
463 2715 494 2767 r'rr
511 2714 742 2769 limaealtaterati
759 2714 903 2782 affirmat
918 2729 982 2784 pra·

185 2778 245 2848 dus,
263 2781 360 2834 ariade
368 2785 561 2852 provenientia,
576 2785 648 2854 quod
665 2784 765 2841 Orator
776 2786 861 2853 satra
873 2787 982 2840 innatos

184 2849 362 2906 Matrimonia
390 2869 451 2908 aum
475 2853 604 2922 defamata
627 2858 726 2925 amita,
754 2872 804 2912 sau
834 2861 979 2913 matertera
1054 2907 1055 2916 ,

888 3003 893 3032 t
