2138 3226
351 196 428 236 l’reoes
442 205 482 246 pro
495 196 652 236 sacerdotibus.
856 193 896 236 229

99 295 244 353 Attendam
261 296 379 366 lectioni,
405 297 584 352 exhortationi
602 305 630 352 et
647 297 799 367 dootrinoe3
821 315 895 354 mun·

13 431 14 440 χ
100 370 161 424 dnm
179 367 285 423 oderim
308 374 337 422 et
353 367 468 437 fugiam,
494 368 602 436 diligam
628 367 694 423 vero'
713 369 896 439 solitudinem;

101 440 151 495 dno
169 441 286 493 animam
299 454 387 493 meam
399 440 428 492 in
441 454 508 510 eam,
525 437 564 493 ibi
576 441 688 508 loquere
702 439 736 494 ad
751 455 797 493 tor
810 455 897 496 meum

99 519 127 566 et
144 510 212 566 doce
230 525 289 578 me,
315 509 378 577 quid
395 511 497 578 primns
520 510 617 565 faciam
633 517 668 580 et
692 511 759 566 alios
778 511 897 566 doceam.

99 583 188 650 thue
206 582 273 635 mihi
296 588 324 635 et
347 581 399 636 illis
417 583 596 636 necessarium
615 583 717 650 gratim
742 589 805 636 tuae
824 583 898 636 auxi·

98 654 163 708 lium
175 653 312 707 obtineam
323 651 365 705 iao
378 667 421 706 mo
430 653 517 707 virum
526 653 719 708 desideriorum
733 660 761 707 et
769 653 898 708 orationis

98 725 250 780 continuae.
288 721 424 779 Saurifieia
435 739 506 778 ¹mea
523 719 711 779 consumamur
729 731 757 778 et
773 725 902 792 placeant

11 855 12 864 χ
98 795 156 864 tibi,
175 794 299 862 Domine,
318 794 451 863 quotidie;
468 795 524 863 iugi
540 795 744 850 mortificatione
762 795 850 850 cornil
870 801 898 850 et

98 867 209 935 spiritus
227 864 350 919 immoler
365 866 424 933 ipse
443 881 525 933 supra
542 866 714 934 saorifioium,
743 873 899 935 gentemque

98 939 126 992 in
143 943 254 1005 pectore
272 951 332 990 meo
349 936 475 991 iudicium
500 937 616 992 omnium
639 939 667 992 in
685 945 831 1007 conspeetu
849 944 896 993 tuo

99 1023 220 1077 semper,
248 1012 279 1061 ut
296 1005 362 1062 mihi
379 1013 407 1062 et
424 1007 490 1076 illis,
519 1008 647 1076 quidquid
670 1009 722 1064 sois
741 1025 809 1078 opus
828 1023 896 1078 esse,

97 1079 240 1147 concedas,
265 1093 315 1146 per
332 1093 463 1132 summum
484 1078 641 1134 Pontificem
664 1087 785 1135 nostrum
804 1081 898 1136 desum

100 1151 253 1217 Christum,⁴
268 1149 366 1203 Filium
382 1156 465 1219 tuum,
490 1151 537 1217 qui
553 1157 641 1205 tecum
665 1152 732 1206 vivit
756 1158 784 1207 et
801 1157 896 1221 regnat

98 1223 126 1276 in
144 1221 255 1278 saecula
272 1220 446 1275 saeculorum.
482 1222 577 1278 Amen.

412 1350 487 1396 ontio
500 1352 592 1404 ormohi.

137 1433 350 1488 clementissime
379 1433 494 1488 Domine
524 1435 592 1488 Jesn
624 1434 745 1504 Christe,
776 1433 900 1490 Pontifex

100 1511 220 1574 aeterne,
236 1505 283 1571 qui
296 1519 338 1558 me
352 1503 488 1572 indignum
500 1503 627 1559 samnium
644 1512 720 1559 tuum
741 1504 776 1558 ud
788 1505 901 1560 innodo·

99 1591 162 1632 nem
179 1575 300 1630 muneris
312 1575 461 1643 Apostolici
478 1589 576 1630 vocare
591 1575 714 1644 dignatus
732 1591 770 1644 es,
788 1581 819 1630 ut
837 1589 902 1631 oves

100 1647 182 1702 huius
201 1647 280 1702 ovilis
298 1647 423 1701 salomnis
440 1647 540 1714 pabulo
559 1647 696 1702 doctrinae
717 1661 856 1715 pascerem
874 1653 902 1701 et

101 1719 233 1773 ecelesiae
251 1717 321 1786 huic,
347 1731 427 1784 quam
450 1724 497 1772 tuo
521 1719 640 1786 pretioso
666 1717 800 1786 Sanguine
823 1715 900 1772 rede·

101 1790 182 1859 misti,
200 1790 229 1842 in
240 1789 291 1856 his,
310 1804 379 1856 quae
394 1788 429 1842 ad
447 1795 474 1843 te
495 1797 558 1844 sunt
570 1803 739 1857 praeessem
756 1789 854 1843 horreo
872 1795 901 1843 et

100 1867 160 1916 toto
179 1874 293 1928 corpore
311 1860 500 1930 contremisco,
528 1861 633 1928 quoties
658 1858 812 1927 considero,
840 1861 900 1928 quis

103 1947 154 2000 ego
173 1932 224 1986 sim
238 1927 265 1985 'et
279 1929 343 1998 quid
360 1931 480 1998 requirat
497 1947 574 2000 onus,
592 1930 664 1999 quod
681 1930 791 1985 infirmis
809 1929 900 1986 hume-

98 2004 140 2057 ris
157 2003 225 2056 meis
242 2002 378 2058 incumbit.
403 1997 455 2068 Qu
469 2003 607 2071 enim'pro
620 2018 675 2056 nna
693 2008 721 2057 et
737 2003 796 2056 sola
812 2003 901 2056 anima

103 2089 164 2128 mea
181 2076 236 2127 nori
260 2089 370 2140 possum
393 2073 525 2127 rationem
547 2072 673 2142 reddere,
700 2081 749 2142 pro
773 2079 831 2128 toto
848 2074 901 2128 hoo

101 2159 184 2213 grego
210 2143 345 2212 quomodo
369 2143 501 2198 reddam?
538 2144 608 2212 Quid
631 2159 682 2214 ego
705 2143 816 2198 infelix?
847 2159 900 2212 quo
965 2185 967 2192 ,

101 2229 145 2270 me
163 2224 275 2284 vertam,
294 2216 317 2269 si
335 2221 438 2269 tantum
455 2215 618 2285 thesaurum,
637 2215 660 2270 si
674 2217 821 2284 pretiosum
834 2214 901 2269 illud

101 2285 270 2355 depositum,
295 2285 366 2354 quod
384 2286 433 2340 tibi
451 2285 585 2354 Sanguine
602 2287 712 2354 proprio
732 2287 901 2355 comparasti,

101 2358 241 2426 contingat
258 2371 300 2412 me
317 2357 494 2425 negligentius
514 2357 669 2412 custodire?
701 2358 820 2425 impares
839 2364 902 2412 sunt

63 2473 68 2488 ,
103 2443 168 2484 sane
186 2428 292 2481 humeri
309 2429 362 2482 mei
379 2434 455 2482 tanto
474 2429 563 2497 oneri,
587 2429 611 2484 si
635 2442 709 2483 meas
726 2429 799 2483 vires
816 2429 900 2496 respi-

101 2499 180 2556 elam
216 2498 395 2566 impeditioris
413 2505 442 2553 et
458 2499 585 2554 tardioris
598 2499 705 2568 linguae
723 2515 790 2567 sum,
808 2499 900 2554 neseio

101 2569 191 2638 loqui3
209 2583 278 2638 puer
291 2585 350 2624 sum
363 2577 391 2624 et
403 2569 461 2638 regi
475 2585 554 2638 quam
569 2583 664 2639 regere
678 2571 762 2639 magis
777 2569 901 2627 idoneus

101 2639 222 2696 Obseoro
240 2641 321 2709 igitur
338 2647 374 2710 te,
399 2642 547 2710 prinoipem
563 2648 709 2709 pastorum,
736 2642 782 2708 qui
798 2641 900 2694 nullum

101 2727 201 2767 vocare
220 2713 291 2767 soles
309 2711 344 2765 ad
362 2712 469 2780 aliquod
486 2728 581 2767 munus
600 2711 759 2782 obeundum,
784 2713 827 2766 oui
844 2726 899 2765 non

101 2784 185 2838 etiam
202 2795 249 2838 eas
266 2783 388 2852 largioris
407 2783 491 2853 dotes,
517 2784 613 2852 quibus
627 2789 737 2838 ornatus
756 2789 783 2837 et
800 2783 899 2837 instru-

101 2861 171 2923 ctus,
190 2869 266 2923 opus,
282 2853 316 2908 ad
330 2853 402 2922 quod
414 2861 525 2910 vocatus
539 2861 588 2925 est,
603 2853 682 2924 digne
695 2852 824 2922 perfloere
838 2864 899 2920 pos-
