<?xml version="1.0" encoding="UTF-8"?>
<!DOCTYPE html PUBLIC "-//W3C//DTD XHTML 1.0 Transitional//EN"
    "http://www.w3.org/TR/xhtml1/DTD/xhtml1-transitional.dtd">
<html xmlns="http://www.w3.org/1999/xhtml" xml:lang="en" lang="en">
 <head>
  <title>
</title>
<meta http-equiv="Content-Type" content="text/html;charset=utf-8" />
  <meta name='ocr-system' content='tesseract 3.04.00' />
  <meta name='ocr-capabilities' content='ocr_page ocr_carea ocr_par ocr_line ocrx_word'/>
</head>
<body>
  <div class='ocr_page' id='page_1' title='image "./manualesacerdot00schngoog_0447.png"; bbox 0 0 2130 3242; ppageno 0'>
   <div class='ocr_carea' id='block_1_1' title="bbox 327 157 905 217">
    <p class='ocr_par' dir='ltr' id='par_1_1' title="bbox 327 157 905 217">
     <span class='ocr_line' id='line_1_1' title="bbox 327 157 905 217; baseline 0.002 -3"><span class='ocrx_word' id='word_1_1' title='bbox 327 175 359 214; x_wconf 86' lang='lat' dir='ltr'><strong>De</strong></span> <span class='ocrx_word' id='word_1_2' title='bbox 373 173 514 214; x_wconf 62' lang='lat' dir='ltr'><strong>&amp;cremento</strong></span> <span class='ocrx_word' id='word_1_3' title='bbox 528 157 685 217; x_wconf 66' lang='lat' dir='ltr'><strong>Paenitentiam</strong></span> <span class='ocrx_word' id='word_1_4' title='bbox 864 172 905 216; x_wconf 76' lang='lat' dir='ltr'><strong>tlt</strong></span> 
     </span>
    </p>
   </div>
   <div class='ocr_carea' id='block_1_2' title="bbox 102 273 908 2906">
    <p class='ocr_par' dir='ltr' id='par_1_2' title="bbox 103 273 907 1340">
     <span class='ocr_line' id='line_1_2' title="bbox 138 273 903 343; baseline 0.003 -13"><span class='ocrx_word' id='word_1_5' title='bbox 138 275 267 330; x_wconf 81' lang='lat' dir='ltr'><strong>Recidivo</strong></span> <span class='ocrx_word' id='word_1_6' title='bbox 293 273 470 342; x_wconf 60' lang='lat' dir='ltr'><strong>indeposito,</strong></span> <span class='ocrx_word' id='word_1_7' title='bbox 503 274 548 328; x_wconf 85' lang='lat' dir='ltr'><strong>vel</strong></span> <span class='ocrx_word' id='word_1_8' title='bbox 574 274 655 328; x_wconf 83' lang='lat' dir='ltr'><strong>dubie</strong></span> <span class='ocrx_word' id='word_1_9' title='bbox 674 275 805 343; x_wconf 80' lang='lat' dir='ltr'><strong>disposito</strong></span> <span class='ocrx_word' id='word_1_10' title='bbox 828 275 903 332; x_wconf 78' lang='lat' dir='ltr'><strong>diffe-</strong></span> 
     </span>
     <span class='ocr_line' id='line_1_3' title="bbox 106 344 906 415; baseline -0.001 -13"><span class='ocrx_word' id='word_1_11' title='bbox 106 347 193 402; x_wconf 85' lang='lat' dir='ltr'><strong>rauda</strong></span> <span class='ocrx_word' id='word_1_12' title='bbox 210 353 253 402; x_wconf 86' lang='lat' dir='ltr'><strong>est</strong></span> <span class='ocrx_word' id='word_1_13' title='bbox 271 346 404 400; x_wconf 81' lang='lat' dir='ltr'><strong>absolutio</strong></span> <span class='ocrx_word' id='word_1_14' title='bbox 429 361 479 414; x_wconf 88' lang='lat' dir='ltr'><strong>per</strong></span> <span class='ocrx_word' id='word_1_15' title='bbox 496 344 604 413; x_wconf 75' lang='lat' dir='ltr'>aliquod</span> <span class='ocrx_word' id='word_1_16' title='bbox 630 353 736 413; x_wconf 87' lang='lat' dir='ltr'><strong>tempus</strong></span> <span class='ocrx_word' id='word_1_17' title='bbox 764 345 809 415; x_wconf 81' lang='lat' dir='ltr'><strong>(ad</strong></span> <span class='ocrx_word' id='word_1_18' title='bbox 826 349 843 400; x_wconf 87' lang='lat'>8</span> <span class='ocrx_word' id='word_1_19' title='bbox 861 347 906 402; x_wconf 88' lang='lat' dir='ltr'><strong>vol</strong></span> 
     </span>
     <span class='ocr_line' id='line_1_4' title="bbox 109 416 905 485; baseline 0 -11"><span class='ocrx_word' id='word_1_20' title='bbox 109 423 142 474; x_wconf 89' lang='lat'><strong>10</strong></span> <span class='ocrx_word' id='word_1_21' title='bbox 155 419 233 485; x_wconf 81' lang='lat' dir='ltr'><strong>dies),</strong></span> <span class='ocrx_word' id='word_1_22' title='bbox 252 432 338 484; x_wconf 79' lang='lat' dir='ltr'><strong>usque</strong></span> <span class='ocrx_word' id='word_1_23' title='bbox 353 416 415 471; x_wconf 89' lang='lat' dir='ltr'><strong>dum</strong></span> <span class='ocrx_word' id='word_1_24' title='bbox 429 424 560 485; x_wconf 87' lang='lat' dir='ltr'><strong>appareat</strong></span> <span class='ocrx_word' id='word_1_25' title='bbox 572 416 690 485; x_wconf 84' lang='lat' dir='ltr'><strong>pmdens</strong></span> <span class='ocrx_word' id='word_1_26' title='bbox 700 417 804 485; x_wconf 78' lang='lat' dir='ltr'><strong>signum</strong></span> <span class='ocrx_word' id='word_1_27' title='bbox 817 433 905 474; x_wconf 83' lang='lat' dir='ltr'><strong>emen·</strong></span> 
     </span>
     <span class='ocr_line' id='line_1_5' title="bbox 103 487 905 556; baseline 0.001 -12"><span class='ocrx_word' id='word_1_28' title='bbox 103 489 229 544; x_wconf 85' lang='lat' dir='ltr'><strong>dationis.</strong></span> <span class='ocrx_word' id='word_1_29' title='bbox 269 487 382 544; x_wconf 75' lang='lat' dir='ltr'><strong>studeat</strong></span> <span class='ocrx_word' id='word_1_30' title='bbox 400 495 489 542; x_wconf 87' lang='lat' dir='ltr'><strong>autem</strong></span> <span class='ocrx_word' id='word_1_31' title='bbox 507 487 694 556; x_wconf 82' lang='lat' dir='ltr'><strong>confessarius,</strong></span> <span class='ocrx_word' id='word_1_32' title='bbox 716 495 747 542; x_wconf 90' lang='lat' dir='ltr'><strong>ut</strong></span> <span class='ocrx_word' id='word_1_33' title='bbox 764 489 905 556; x_wconf 84' lang='lat' dir='ltr'><strong>poenitens</strong></span> 
     </span>
     <span class='ocr_line' id='line_1_6' title="bbox 105 559 906 628; baseline -0.002 -12"><span class='ocrx_word' id='word_1_34' title='bbox 105 575 191 628; x_wconf 83' lang='lat' dir='ltr'><strong>aeque</strong></span> <span class='ocrx_word' id='word_1_35' title='bbox 210 559 282 614; x_wconf 84' lang='lat' dir='ltr'><strong>ierat</strong></span> <span class='ocrx_word' id='word_1_36' title='bbox 300 559 454 614; x_wconf 87' lang='lat' dir='ltr'><strong>dilationem</strong></span> <span class='ocrx_word' id='word_1_37' title='bbox 472 566 500 612; x_wconf 88' lang='lat' dir='ltr'><strong>ct</strong></span> <span class='ocrx_word' id='word_1_38' title='bbox 516 559 631 614; x_wconf 76' lang='lat' dir='ltr'><strong>libenter</strong></span> <span class='ocrx_word' id='word_1_39' title='bbox 642 566 807 627; x_wconf 65' lang='lat' dir='ltr'><strong>revaelatum</strong></span> <span class='ocrx_word' id='word_1_40' title='bbox 826 575 906 627; x_wconf 83' lang='lat' dir='ltr'><strong>quem</strong></span> 
     </span>
     <span class='ocr_line' id='line_1_7' title="bbox 103 629 905 699; baseline 0 -13"><span class='ocrx_word' id='word_1_41' title='bbox 103 633 132 686; x_wconf 88' lang='lat' dir='ltr'><strong>iu</strong></span> <span class='ocrx_word' id='word_1_42' title='bbox 148 631 231 686; x_wconf 84' lang='lat' dir='ltr'><strong>finem</strong></span> <span class='ocrx_word' id='word_1_43' title='bbox 248 637 324 685; x_wconf 89' lang='lat' dir='ltr'><strong>notet</strong></span> <span class='ocrx_word' id='word_1_44' title='bbox 342 630 392 685; x_wconf 89' lang='lat' dir='ltr'><strong>sibi</strong></span> <span class='ocrx_word' id='word_1_45' title='bbox 403 629 476 684; x_wconf 73' lang='lat' dir='ltr'><strong>villud</strong></span> <span class='ocrx_word' id='word_1_46' title='bbox 499 631 529 686; x_wconf 86' lang='lat' dir='ltr'><strong>V.</strong></span> <span class='ocrx_word' id='word_1_47' title='bbox 547 631 622 686; x_wconf 85' lang='lat' dir='ltr'><strong>Petri</strong></span> <span class='ocrx_word' id='word_1_48' title='bbox 639 631 722 684; x_wconf 80' lang='lat' dir='ltr'><strong>Fabri</strong></span> <span class='ocrx_word' id='word_1_49' title='bbox 753 631 831 699; x_wconf 85' lang='lat' dir='ltr'><strong>„Erit</strong></span> <span class='ocrx_word' id='word_1_50' title='bbox 848 631 905 698; x_wconf 82' lang='lat' dir='ltr'><strong>qui·</strong></span> 
     </span>
     <span class='ocr_line' id='line_1_8' title="bbox 103 701 904 773; baseline -0.001 -15"><span class='ocrx_word' id='word_1_51' title='bbox 103 703 184 773; x_wconf 88' lang='lat' dir='ltr'><strong>„dem</strong></span> <span class='ocrx_word' id='word_1_52' title='bbox 195 701 329 756; x_wconf 88' lang='lat' dir='ltr'><strong>interdum</strong></span> <span class='ocrx_word' id='word_1_53' title='bbox 343 701 475 769; x_wconf 84' lang='lat' dir='ltr'><strong>agendum</strong></span> <span class='ocrx_word' id='word_1_54' title='bbox 493 701 611 770; x_wconf 74' lang='lat' dir='ltr'><strong>dmitos-3</strong></span> <span class='ocrx_word' id='word_1_55' title='bbox 630 701 678 759; x_wconf 81' lang='lat' dir='ltr'><strong>sed</strong></span> <span class='ocrx_word' id='word_1_56' title='bbox 695 701 839 756; x_wconf 84' lang='lat' dir='ltr'><strong>videndum</strong></span> <span class='ocrx_word' id='word_1_57' title='bbox 854 709 904 772; x_wconf 85' lang='lat' dir='ltr'><strong>est,</strong></span> 
     </span>
     <span class='ocr_line' id='line_1_9' title="bbox 106 771 906 845; baseline 0 -17"><span class='ocrx_word' id='word_1_58' title='bbox 106 783 154 845; x_wconf 87' lang='lat' dir='ltr'><strong>„nt</strong></span> <span class='ocrx_word' id='word_1_59' title='bbox 173 774 261 828; x_wconf 77' lang='lat' dir='ltr'><strong>enims</strong></span> <span class='ocrx_word' id='word_1_60' title='bbox 280 773 315 826; x_wconf 90' lang='lat' dir='ltr'><strong>sit</strong></span> <span class='ocrx_word' id='word_1_61' title='bbox 332 773 425 841; x_wconf 79' lang='lat' dir='ltr'><strong>duricia,</strong></span> <span class='ocrx_word' id='word_1_62' title='bbox 444 788 476 826; x_wconf 88' lang='lat' dir='ltr'><strong>ac</strong></span> <span class='ocrx_word' id='word_1_63' title='bbox 493 771 586 842; x_wconf 78' lang='lat' dir='ltr'><strong>ferme,</strong></span> <span class='ocrx_word' id='word_1_64' title='bbox 604 773 657 828; x_wconf 89' lang='lat' dir='ltr'><strong>nisi</strong></span> <span class='ocrx_word' id='word_1_65' title='bbox 674 772 743 830; x_wconf 81' lang='lat' dir='ltr'><strong>forte</strong></span> <span class='ocrx_word' id='word_1_66' title='bbox 761 788 827 842; x_wconf 83' lang='lat' dir='ltr'><strong>agas</strong></span> <span class='ocrx_word' id='word_1_67' title='bbox 846 789 906 828; x_wconf 89' lang='lat' dir='ltr'><strong>cum</strong></span> 
     </span>
     <span class='ocr_line' id='line_1_10' title="bbox 105 843 905 916; baseline 0 -16"><span class='ocrx_word' id='word_1_68' title='bbox 105 846 259 916; x_wconf 87' lang='lat' dir='ltr'><strong>„obstinato</strong></span> <span class='ocrx_word' id='word_1_69' title='bbox 282 843 338 912; x_wconf 87' lang='lat' dir='ltr'><strong>(qui</strong></span> <span class='ocrx_word' id='word_1_70' title='bbox 354 859 523 912; x_wconf 79' lang='lat' dir='ltr'><strong>nequaquam</strong></span> <span class='ocrx_word' id='word_1_71' title='bbox 541 843 719 899; x_wconf 86' lang='lat' dir='ltr'><strong>absolvendus</strong></span> <span class='ocrx_word' id='word_1_72' title='bbox 737 845 802 913; x_wconf 86' lang='lat' dir='ltr'><strong>est),</strong></span> <span class='ocrx_word' id='word_1_73' title='bbox 827 859 905 900; x_wconf 87' lang='lat' dir='ltr'><strong>nemo</strong></span> 
     </span>
     <span class='ocr_line' id='line_1_11' title="bbox 106 914 905 986; baseline 0 -14"><span class='ocrx_word' id='word_1_74' title='bbox 106 919 163 986; x_wconf 81' lang='lat' dir='ltr'><strong>„ita</strong></span> <span class='ocrx_word' id='word_1_75' title='bbox 181 914 362 982; x_wconf 86' lang='lat' dir='ltr'><strong>dimittendus,</strong></span> <span class='ocrx_word' id='word_1_76' title='bbox 382 915 446 981; x_wconf 88' lang='lat' dir='ltr'><strong>quin</strong></span> <span class='ocrx_word' id='word_1_77' title='bbox 458 915 572 970; x_wconf 74' lang='lat' dir='ltr'><strong>libenter</strong></span> <span class='ocrx_word' id='word_1_78' title='bbox 585 917 621 970; x_wconf 87' lang='lat' dir='ltr'><strong>sit</strong></span> <span class='ocrx_word' id='word_1_79' title='bbox 634 915 795 972; x_wconf 82' lang='lat' dir='ltr'><strong>rediturus.“</strong></span> <span class='ocrx_word' id='word_1_80' title='bbox 818 916 905 972; x_wconf 87' lang='lat' dir='ltr'><strong>Multo</strong></span> 
     </span>
     <span class='ocr_line' id='line_1_12' title="bbox 104 985 906 1055; baseline 0 -13"><span class='ocrx_word' id='word_1_81' title='bbox 104 988 211 1042; x_wconf 73' lang='lat' dir='ltr'><strong>facilius</strong></span> <span class='ocrx_word' id='word_1_82' title='bbox 229 985 409 1041; x_wconf 84' lang='lat' dir='ltr'><strong>absolvendus</strong></span> <span class='ocrx_word' id='word_1_83' title='bbox 431 993 473 1040; x_wconf 89' lang='lat' dir='ltr'><strong>est</strong></span> <span class='ocrx_word' id='word_1_84' title='bbox 489 986 622 1042; x_wconf 77' lang='lat' dir='ltr'><strong>reddimus</strong></span> <span class='ocrx_word' id='word_1_85' title='bbox 646 988 675 1040; x_wconf 91' lang='lat' dir='ltr'><strong>in</strong></span> <span class='ocrx_word' id='word_1_86' title='bbox 698 987 819 1044; x_wconf 86' lang='lat' dir='ltr'><strong>habitum</strong></span> <span class='ocrx_word' id='word_1_87' title='bbox 844 1003 906 1055; x_wconf 87' lang='lat' dir='ltr'><strong>pra-</strong></span> 
     </span>
     <span class='ocr_line' id='line_1_13' title="bbox 103 1057 906 1126; baseline 0.001 -12"><span class='ocrx_word' id='word_1_88' title='bbox 103 1077 168 1114; x_wconf 78' lang='lat' dir='ltr'><strong>vum</strong></span> <span class='ocrx_word' id='word_1_89' title='bbox 185 1059 373 1124; x_wconf 69' lang='lat' dir='ltr'><strong>intrinsecum,</strong></span> <span class='ocrx_word' id='word_1_90' title='bbox 402 1071 451 1112; x_wconf 88' lang='lat' dir='ltr'><strong>seu</strong></span> <span class='ocrx_word' id='word_1_91' title='bbox 469 1058 585 1124; x_wconf 78' lang='lat' dir='ltr'><strong>peccam</strong></span> <span class='ocrx_word' id='word_1_92' title='bbox 601 1073 637 1112; x_wconf 85' lang='lat' dir='ltr'><strong>ex</strong></span> <span class='ocrx_word' id='word_1_93' title='bbox 652 1057 795 1126; x_wconf 76' lang='lat' dir='ltr'><strong>fragibtate</strong></span> <span class='ocrx_word' id='word_1_94' title='bbox 813 1060 906 1114; x_wconf 88' lang='lat' dir='ltr'><strong>intrin-</strong></span> 
     </span>
     <span class='ocr_line' id='line_1_14' title="bbox 106 1126 906 1197; baseline -0.001 -12"><span class='ocrx_word' id='word_1_95' title='bbox 106 1145 182 1197; x_wconf 87' lang='lat' dir='ltr'><strong>seca,</strong></span> <span class='ocrx_word' id='word_1_96' title='bbox 213 1144 293 1196; x_wconf 88' lang='lat' dir='ltr'><strong>quam</strong></span> <span class='ocrx_word' id='word_1_97' title='bbox 320 1126 453 1182; x_wconf 82' lang='lat' dir='ltr'><strong>recidivus</strong></span> <span class='ocrx_word' id='word_1_98' title='bbox 477 1129 506 1181; x_wconf 92' lang='lat' dir='ltr'><strong>in</strong></span> <span class='ocrx_word' id='word_1_99' title='bbox 531 1130 697 1184; x_wconf 79' lang='lat' dir='ltr'><strong>occasionem</strong></span> <span class='ocrx_word' id='word_1_100' title='bbox 721 1132 906 1197; x_wconf 73' lang='lat' dir='ltr'><strong>extrinsecam,</strong></span> 
     </span>
     <span class='ocr_line' id='line_1_15' title="bbox 105 1199 907 1270; baseline 0.001 -15"><span class='ocrx_word' id='word_1_101' title='bbox 105 1203 170 1270; x_wconf 87' lang='lat' dir='ltr'><strong>quia</strong></span> <span class='ocrx_word' id='word_1_102' title='bbox 188 1200 272 1253; x_wconf 90' lang='lat' dir='ltr'><strong>multo</strong></span> <span class='ocrx_word' id='word_1_103' title='bbox 298 1199 383 1253; x_wconf 87' lang='lat' dir='ltr'><strong>maius</strong></span> <span class='ocrx_word' id='word_1_104' title='bbox 406 1199 554 1268; x_wconf 87' lang='lat' dir='ltr'><strong>periculum</strong></span> <span class='ocrx_word' id='word_1_105' title='bbox 571 1200 686 1255; x_wconf 89' lang='lat' dir='ltr'><strong>habetur</strong></span> <span class='ocrx_word' id='word_1_106' title='bbox 710 1202 738 1255; x_wconf 93' lang='lat' dir='ltr'><strong>in</strong></span> <span class='ocrx_word' id='word_1_107' title='bbox 762 1202 907 1270; x_wconf 85' lang='lat' dir='ltr'><strong>posteriori</strong></span> 
     </span>
     <span class='ocr_line' id='line_1_16' title="bbox 105 1271 434 1340; baseline -0.009 -12"><span class='ocrx_word' id='word_1_108' title='bbox 105 1289 180 1340; x_wconf 90' lang='lat' dir='ltr'><strong>casu,</strong></span> <span class='ocrx_word' id='word_1_109' title='bbox 199 1287 280 1338; x_wconf 90' lang='lat' dir='ltr'><strong>quam</strong></span> <span class='ocrx_word' id='word_1_110' title='bbox 296 1271 325 1323; x_wconf 92' lang='lat' dir='ltr'><strong>in</strong></span> <span class='ocrx_word' id='word_1_111' title='bbox 342 1271 434 1338; x_wconf 83' lang='lat' dir='ltr'><strong>priori.</strong></span> 
     </span>
    </p>

    <p class='ocr_par' dir='ltr' id='par_1_3' title="bbox 102 1341 907 2051">
     <span class='ocr_line' id='line_1_17' title="bbox 142 1341 905 1412; baseline 0.001 -16"><span class='ocrx_word' id='word_1_112' title='bbox 142 1343 190 1412; x_wconf 85' lang='lat' dir='ltr'><strong>„Si</strong></span> <span class='ocrx_word' id='word_1_113' title='bbox 205 1342 346 1410; x_wconf 88' lang='lat' dir='ltr'><strong>poenitens</strong></span> <span class='ocrx_word' id='word_1_114' title='bbox 364 1341 412 1410; x_wconf 86' lang='lat' dir='ltr'><strong>(ait</strong></span> <span class='ocrx_word' id='word_1_115' title='bbox 430 1341 457 1397; x_wconf 88' lang='lat' dir='ltr'><strong>S.</strong></span> <span class='ocrx_word' id='word_1_116' title='bbox 471 1342 531 1410; x_wconf 74' lang='lat' dir='ltr'><strong>Lig,</strong></span> <span class='ocrx_word' id='word_1_117' title='bbox 544 1359 571 1396; x_wconf 89' lang='lat' dir='ltr'><strong>u.</strong></span> <span class='ocrx_word' id='word_1_118' title='bbox 586 1343 658 1412; x_wconf 73' lang='lat'><strong>463.)</strong></span> <span class='ocrx_word' id='word_1_119' title='bbox 676 1342 799 1410; x_wconf 88' lang='lat' dir='ltr'><strong>relapsus</strong></span> <span class='ocrx_word' id='word_1_120' title='bbox 818 1343 853 1398; x_wconf 89' lang='lat' dir='ltr'><strong>sit</strong></span> <span class='ocrx_word' id='word_1_121' title='bbox 871 1343 905 1398; x_wconf 91' lang='lat' dir='ltr'><strong>ob</strong></span> 
     </span>
     <span class='ocr_line' id='line_1_18' title="bbox 104 1412 907 1482; baseline 0.001 -13"><span class='ocrx_word' id='word_1_122' title='bbox 104 1431 216 1469; x_wconf 89' lang='lat' dir='ltr'><strong>causam</strong></span> <span class='ocrx_word' id='word_1_123' title='bbox 243 1428 292 1468; x_wconf 86' lang='lat' dir='ltr'><strong>seu</strong></span> <span class='ocrx_word' id='word_1_124' title='bbox 316 1412 488 1480; x_wconf 74' lang='lat' dir='ltr'><strong>fragilitatem</strong></span> <span class='ocrx_word' id='word_1_125' title='bbox 504 1413 689 1482; x_wconf 81' lang='lat' dir='ltr'><strong>intrinsecam,</strong></span> <span class='ocrx_word' id='word_1_126' title='bbox 717 1422 747 1467; x_wconf 88' lang='lat' dir='ltr'><strong>ut</strong></span> <span class='ocrx_word' id='word_1_127' title='bbox 765 1413 862 1469; x_wconf 86' lang='lat' dir='ltr'><strong>accidit</strong></span> <span class='ocrx_word' id='word_1_128' title='bbox 877 1415 907 1470; x_wconf 90' lang='lat' dir='ltr'><strong>iu</strong></span> 
     </span>
     <span class='ocr_line' id='line_1_19' title="bbox 104 1483 905 1554; baseline -0.001 -14"><span class='ocrx_word' id='word_1_129' title='bbox 104 1487 225 1554; x_wconf 89' lang='lat' dir='ltr'><strong>peccatis</strong></span> <span class='ocrx_word' id='word_1_130' title='bbox 239 1483 401 1553; x_wconf 81' lang='lat' dir='ltr'><strong>pollutionis,</strong></span> <span class='ocrx_word' id='word_1_131' title='bbox 420 1483 603 1538; x_wconf 85' lang='lat' dir='ltr'><strong>delectationis</strong></span> <span class='ocrx_word' id='word_1_132' title='bbox 617 1499 748 1552; x_wconf 83' lang='lat' dir='ltr'><strong>morosae,</strong></span> <span class='ocrx_word' id='word_1_133' title='bbox 768 1484 831 1554; x_wconf 91' lang='lat' dir='ltr'><strong>odii,</strong></span> <span class='ocrx_word' id='word_1_134' title='bbox 849 1485 905 1540; x_wconf 80' lang='lat' dir='ltr'><strong>bla</strong></span> 
     </span>
     <span class='ocr_line' id='line_1_20' title="bbox 103 1554 906 1626; baseline -0.002 -14"><span class='ocrx_word' id='word_1_135' title='bbox 103 1557 244 1626; x_wconf 90' lang='lat' dir='ltr'><strong>sphemiae</strong></span> <span class='ocrx_word' id='word_1_136' title='bbox 270 1562 297 1609; x_wconf 87' lang='lat' dir='ltr'><strong>et</strong></span> <span class='ocrx_word' id='word_1_137' title='bbox 315 1555 451 1623; x_wconf 82' lang='lat' dir='ltr'><strong>similium,</strong></span> <span class='ocrx_word' id='word_1_138' title='bbox 479 1571 541 1610; x_wconf 87' lang='lat' dir='ltr'><strong>raro</strong></span> <span class='ocrx_word' id='word_1_139' title='bbox 566 1561 632 1622; x_wconf 88' lang='lat' dir='ltr'><strong>puto</strong></span> <span class='ocrx_word' id='word_1_140' title='bbox 657 1554 833 1610; x_wconf 78' lang='lat' dir='ltr'><strong>differendam</strong></span> <span class='ocrx_word' id='word_1_141' title='bbox 860 1557 906 1610; x_wconf 77' lang='lat' dir='ltr'><strong>ab·</strong></span> 
     </span>
     <span class='ocr_line' id='line_1_21' title="bbox 103 1625 907 1693; baseline -0.001 -10"><span class='ocrx_word' id='word_1_142' title='bbox 103 1629 268 1683; x_wconf 89' lang='lat' dir='ltr'><strong>solutionem</strong></span> <span class='ocrx_word' id='word_1_143' title='bbox 281 1625 399 1680; x_wconf 85' lang='lat' dir='ltr'><strong>recidivo</strong></span> <span class='ocrx_word' id='word_1_144' title='bbox 414 1625 574 1680; x_wconf 83' lang='lat' dir='ltr'><strong>sufficienter</strong></span> <span class='ocrx_word' id='word_1_145' title='bbox 592 1625 721 1693; x_wconf 89' lang='lat' dir='ltr'><strong>disposito</strong></span> <span class='ocrx_word' id='word_1_146' title='bbox 735 1641 784 1693; x_wconf 91' lang='lat' dir='ltr'><strong>per</strong></span> <span class='ocrx_word' id='word_1_147' title='bbox 802 1626 907 1693; x_wconf 78' lang='lat' dir='ltr'><strong>signum</strong></span> 
     </span>
     <span class='ocr_line' id='line_1_22' title="bbox 103 1695 906 1767; baseline -0.005 -13"><span class='ocrx_word' id='word_1_148' title='bbox 103 1697 355 1754; x_wconf 76' lang='lat' dir='ltr'><strong>exuaosdinarium.</strong></span> <span class='ocrx_word' id='word_1_149' title='bbox 391 1697 429 1751; x_wconf 77' lang='lat' dir='ltr'><strong>lilt</strong></span> <span class='ocrx_word' id='word_1_150' title='bbox 445 1713 518 1767; x_wconf 83' lang='lat' dir='ltr'><strong>casu,</strong></span> <span class='ocrx_word' id='word_1_151' title='bbox 537 1713 591 1763; x_wconf 87' lang='lat' dir='ltr'><strong>quo</strong></span> <span class='ocrx_word' id='word_1_152' title='bbox 609 1697 700 1752; x_wconf 89' lang='lat' dir='ltr'><strong>dilatio</strong></span> <span class='ocrx_word' id='word_1_153' title='bbox 719 1695 842 1752; x_wconf 86' lang='lat' dir='ltr'><strong>videatur</strong></span> <span class='ocrx_word' id='word_1_154' title='bbox 861 1712 906 1750; x_wconf 85' lang='lat' dir='ltr'><strong>ex·</strong></span> 
     </span>
     <span class='ocr_line' id='line_1_23' title="bbox 105 1766 907 1839; baseline -0.004 -15"><span class='ocrx_word' id='word_1_155' title='bbox 105 1770 217 1839; x_wconf 88' lang='lat' dir='ltr'><strong>pedire,</strong></span> <span class='ocrx_word' id='word_1_156' title='bbox 248 1769 338 1824; x_wconf 85' lang='lat' dir='ltr'><strong>verius</strong></span> <span class='ocrx_word' id='word_1_157' title='bbox 363 1767 503 1823; x_wconf 88' lang='lat' dir='ltr'><strong>dicendum</strong></span> <span class='ocrx_word' id='word_1_158' title='bbox 521 1768 716 1823; x_wconf 87' lang='lat' dir='ltr'><strong>absolutionem</strong></span> <span class='ocrx_word' id='word_1_159' title='bbox 733 1783 787 1823; x_wconf 90' lang='lat' dir='ltr'><strong>non</strong></span> <span class='ocrx_word' id='word_1_160' title='bbox 805 1766 907 1822; x_wconf 70' lang='lat' dir='ltr'><strong>diffem</strong></span> 
     </span>
     <span class='ocr_line' id='line_1_24' title="bbox 102 1839 823 1907; baseline -0.002 -12"><span class='ocrx_word' id='word_1_161' title='bbox 102 1841 204 1896; x_wconf 89' lang='lat' dir='ltr'><strong>debere</strong></span> <span class='ocrx_word' id='word_1_162' title='bbox 222 1840 381 1907; x_wconf 87' lang='lat' dir='ltr'><strong>plusquam</strong></span> <span class='ocrx_word' id='word_1_163' title='bbox 404 1840 439 1893; x_wconf 87' lang='lat' dir='ltr'><strong>ad</strong></span> <span class='ocrx_word' id='word_1_164' title='bbox 457 1847 517 1894; x_wconf 87' lang='lat' dir='ltr'><strong>octo</strong></span> <span class='ocrx_word' id='word_1_165' title='bbox 535 1840 579 1894; x_wconf 89' lang='lat' dir='ltr'><strong>vel</strong></span> <span class='ocrx_word' id='word_1_166' title='bbox 601 1839 636 1894; x_wconf 87' lang='lat' dir='ltr'><strong>ad</strong></span> <span class='ocrx_word' id='word_1_167' title='bbox 654 1839 747 1893; x_wconf 91' lang='lat' dir='ltr'><strong>decem</strong></span> <span class='ocrx_word' id='word_1_168' title='bbox 765 1839 823 1894; x_wconf 88' lang='lat' dir='ltr'><strong>dies</strong></span> 
     </span>
     <span class='ocr_line' id='line_1_25' title="bbox 102 1909 906 1970; baseline 0 -4"><span class='ocrx_word' id='word_1_169' title='bbox 102 1912 147 1966; x_wconf 89' lang='lat' dir='ltr'><strong>Ad</strong></span> <span class='ocrx_word' id='word_1_170' title='bbox 172 1927 304 1970; x_wconf 85' lang='lat' dir='ltr'><strong>summum</strong></span> <span class='ocrx_word' id='word_1_171' title='bbox 331 1909 391 1965; x_wconf 90' lang='lat' dir='ltr'><strong>dico</strong></span> <span class='ocrx_word' id='word_1_172' title='bbox 419 1911 613 1966; x_wconf 81' lang='lat' dir='ltr'><strong>absolutionem</strong></span> <span class='ocrx_word' id='word_1_173' title='bbox 644 1911 818 1966; x_wconf 84' lang='lat' dir='ltr'><strong>differendam</strong></span> <span class='ocrx_word' id='word_1_174' title='bbox 846 1925 906 1966; x_wconf 85' lang='lat' dir='ltr'><strong>esse</strong></span> 
     </span>
     <span class='ocr_line' id='line_1_26' title="bbox 105 1981 515 2051; baseline 0 -12"><span class='ocrx_word' id='word_1_175' title='bbox 105 1997 192 2051; x_wconf 86' lang='lat' dir='ltr'><strong>usque</strong></span> <span class='ocrx_word' id='word_1_176' title='bbox 211 1981 247 2036; x_wconf 88' lang='lat' dir='ltr'><strong>ad</strong></span> <span class='ocrx_word' id='word_1_177' title='bbox 263 1981 414 2049; x_wconf 84' lang='lat' dir='ltr'><strong>quindecim</strong></span> <span class='ocrx_word' id='word_1_178' title='bbox 432 1982 515 2039; x_wconf 78' lang='lat' dir='ltr'><strong>dies“</strong></span> 
     </span>
    </p>

    <p class='ocr_par' dir='ltr' id='par_1_4' title="bbox 105 2051 908 2906">
     <span class='ocr_line' id='line_1_27' title="bbox 142 2051 906 2123; baseline 0.001 -15"><span class='ocrx_word' id='word_1_179' title='bbox 142 2055 203 2108; x_wconf 90' lang='lat' dir='ltr'><strong>Hoc</strong></span> <span class='ocrx_word' id='word_1_180' title='bbox 216 2061 314 2122; x_wconf 83' lang='lat' dir='ltr'><strong>tamon,</strong></span> <span class='ocrx_word' id='word_1_181' title='bbox 329 2052 401 2120; x_wconf 87' lang='lat' dir='ltr'><strong>quod</strong></span> <span class='ocrx_word' id='word_1_182' title='bbox 414 2053 512 2108; x_wconf 87' lang='lat' dir='ltr'><strong>dictum</strong></span> <span class='ocrx_word' id='word_1_183' title='bbox 524 2061 575 2123; x_wconf 89' lang='lat' dir='ltr'><strong>est,</strong></span> <span class='ocrx_word' id='word_1_184' title='bbox 587 2054 759 2110; x_wconf 87' lang='lat' dir='ltr'><strong>communiter</strong></span> <span class='ocrx_word' id='word_1_185' title='bbox 770 2051 906 2121; x_wconf 88' lang='lat' dir='ltr'><strong>loquendo</strong></span> 
     </span>
     <span class='ocr_line' id='line_1_28' title="bbox 105 2123 908 2194; baseline -0.001 -15"><span class='ocrx_word' id='word_1_186' title='bbox 105 2125 140 2180; x_wconf 88' lang='lat' dir='ltr'><strong>de</strong></span> <span class='ocrx_word' id='word_1_187' title='bbox 157 2125 304 2179; x_wconf 80' lang='lat' dir='ltr'><strong>habitualis</strong></span> <span class='ocrx_word' id='word_1_188' title='bbox 323 2132 351 2178; x_wconf 92' lang='lat' dir='ltr'><strong>et</strong></span> <span class='ocrx_word' id='word_1_189' title='bbox 368 2123 506 2194; x_wconf 84' lang='lat' dir='ltr'><strong>recidivis,</strong></span> <span class='ocrx_word' id='word_1_190' title='bbox 533 2141 588 2180; x_wconf 89' lang='lat' dir='ltr'><strong>uon</strong></span> <span class='ocrx_word' id='word_1_191' title='bbox 612 2125 734 2193; x_wconf 85' lang='lat' dir='ltr'><strong>procedit</strong></span> <span class='ocrx_word' id='word_1_192' title='bbox 757 2125 810 2180; x_wconf 90' lang='lat' dir='ltr'><strong>iam</strong></span> <span class='ocrx_word' id='word_1_193' title='bbox 836 2126 908 2180; x_wconf 82' lang='lat' dir='ltr'><strong>circa</strong></span> 
     </span>
     <span class='ocr_line' id='line_1_29' title="bbox 105 2195 906 2264; baseline 0 -14"><span class='ocrx_word' id='word_1_194' title='bbox 105 2195 251 2251; x_wconf 81' lang='lat' dir='ltr'><strong>initiandos</strong></span> <span class='ocrx_word' id='word_1_195' title='bbox 282 2195 310 2250; x_wconf 91' lang='lat' dir='ltr'><strong>in</strong></span> <span class='ocrx_word' id='word_1_196' title='bbox 328 2195 412 2250; x_wconf 86' lang='lat' dir='ltr'><strong>sacris</strong></span> <span class='ocrx_word' id='word_1_197' title='bbox 437 2195 574 2250; x_wconf 85' lang='lat' dir='ltr'><strong>ordinibus</strong></span> <span class='ocrx_word' id='word_1_198' title='bbox 591 2196 746 2252; x_wconf 87' lang='lat' dir='ltr'><strong>habituatoa</strong></span> <span class='ocrx_word' id='word_1_199' title='bbox 770 2197 799 2250; x_wconf 91' lang='lat' dir='ltr'><strong>in</strong></span> <span class='ocrx_word' id='word_1_200' title='bbox 817 2197 906 2264; x_wconf 78' lang='lat' dir='ltr'><strong>aliquo</strong></span> 
     </span>
     <span class='ocr_line' id='line_1_30' title="bbox 107 2267 907 2336; baseline 0 -14"><span class='ocrx_word' id='word_1_201' title='bbox 107 2268 174 2322; x_wconf 87' lang='lat' dir='ltr'><strong>vitio</strong></span> <span class='ocrx_word' id='word_1_202' title='bbox 194 2267 362 2336; x_wconf 82' lang='lat' dir='ltr'><strong>(praesertim</strong></span> <span class='ocrx_word' id='word_1_203' title='bbox 379 2267 408 2320; x_wconf 88' lang='lat' dir='ltr'><strong>in</strong></span> <span class='ocrx_word' id='word_1_204' title='bbox 425 2274 535 2334; x_wconf 88' lang='lat' dir='ltr'><strong>peccato</strong></span> <span class='ocrx_word' id='word_1_205' title='bbox 553 2267 653 2336; x_wconf 81' lang='lat' dir='ltr'><strong>turpi);</strong></span> <span class='ocrx_word' id='word_1_206' title='bbox 680 2268 751 2322; x_wconf 89' lang='lat' dir='ltr'><strong>circa</strong></span> <span class='ocrx_word' id='word_1_207' title='bbox 767 2267 818 2322; x_wconf 91' lang='lat' dir='ltr'><strong>hos</strong></span> <span class='ocrx_word' id='word_1_208' title='bbox 835 2267 907 2322; x_wconf 78' lang='lat' dir='ltr'><strong>enlm</strong></span> 
     </span>
     <span class='ocr_line' id='line_1_31' title="bbox 107 2337 907 2407; baseline 0.003 -15"><span class='ocrx_word' id='word_1_209' title='bbox 107 2339 161 2392; x_wconf 88' lang='lat' dir='ltr'><strong>alia</strong></span> <span class='ocrx_word' id='word_1_210' title='bbox 180 2337 263 2392; x_wconf 87' lang='lat' dir='ltr'><strong>currit</strong></span> <span class='ocrx_word' id='word_1_211' title='bbox 280 2339 358 2395; x_wconf 86' lang='lat' dir='ltr'><strong>ratio.</strong></span> <span class='ocrx_word' id='word_1_212' title='bbox 394 2338 492 2392; x_wconf 88' lang='lat' dir='ltr'><strong>Laicus</strong></span> <span class='ocrx_word' id='word_1_213' title='bbox 510 2338 665 2392; x_wconf 86' lang='lat' dir='ltr'><strong>habituatus</strong></span> <span class='ocrx_word' id='word_1_214' title='bbox 688 2338 791 2392; x_wconf 83' lang='lat' dir='ltr'><strong>absolvi</strong></span> <span class='ocrx_word' id='word_1_215' title='bbox 808 2345 907 2407; x_wconf 85' lang='lat' dir='ltr'><strong>potest,</strong></span> 
     </span>
     <span class='ocr_line' id='line_1_32' title="bbox 107 2407 907 2477; baseline -0.003 -13"><span class='ocrx_word' id='word_1_216' title='bbox 107 2424 214 2477; x_wconf 84' lang='lat' dir='ltr'><strong>semper</strong></span> <span class='ocrx_word' id='word_1_217' title='bbox 241 2425 273 2462; x_wconf 88' lang='lat' dir='ltr'><strong>ao</strong></span> <span class='ocrx_word' id='word_1_218' title='bbox 300 2416 343 2463; x_wconf 87' lang='lat' dir='ltr'><strong>est</strong></span> <span class='ocrx_word' id='word_1_219' title='bbox 367 2407 512 2477; x_wconf 87' lang='lat' dir='ltr'><strong>dispositus</strong></span> <span class='ocrx_word' id='word_1_220' title='bbox 539 2408 574 2462; x_wconf 88' lang='lat' dir='ltr'><strong>ad</strong></span> <span class='ocrx_word' id='word_1_221' title='bbox 599 2409 796 2476; x_wconf 70' lang='lat' dir='ltr'><strong>suscipiendum</strong></span> <span class='ocrx_word' id='word_1_222' title='bbox 814 2409 907 2468; x_wconf 77' lang='lat' dir='ltr'><strong>Sacra·</strong></span> 
     </span>
     <span class='ocr_line' id='line_1_33' title="bbox 109 2479 907 2550; baseline 0.001 -16"><span class='ocrx_word' id='word_1_223' title='bbox 109 2489 227 2536; x_wconf 86' lang='lat' dir='ltr'><strong>mentum</strong></span> <span class='ocrx_word' id='word_1_224' title='bbox 245 2480 442 2548; x_wconf 67' lang='lat' dir='ltr'><strong>Paenitentiam</strong></span> <span class='ocrx_word' id='word_1_225' title='bbox 461 2479 510 2534; x_wconf 88' lang='lat' dir='ltr'><strong>sed</strong></span> <span class='ocrx_word' id='word_1_226' title='bbox 524 2479 686 2535; x_wconf 85' lang='lat' dir='ltr'><strong>ordinandus</strong></span> <span class='ocrx_word' id='word_1_227' title='bbox 702 2481 866 2550; x_wconf 85' lang='lat' dir='ltr'><strong>habituatus,</strong></span> <span class='ocrx_word' id='word_1_228' title='bbox 884 2481 907 2536; x_wconf 94' lang='lat' dir='ltr'><strong>si</strong></span> 
     </span>
     <span class='ocr_line' id='line_1_34' title="bbox 106 2550 908 2621; baseline 0 -15"><span class='ocrx_word' id='word_1_229' title='bbox 106 2552 165 2606; x_wconf 76' lang='lat' dir='ltr'><strong>vult</strong></span> <span class='ocrx_word' id='word_1_230' title='bbox 181 2551 217 2605; x_wconf 87' lang='lat' dir='ltr'><strong>ad</strong></span> <span class='ocrx_word' id='word_1_231' title='bbox 235 2565 341 2606; x_wconf 77' lang='lat' dir='ltr'><strong>morum</strong></span> <span class='ocrx_word' id='word_1_232' title='bbox 358 2550 503 2606; x_wconf 81' lang='lat' dir='ltr'><strong>ascendere</strong></span> <span class='ocrx_word' id='word_1_233' title='bbox 521 2550 655 2620; x_wconf 81' lang='lat' dir='ltr'><strong>Ordinem,</strong></span> <span class='ocrx_word' id='word_1_234' title='bbox 671 2567 726 2606; x_wconf 89' lang='lat' dir='ltr'><strong>uon</strong></span> <span class='ocrx_word' id='word_1_235' title='bbox 743 2551 852 2621; x_wconf 82' lang='lat' dir='ltr'><strong>sufficit,</strong></span> <span class='ocrx_word' id='word_1_236' title='bbox 877 2558 908 2606; x_wconf 89' lang='lat' dir='ltr'><strong>ut</strong></span> 
     </span>
     <span class='ocr_line' id='line_1_35' title="bbox 106 2621 908 2691; baseline -0.002 -13"><span class='ocrx_word' id='word_1_237' title='bbox 106 2623 142 2678; x_wconf 88' lang='lat' dir='ltr'><strong>sit</strong></span> <span class='ocrx_word' id='word_1_238' title='bbox 169 2622 316 2690; x_wconf 85' lang='lat' dir='ltr'><strong>dispositus</strong></span> <span class='ocrx_word' id='word_1_239' title='bbox 342 2622 378 2676; x_wconf 92' lang='lat' dir='ltr'><strong>ad</strong></span> <span class='ocrx_word' id='word_1_240' title='bbox 403 2622 604 2677; x_wconf 83' lang='lat' dir='ltr'><strong>Sacramentum</strong></span> <span class='ocrx_word' id='word_1_241' title='bbox 631 2623 831 2691; x_wconf 83' lang='lat' dir='ltr'><strong>Paenitentiae,</strong></span> <span class='ocrx_word' id='word_1_242' title='bbox 858 2621 908 2678; x_wconf 91' lang='lat' dir='ltr'><strong>sed</strong></span> 
     </span>
     <span class='ocr_line' id='line_1_36' title="bbox 106 2693 908 2763; baseline -0.002 -14"><span class='ocrx_word' id='word_1_243' title='bbox 106 2701 224 2763; x_wconf 89' lang='lat' dir='ltr'><strong>oportet,</strong></span> <span class='ocrx_word' id='word_1_244' title='bbox 243 2699 274 2747; x_wconf 89' lang='lat' dir='ltr'><strong>ut</strong></span> <span class='ocrx_word' id='word_1_245' title='bbox 291 2693 372 2748; x_wconf 87' lang='lat' dir='ltr'><strong>etiarn</strong></span> <span class='ocrx_word' id='word_1_246' title='bbox 390 2693 535 2762; x_wconf 87' lang='lat' dir='ltr'><strong>dispositus</strong></span> <span class='ocrx_word' id='word_1_247' title='bbox 554 2695 590 2749; x_wconf 85' lang='lat' dir='ltr'><strong>sit</strong></span> <span class='ocrx_word' id='word_1_248' title='bbox 610 2694 645 2748; x_wconf 87' lang='lat' dir='ltr'><strong>od</strong></span> <span class='ocrx_word' id='word_1_249' title='bbox 664 2693 846 2762; x_wconf 87' lang='lat' dir='ltr'><strong>recipiendum</strong></span> <span class='ocrx_word' id='word_1_250' title='bbox 860 2693 908 2747; x_wconf 87' lang='lat' dir='ltr'><strong>Sa-</strong></span> 
     </span>
     <span class='ocr_line' id='line_1_37' title="bbox 106 2764 908 2833; baseline -0.002 -13"><span class='ocrx_word' id='word_1_251' title='bbox 106 2771 272 2820; x_wconf 85' lang='lat' dir='ltr'><strong>cramentum</strong></span> <span class='ocrx_word' id='word_1_252' title='bbox 290 2764 411 2833; x_wconf 82' lang='lat' dir='ltr'><strong>Ordinis3</strong></span> <span class='ocrx_word' id='word_1_253' title='bbox 431 2765 549 2832; x_wconf 86' lang='lat' dir='ltr'><strong>alioquin</strong></span> <span class='ocrx_word' id='word_1_254' title='bbox 567 2765 602 2819; x_wconf 87' lang='lat' dir='ltr'><strong>od</strong></span> <span class='ocrx_word' id='word_1_255' title='bbox 620 2773 744 2820; x_wconf 85' lang='lat' dir='ltr'><strong>neutrum</strong></span> <span class='ocrx_word' id='word_1_256' title='bbox 762 2764 908 2832; x_wconf 89' lang='lat' dir='ltr'><strong>dispositus</strong></span> 
     </span>
     <span class='ocr_line' id='line_1_38' title="bbox 110 2834 907 2906; baseline -0.004 -14"><span class='ocrx_word' id='word_1_257' title='bbox 110 2837 177 2904; x_wconf 86' lang='lat' dir='ltr'><strong>erit;</strong></span> <span class='ocrx_word' id='word_1_258' title='bbox 202 2851 262 2890; x_wconf 87' lang='lat' dir='ltr'><strong>cum</strong></span> <span class='ocrx_word' id='word_1_259' title='bbox 278 2837 350 2890; x_wconf 88' lang='lat' dir='ltr'><strong>enim</strong></span> <span class='ocrx_word' id='word_1_260' title='bbox 365 2835 491 2905; x_wconf 78' lang='lat' dir='ltr'><strong>indignus</strong></span> <span class='ocrx_word' id='word_1_261' title='bbox 510 2836 552 2906; x_wconf 88' lang='lat' dir='ltr'><strong>sit,</strong></span> <span class='ocrx_word' id='word_1_262' title='bbox 566 2837 612 2904; x_wconf 90' lang='lat' dir='ltr'><strong>qui</strong></span> <span class='ocrx_word' id='word_1_263' title='bbox 629 2835 756 2892; x_wconf 88' lang='lat' dir='ltr'><strong>ascendat</strong></span> <span class='ocrx_word' id='word_1_264' title='bbox 774 2836 858 2890; x_wconf 85' lang='lat' dir='ltr'><strong>altare</strong></span> <span class='ocrx_word' id='word_1_265' title='bbox 875 2834 907 2904; x_wconf 86' lang='lat' dir='ltr'><strong>is,</strong></span> 
     </span>
    </p>
   </div>
   <div class='ocr_carea' id='block_1_3' title="bbox 0 0 1071 3242">
    <p class='ocr_par' dir='ltr' id='par_1_5' title="bbox 0 0 1071 3242">
     <span class='ocr_line' id='line_1_39' title="bbox 0 0 1071 3242; baseline 0 0"><span class='ocrx_word' id='word_1_266' title='bbox 0 0 1071 3242; x_wconf 95' lang='lat' dir='ltr'><strong> </strong></span> 
     </span>
    </p>
   </div>
  </div>
 </body>
</html>
