2124 3230
265 186 298 226 De
313 186 381 227 Misso
395 187 487 228 solemni
502 198 576 228 ocrem
589 189 704 239 Episcopo.
844 189 888 232 365

121 289 202 345 Dicte
220 288 350 344 Oratione
368 291 483 346 Placeat
506 291 644 346 celebrans
667 307 721 344 non
743 291 790 347 det
806 293 887 349 bene·

89 360 238 430 dictionem,
258 360 307 416 sed
326 362 462 417 osculetur
480 362 564 417 altere
583 368 611 416 et
628 360 779 416 immediate
798 378 828 418 se
844 379 887 419 re·

87 433 169 488 trehit
183 448 244 488 cum
257 433 385 488 ministris
404 433 432 486 in
453 449 536 488 cornu
549 433 689 502 Epistolee
703 431 799 488 faciem
812 451 888 488 sunm

86 503 215 558 vertendo
230 502 266 557 sd
277 504 443 572 Episcopum
457 511 485 559 et
498 511 578 573 ceput
590 503 723 574 profunde
736 504 887 561 inclinando

85 575 147 629 dum
172 575 326 643 Episcopus
351 574 497 644 benedicit3
527 575 654 632 diaconus
673 591 690 630 e
708 575 821 631 sinistris
845 591 887 630 ce-

84 645 214 702 lebrantis
233 653 261 702 et
279 645 458 702 subdiaconus
477 647 622 703 ssinistris
637 643 742 702 discdni
759 646 831 701 idem
847 646 887 702 fa-

85 717 164 772 ciunt.

119 789 255 857 Tempore
273 786 359 842 ultimi
372 787 513 857 Evangelii
526 789 680 858 Episcopus
699 795 753 844 stet
767 804 826 843 cum
840 789 887 842 be·

84 860 143 916 culo
161 860 221 915 sine
247 859 342 926 mitrae
370 858 445 914 finito
468 861 618 929 Evangelio
644 861 783 917 celebrans
809 859 887 916 fectis

82 929 244 986 reverentiis
268 929 364 986 debitis
393 931 471 986 elteri
489 938 517 986 et
534 931 670 1002 Episcopo
690 947 820 988 unacum
839 929 887 986 mi·

82 1001 172 1058 nisuis
186 999 292 1057 recedit
304 1002 333 1054 in
347 1002 510 1070 sacristiam
527 1003 680 1072 Episcopus
698 1019 763 1058 vero
778 1002 888 1072 deponit

82 1079 251 1142 paramento,
271 1079 299 1127 et
316 1072 418 1127 recedit
436 1074 577 1130 comitatus
595 1081 625 1129 ut
643 1075 671 1128 in
689 1090 806 1130 eccessu.

78 2543 244 2555 ..-.--

137 2603 244 2642 dissonus
259 2601 374 2650 Evengellt
395 2612 408 2640 e
427 2602 559 2652 celebrante,
579 2602 615 2642 vel
635 2613 649 2642 s
663 2602 796 2642 subdiacono
809 2613 886 2652 pecem

137 2669 168 2708 eit
182 2671 320 2716 recepturus,
343 2669 364 2706 et
378 2667 407 2706 sit
421 2679 466 2717 psx
479 2669 528 2716 ipse
543 2679 556 2708 e
570 2669 662 2708 diacono
676 2668 711 2708 vel
725 2679 738 2707 e
752 2669 885 2708 subdiacono

137 2735 161 2774 in
176 2732 262 2774 defectu
276 2733 400 2782 presbyteri
415 2736 541 2776 assistentis
555 2733 664 2784 Episcopo
679 2733 810 2774 deferende?
830 2735 884 2778 ER.

137 2799 161 2840 0.
178 2798 214 2838 die
228 2795 259 2840 ll.
274 2799 338 2841 Febr.
354 2793 414 2840 noe.
428 2801 553 2850 respondit:
577 2799 604 2840 Iu
618 2799 723 2851 hypothesi
736 2801 765 2840 od
778 2801 889 2840 diocesem

137 2865 254 2922 Redemit
264 2865 334 2915 utpote
349 2864 464 2915 stipatorem
479 2869 579 2916 spectare.
