2128 3228
171 159 213 202 672
326 163 359 202 Da
373 163 504 212 qmbusdam
515 161 565 202 aliis
579 161 717 202 marottam
731 161 817 204 otiiotls.

210 263 288 318 Dum
300 263 437 318 ieweesat:

209 333 299 388 Odore
318 334 428 390 coelesti
446 340 539 402 pascam
557 333 672 389 animam
689 341 763 388 tuam
781 333 865 402 Deus,
891 333 977 392 Pater

174 413 204 462 et
220 405 307 460 Filius
324 407 343 472 †
361 413 389 460 et
407 405 522 474 Spiritus
541 411 658 462 sanetus.
677 434 711 446 -
729 405 764 460 R.
782 405 877 460 Amen.

211 489 249 542 1η
268 492 330 542 ectu
347 487 494 555 sepeliendi
498 507 507 540 .·

212 559 293 614 Sume
311 565 400 628 tems,
425 557 497 626 quod
513 565 590 612 tuum
603 565 661 627 est;
687 564 775 614 sumat
793 558 886 628 Deus,
906 560 980 628 quod

174 647 253 686 suum
271 636 327 698 este
357 645 454 698 corpus
479 628 513 684 de
530 636 605 684 terra
622 629 779 699 formatum,
806 631 920 698 spiritus
946 631 979 688 de

176 702 252 758 coelo
270 701 416 769 inspiratus
434 707 484 756 est.
646 718 652 729 ·

213 784 286 838 Pota
303 790 343 838 ter
356 785 505 853 proamita
522 789 623 838 temam
640 799 722 854 amer
737 785 839 850 foues:

211 855 347 910 Memento
365 856 461 925 homo,
487 856 550 923 quia
567 854 656 923 pulvis
675 870 720 925 es,
747 863 775 934 et
792 856 820 910 in
837 856 979 924 pidverem

175 927 329 982 reverteris.

216 997 278 1052 Vet:

212 1068 254 1122 De
271 1075 345 1121 terra
363 1067 502 1136 plasmasti
519 1083 580 1122 eum
599 1067 690 1138 (eam),
717 1068 788 1137 pelle
806 1075 835 1122 et
852 1070 979 1125 carnibus

176 1137 281 1263 vestigiti
300 1152 361 1193 eum
381 1138 477 1210 (eam),
495 1140 626 1194 resuscita
643 1155 704 1194 eum
723 1138 800 1208 team)
819 1139 847 1193 in
864 1143 979 1197 novissi·

177 1226 220 1264 mo
268 1224 291 1263 e.

212 1293 362 1362 Assumpto
380 1309 458 1354 erote
475 1310 536 1350 eam
547 1295 713 1348 extremitate
725 1294 819 1349 tostae
832 1299 875 1348 ter
887 1297 980 1366 aiyoot

177 1363 296 1419 tenebam
313 1365 400 1419 trebes
417 1367 448 1419 a'n
465 1366 538 1434 loeta,
564 1366 606 1432 (to
624 1367 720 1434 eapite,
739 1367 770 1419 tn
787 1365 876 1420 medio
896 1373 924 1422 et
943 1365 980 1422 aa

173 1435 269 1506 pedes)
291 1434 398 1490 ditem:

214 1507 324 1576 Signum
342 1507 489 1564 Salvatoris
507 1507 615 1562 Domini
639 1507 724 1563 nostri
748 1507 815 1563 Jesu
841 1507 979 1576 Christi†

177 1578 213 1634 sit
231 1580 363 1648 signatum
381 1587 520 1648 superte,
547 1580 592 1648 qui
616 1579 645 1632 in
661 1580 713 1633 hao
731 1579 845 1648 imagine
864 1583 883 1646 †
901 1578 980 1634 rede·

177 1651 227 1705 mit
242 1657 279 1721 te,
297 1664 347 1704 nee
364 1651 533 1720 permittat†
550 1650 660 1706 introire
679 1650 811 1720 Angelum
825 1652 979 1720 percutien-

178 1729 233 1777 tem
246 1723 274 1775 iu
292 1727 439 1777 aeternum.

219 1805 282 1860 Vet:

215 1876 297 1944 Signo
316 1892 413 1945 corpus
431 1883 506 1932 tuum
523 1877 574 1931 hoe
593 1875 730 1947 signaculo
749 1875 834 1932 crucis
852 1878 880 1946 †‚
902 1876 982 1932 utin

179 1946 223 2002 die
240 1947 331 2002 iudicii
344 1955 468 2016 resurgat
476 1949 503 2019 t,
518 1955 545 2004 et
558 1948 640 2004 vitam
653 1956 792 2004 aeternam
803 1947 945 2016 possideat
953 1949 980 2012 †.

178 2018 233 2073 Per
251 2018 394 2089 Christum,
411 2020 555 2076 Dominum
572 2027 703 2076 nostrum.
740 2019 836 2076 Amen.

217 2104 259 2157 14.
286 2103 365 2176 Quod
382 2106 408 2160 εἰ
424 2121 523 2174 eomes
540 2110 604 2160 tuoe
622 2105 660 2160 od
677 2103 845 2174 sepultam
862 2117 919 2158 aea
938 2101 985 2158 de·

177 2174 299 2244 feratur,
328 2175 424 2231 meuse
448 2177 630 2245 Respoaaoet'o
648 2175 680 2232 In
697 2173 861 2246 paradisum,
887 2181 939 2229 eto.
959 2179 985 2228 et

180 2243 360 2302 benedictione
377 2247 523 2318 sepulum,
547 2249 573 2303 ai
589 2249 645 2302 iam
663 2253 702 2302 eat
719 2246 894 2314 tamdictum,
914 2260 985 2314 pro·

179 2323 309 2384 sequatur
328 2316 461 2386 Officium,
489 2319 562 2388 qaod
578 2335 720 2388 ouuquoeo
737 2318 880 2385 emittitur,
898 2322 924 2370 et
942 2317 986 2369 im·

179 2389 463 2514 tlonetedlduttphooom
486 2389 546 2459 Ego
571 2407 630 2447 sum
662 2395 687 2446 et
712 2390 813 2446 dieitw
838 2387 984 2444 canticam

205 2473 238 2513 en
275 2461 350 2518 'otus
425 2469 430 2482 ·

215 2543 256 2598 Et
281 2544 412 2612 repam
434 2544 548 2613 Autan
589 2544 650 2614 Ego
677 2559 737 2600 sum
761 2543 924 2598 resurreetio
953 2549 985 2598 et

179 2613 251 2683 vita;
269 2616 315 2682 qui
333 2613 418 2669 credit
434 2615 464 2668 in
482 2630 532 2685 me,
552 2615 633 2672 etiam
650 2616 674 2672 si
691 2621 812 2675 mortuus
829 2613 919 2684 tuerit,
939 2615 982 2668 vi·

180 2690 240 2767 νέις
259 2685 398 2767 momnis,
417 2685 462 2754 qui
480 2688 554 2758 vivit,
580 2695 608 2743 et
626 2685 711 2744 credit
727 2688 756 2742 in
773 2700 824 2756 me,
849 2701 905 2740 non
922 2701 983 2742 mo·

179 2763 264 2810 rietur
281 2772 310 2810 sn
327 2763 472 2811 aeternum.
670 2803 672 2811 s

217 2825 316 2881 Postea
332 2827 458 2882 sacerdos
476 2827 557 2884 dicet.-
