2146 3234
342 186 375 227 Du
388 188 529 229 sacramanto
542 187 685 230 Matrimonii.
735 160 747 181 ἱ
873 185 915 230 tat

113 294 217 344 tantum
234 287 336 358 viumt,
356 303 437 356 quam
454 295 642 358 paupertatem
658 289 753 345 testari
763 289 851 346 *dehet
863 308 911 360 pa-

113 361 220 414 rochus.
256 359 313 414 Iam
340 375 406 414 vero
431 377 486 415 non
510 361 545 415 ob
571 362 651 415 aliam
675 376 783 416 causam
807 363 835 416 in
861 363 913 418 hac

113 430 201 486 forma
225 430 375 499 dispensari
399 432 476 498 solet,
502 447 582 500 quam
609 432 633 501 1)
662 432 697 486 oh
720 432 843 501 copulam
867 442 914 489 aut

114 502 293 570 suspicionem
311 503 424 570 copulae
442 503 513 557 inter
526 503 622 572 ligatos
634 503 823 571 impedimento
838 519 914 558 exer·

115 574 192 641 citae,
212 572 238 642 a)
258 573 292 628 oh
310 573 447 628 infamiam
464 574 583 630 mulieris
602 581 629 629 et
642 574 768 629 scandala
784 574 847 629 inde
861 576 913 630 ori·

114 651 183 712 tarra,
202 643 228 712 d)
248 645 282 700 ob
301 645 411 700 aridem
430 645 611 714 per-versionis
639 646 668 699 in
684 644 737 700 tide
755 646 911 717 periculum,

113 715 166 770 uisi
183 715 383 770 Matrimonium
401 717 582 772 contrahatur.
664 751 667 756 -

152 789 200 840 12⁸
213 786 257 840 Ad
275 786 433 842 obtinendas
460 789 492 842 ab
512 788 668 856 Apostolica
686 788 756 843 Sede
775 787 913 856 dispensa·

113 857 201 912 tiones
220 858 516 927 superimpedimentis
534 859 699 915 Matrimonii
725 859 836 929 (aliasve
854 875 914 927 gra·

112 928 176 998 tias)
194 929 306 996 parochi
324 937 352 984 et
370 928 527 985 confessarii
544 932 615 985 viam
628 932 754 987 tutiorem
768 937 796 986 et
807 930 914 986 brevio·

111 1014 172 1054 rem
191 999 299 1069 eligent,
318 1001 341 1055 si
358 1001 477 1054 libellum
495 1003 651 1072 supplicem,
669 1003 746 1073 rite1)
765 1001 915 1058 confectum

113 1069 149 1124 ad
167 1069 338 1125 Ordinarinm
362 1087 440 1126 suum
466 1072 590 1143 dirigant,
616 1075 729 1141 eumque
753 1079 857 1142 rogent,
884 1079 915 1127 ut

113 1141 341 1210 dispensationem
357 1150 493 1211 procuret.
517 1145 585 1199 Eius
603 1145 673 1199 anim
690 1145 796 1200 litterae
815 1144 913 1200 certius

110 1212 225 1267 Romam
245 1214 413 1282 perveniunt,
439 1229 471 1268 ac
496 1230 545 1284 per
568 1215 653 1284 ipsius
671 1217 811 1285 rigentem,
834 1229 914 1284 quem

111 1292 218 1353 vocant,
237 1283 369 1340 efficacius
387 1293 586 1353 proponuntur3
617 1287 682 1354 quin
706 1288 787 1342 etiam
805 1286 913 1355 expedi-

110 1355 199 1410 tiones
217 1355 313 1410 minori
331 1363 439 1424 sumptu
458 1356 619 1411 obtinentur.
637 1358 694 1412 Inro
712 1359 787 1412 iuxta
804 1358 912 1413 hodier-

110 1441 174 1480 nam
191 1427 295 1494 praxim
314 1427 411 1481 (iuriae
435 1427 574 1482 Romanae
596 1443 650 1483 non
678 1429 731 1483 alio
757 1428 815 1483 fere
833 1427 913 1483 modo

109 1497 265 1552 obtinentur
277 1497 431 1566 pontificiae
446 1498 668 1566 dispensationes,
681 1499 776 1554 saltem
790 1515 840 1568 pro
853 1499 913 1554 foro

110 1575 234 1638 externo,
260 1576 287 1623 et
305 1569 444 1624 exsecutio
469 1569 684 1639 dispensationis,
710 1569 870 1639 praesertim
896 1585 913 1624 a

110 1639 233 1709 Dataria,
251 1641 303 1696 etsi
320 1640 348 1692 in
365 1642 453 1695 torma
471 1657 620 1710 pauperum
644 1649 752 1708 petatur
776 1640 913 1709 dispensa·

110 1711 158 1780 tio,
178 1726 286 1780 semper
302 1711 410 1767 Vicario
430 1711 555 1767 Generali
574 1713 754 1768 committitur.

155 1803 177 1850 i.
191 1805 228 1850 Dc
242 1805 328 1850 causis
343 1807 376 1851 ad
390 1805 557 1852 obtinendam
571 1806 789 1868 dispensationem
803 1804 880 1860 aptis.

147 1873 304 1941 Quindecim
322 1889 421 1932 causae
439 1876 520 1944 vulgo
530 1882 712 1946 numerantur,
732 1875 766 1930 ob
785 1889 852 1944 quus
865 1874 912 1928 im·

165 2018 259 2056 qnorum
272 2009 362 2048 fortuna
375 2008 398 2047 iu
414 2008 510 2059 capitali,
525 2009 572 2048 slve
586 2009 609 2048 in
623 2007 686 2048 honis
708 2007 805 2048 valorem
826 2005 915 2046 circiter

166 2070 207 2114 iio
225 2074 363 2114 thalcrornm
382 2083 425 2114 non
439 2075 536 2124 excodit3
557 2074 649 2122 livero,
669 2084 762 2122 quornm
778 2073 839 2114 hona
854 2071 916 2112 ultra

166 2139 314 2188 quantitatem
328 2141 350 2179 at
364 2139 461 2179 valorem
474 2137 529 2180 26le
542 2139 678 2180 thalarorum
687 2149 732 2178 non
740 2139 869 2187 morgunt,
882 2137 915 2178 oi-

164 2205 305 2254 contorsere
316 2215 429 2255 pauperes,
444 2207 467 2244 et
480 2205 559 2245 saitem
576 2204 746 2253 componendam
757 2205 852 2252 quatuor
865 2203 915 2242 tha·

166 2268 264 2310 locorum
276 2279 317 2319 pro
333 2270 432 2318 quolibet
445 2271 570 2310 centenario
580 2269 664 2310 solvere
673 2270 783 2317 tenentur,
796 2268 839 2308 nisi
849 2267 914 2308 titulo

165 2335 315 2386 elcemosynae
329 2335 374 2376 iliis
388 2337 519 2378 remittatur.
544 2355 565 2364 -
592 2335 645 2382 (Ofr.
660 2336 736 2385 Koopp
750 2334 866 2375 diharecht.
881 2335 916 2379 ed.

165 2401 232 2442 altero
238 2414 290 2453 pap.
300 2401 350 2445 492.
360 2415 411 2454 app,
425 2403 519 2452 Boouata,
526 2403 639 2443 [attractio
645 2404 743 2452 practico
752 2403 777 2442 de
785 2401 915 2452 sponsalibus

165 2471 185 2507 et
199 2468 337 2509 Matrimonia
351 2469 384 2509 ΙΙ.
400 2479 450 2519 poa.
464 2467 505 2508 210
519 2469 572 2520 aad)
599 2469 702 2510 Celerum
720 2469 744 2508 ln
764 2469 828 2517 praxi
847 2468 916 2517 clare,

166 2534 204 2572 sed
218 2534 265 2574 alne
279 2534 385 2584 scrupulo
400 2535 540 2584 exponendus
555 2537 589 2574 ast
603 2537 676 2574 statua
685 2534 795 2584 fortunae,
811 2534 914 2574 valstan-

166 2597 217 2638 dnm
231 2602 264 2639 ast
278 2599 360 2648 regolls
370 2600 398 2640 ab
408 2600 517 2650 Episcopo
528 2600 592 2646 datia.
607 2599 660 2650 (cir.
671 2601 732 2650 dury
744 2599 776 2640 11.
790 2610 849 2639 num.
865 2595 913 2640 879.

166 2659 325 2714 wfflaffl

126 2726 149 2776 ι)
162 2727 283 2769 Nonnullae
297 2730 403 2769 formulas
425 2730 611 2780 supplicationum
630 2731 652 2772 in
676 2729 796 2780 appendice
813 2729 915 2779 apposui,

166 2793 230 2832 iuxta
243 2803 297 2842 quaa
311 2794 404 2844 quisque
417 2795 482 2835 raclio
497 2797 598 2836 exarabit
612 2795 667 2837 alias
680 2805 721 2846 pro
735 2795 861 2835 diversitate
874 2795 915 2834 im·

165 2857 339 2907 pedimentorum
352 2860 375 2898 et
389 2867 511 2903 causarum
