2108 3226
230 150 327 198 Quados
339 152 415 192 modus
429 152 533 193 alumnos
545 152 581 196 SS.
595 153 767 194 sacramentum.
858 147 899 193 lta

89 254 170 324 Jesu,
188 254 293 322 puritas
309 253 457 324 virginum,
477 285 510 296 -
528 253 657 310 miserere
674 253 762 309 nobis.

94 326 169 394 lesu,
188 341 289 381 corona
303 324 460 380 Sanctorum
478 327 603 394 omnium,
616 353 650 364 —
664 325 794 380 miserere
806 325 893 383 nobis.

95 397 233 465 Propitius
252 403 319 466 esto,
338 426 373 436 -
389 413 470 466 parce
488 398 575 466 nobis,
593 398 669 452 Jesu.

95 467 233 536 Propitius
252 474 318 537 esto,
336 497 372 509 -
390 469 487 525 eraudi
504 485 563 539 nos,
580 469 656 524 Jcsu.

96 538 138 592 Ab
157 539 230 594 omni
247 539 326 609 malo,

96 608 140 665 Ab
159 610 231 663 omni
248 616 368 680 peccato,

97 680 140 736 Ab
157 682 200 734 ira
216 687 272 750 tna,

97 752 139 808 Ab
157 750 260 806 insidiis
278 751 385 820 diaboli,

98 823 123 878 A
140 823 237 891 spiritu
254 821 454 891 fornicationis,

99 894 124 947 A
140 901 227 948 morte
245 900 386 962 perpetua,

98 966 124 1019 A
139 964 265 1033 neglectu
281 964 485 1032 inspirationum
503 969 618 1032 marum,

98 1035 152 1090 Per
168 1036 323 1104 mysterium
342 1042 450 1090 sanctas
468 1035 657 1090 incarnationis
674 1040 747 1104 tuas,

97 1107 151 1161 Per
168 1107 336 1160 nativitatem
354 1113 436 1175 tuam,

97 1177 151 1232 Per
167 1177 308 1232 infantiam
325 1185 407 1246 tuam,

97 1248 152 1303 Per
169 1248 361 1304 divinissimam
377 1249 462 1303 vitam
478 1255 560 1317 tuam,

97 1319 152 1374 Per
168 1320 277 1375 labores
293 1326 364 1388 tuos,

97 1391 152 1445 Per
168 1391 293 1460 agoniam
311 1398 339 1446 et
356 1390 508 1458 passionem
524 1395 606 1459 tuam,

97 1461 152 1516 Per
169 1477 276 1516 erucem
294 1468 322 1516 et
340 1461 538 1516 derelictionem
557 1469 639 1530 tuam,

95 1533 152 1587 Per
168 1533 313 1601 languores
331 1539 401 1601 tuos,

97 1604 153 1659 Per
169 1612 284 1658 mortem
301 1610 329 1658 et
347 1603 512 1672 sepulturam
528 1610 610 1673 tuam,
666 1620 670 1628 ·

96 1675 153 1730 Per
169 1675 394 1730 resurrectionem
416 1681 497 1744 mam,

96 1746 153 1800 Per
171 1747 355 1801 essendonem
372 1753 456 1815 tuan,

96 1817 153 1872 Per
171 1817 270 1886 gaudia
287 1825 343 1886 tua,

95 1888 152 1943 Per
169 1889 283 1956 gloriam
299 1894 381 1958 tuam,

95 1959 193 2028 Agnus
211 1959 272 2028 Dei,
291 1966 351 2029 etc,
371 1987 404 1998 —
422 1973 504 2028 parce
521 1957 607 2026 nobis,
625 1957 700 2012 Jesu.

96 2031 193 2100 Agnus
211 2030 272 2099 Dei,
291 2036 351 2100 etc,
370 2059 403 2070 -
423 2027 521 2083 exaudi
537 2044 595 2097 nos,
615 2029 690 2083 Jesu.

97 2102 194 2170 Agnus
211 2101 273 2170 Dei,
292 2109 351 2172 etc,
370 2130 404 2140 -
421 2101 550 2156 miserere
567 2099 654 2168 nobis,
671 2099 746 2156 Jcsu.

62 2181 67 2190 ·
97 2172 175 2240 Jesu,
195 2171 258 2226 audi
275 2188 333 2241 nos,
351 2201 385 2212 -
405 2172 479 2240 Jesu,
499 2169 597 2224 exaudi
613 2186 672 2226 nos.

138 2242 257 2298 Oramus.
282 2243 395 2298 Domine
409 2243 428 2297 J
429 2257 476 2296 esu
491 2241 604 2309 Christe,
622 2241 668 2308 qui
682 2239 785 2295 dixisti:
806 2239 892 2308 petite

101 2321 129 2369 et
147 2314 297 2382 accipietis!
318 2314 437 2381 quaerite
452 2320 480 2368 et
492 2312 648 2380 invenietis3
665 2313 772 2380 pulsate
790 2318 818 2366 et
831 2325 895 2378 apc-

98 2386 185 2440 rietur
196 2385 288 2454 vobis3
303 2399 472 2454 quaesumus,
487 2383 521 2438 da
536 2383 614 2438 nobis
623 2384 776 2450 petentibus
788 2381 898 2436 divinis·

101 2457 161 2510 simi
178 2457 218 2510 tui
236 2457 334 2511 amoris
353 2455 486 2524 affectum,
511 2461 541 2509 ut
558 2461 585 2509 te
603 2461 662 2509 toto
680 2453 769 2523 corde,
795 2467 850 2521 ore,
870 2459 898 2507 et

100 2541 183 2596 opere
201 2527 350 2596 diligamus,
369 2533 396 2581 ct
409 2543 426 2581 a
439 2533 487 2582 tua
503 2541 637 2593 nunquam
654 2524 736 2579 laude
752 2538 896 2578 cessemus.

137 2597 228 2652 Sancti
246 2599 359 2653 nominis
377 2599 425 2666 tui,
449 2597 572 2666 Domine,
597 2597 719 2651 timorem
742 2595 844 2664 pariter
871 2600 900 2648 et

101 2682 218 2724 amorem
235 2667 279 2723 fac
296 2685 346 2724 nos
363 2669 464 2723 habere
482 2675 656 2737 perpetuum,
682 2667 745 2734 quia
762 2679 897 2732 nunquam

101 2745 148 2794 tna
164 2741 358 2810 gubernatione
376 2739 514 2808 destituis,
543 2753 610 2806 quos
635 2737 816 2792 insoliditate
834 2742 898 2790 tuae

101 2808 250 2868 dilectionis
268 2811 404 2868 institutis.
442 2811 494 2879 Qui
511 2809 581 2864 vivis
600 2815 628 2864 ct
644 2823 742 2876 regnas
761 2813 811 2861 etc.

869 1365 896 1514 ‘uses
862 1211 889 1328 ‘sou
869 977 897 1179 ⁶31qu⁷1
