2152 3234
158 187 200 230 496
334 191 367 232 De
381 191 572 232 dsorsmeniormu
585 181 781 236 administratione.

160 291 272 346 alicuius
289 291 431 348 celebritas
454 291 483 346 id
508 291 663 364 suedest31)
687 310 775 363 neque
798 295 859 364 ipse
885 296 961 352 iilsm

158 363 310 418 ministrare
327 363 469 421 recusabit

196 437 221 488 3.
240 434 294 488 Pro
311 435 416 490 Victicc
435 441 524 490 eutem
541 435 709 505 ministrabit,
734 453 793 492 cum
818 437 963 506 probabile

160 513 210 573 est,
229 505 302 572 quod
320 521 379 560 eom
396 506 510 574 emplius
528 523 633 562 sumere
650 523 706 562 non
723 509 831 576 poterit.
856 509 963 576 Quodsi
990 549 993 554 ·

161 591 250 646 aeger,
269 585 375 645 sumpto
393 577 506 646 Victicc,
525 577 583 634 dics
602 579 705 646 aliquot
721 579 826 649 virent,
849 581 895 634 vel
912 597 963 648 pe-

159 648 271 702 riculum
295 649 389 703 mortis
411 649 535 715 evaserit,
565 658 594 704 et
617 653 810 706 communicare
834 651 964 722 voluerit,

163 719 221 774 cius
239 720 285 787 pic
303 719 436 774 desiderio
453 721 587 787 parochus
604 738 659 776 non
676 721 798 792 decrit2)

196 793 223 845 4.
241 791 335 846 Potest
359 790 465 858 quidem
483 791 616 846 Visticum
640 793 716 847 brevi
739 793 876 848 morituris
902 793 965 850 duri

161 876 216 916 nou
232 861 344 929 iciuuie3
362 861 390 916 id
407 869 496 916 temen
522 861 663 932 diiigenter
688 864 833 920 curandum
852 871 903 934 est,
927 879 965 921 ne

161 932 195 988 iis
213 932 354 1002 tribuatur,
373 949 390 987 a
408 933 504 1002 quium
522 934 556 988 cb
574 935 735 1005 phrenesim,
760 936 817 992 sive
840 935 875 990 cb
894 937 965 992 essi·

162 1001 242 1058 duum
259 1005 361 1072 tussim,
380 1005 494 1058 edumve
509 1005 621 1060 similem
633 1007 763 1073 morbum,
782 1007 873 1076 adque
885 1007 963 1062 inde·

161 1074 249 1128 centis
275 1090 335 1129 cum
351 1075 448 1129 iniuria
470 1077 539 1130 tanti
562 1077 726 1132 Socrnmeuti
749 1079 837 1134 timeri
861 1086 964 1148 potest.

162 1143 264 1199 Ceteris
283 1153 372 1199 autem
389 1145 508 1217 infirmis,
527 1149 573 1215 qui
591 1149 626 1203 cb
644 1148 814 1204 devotionem
832 1149 861 1203 iu
875 1151 963 1219 aegri-

161 1214 253 1270 tudine
261 1214 283 1284 3)
302 1219 503 1288 communicant,
521 1218 611 1274 dende
638 1228 680 1276 est
700 1221 872 1276 Eucharistia
898 1229 964 1278 unte

177 1351 201 1402 ι)
214 1352 302 1392 Fideles
315 1352 461 1392 hobitusllier
478 1352 560 1392 infirmi
578 1352 676 1392 chronici
694 1353 722 1392 cb
740 1353 856 1402 physicum
875 1365 964 1403 permo-

214 1430 269 1460 nene
283 1419 372 1468 eliquod
392 1419 571 1468 impedimentum
585 1430 598 1458 e
611 1419 675 1458 domo
695 1420 768 1468 egredi
787 1421 920 1469 impotentes
935 1433 965 1462 ex

214 1487 299 1527 indulto
321 1487 341 1530 s.
356 1487 383 1526 l).
397 1486 423 1526 u.
438 1485 472 1525 Pii
486 1485 527 1527 PP.
541 1485 584 1528 1x.
604 1486 718 1542 scqoirere
737 1487 830 1534 possunt
849 1496 926 1527 omnes
940 1491 963 1526 et

214 1553 314 1602 singulos
327 1551 476 1598 indulgentius
489 1551 600 1600 plensriss
613 1551 658 1590 ism
672 1559 787 1590 concessos
801 1551 836 1589 vel
849 1551 873 1589 in
887 1557 963 1599 posts-

214 1630 263 1660 rum
278 1618 434 1665 concedendos,
453 1627 509 1666 ques
522 1617 578 1656 elios
593 1615 709 1665 soqnirers
722 1619 813 1666 possent
825 1617 848 1655 in
862 1617 925 1666 locis,
939 1620 963 1659 in

216 1687 295 1737 quibus
308 1685 392 1731 vivunt,
407 1683 426 1722 si
440 1683 463 1722 in
477 1693 503 1722 eo
517 1683 609 1732 physion
625 1685 686 1722 stetu
699 1693 742 1722 non
758 1685 838 1731 essent,
852 1693 894 1732 pso
908 1693 963 1733 qus·

214 1763 264 1794 rum
277 1751 422 1801 acquisitione
435 1750 572 1799 psosscsipts
591 1750 620 1788 sit
633 1749 762 1790 communio
775 1752 798 1789 et
812 1750 909 1790 visitstio
922 1752 964 1792 sli-

215 1819 278 1858 cnius
291 1816 397 1856 ecclesius
409 1815 445 1854 rol
458 1814 540 1864 publici
554 1815 647 1855 orstorii
660 1816 683 1854 in
697 1815 752 1854 locis
765 1815 849 1863 iisdem,
863 1816 963 1856 dommo-

215 1885 243 1924 do
257 1891 309 1922 sere
322 1882 462 1931 poenitentes
475 1881 582 1930 confessi,
605 1890 631 1920 sc
645 1881 724 1920 cet-eris
738 1881 840 1919 omnibns
852 1880 964 1920 sbsointls

215 1947 386 1995 conditionibus,
402 1947 421 1986 ei
435 1956 492 1994 quoe
505 1946 618 1985 iniunctus
626 1947 716 1994 ineunt,
729 1947 779 1985 icco
792 1947 813 1988 d.
823 1945 963 1986 comnmo-

215 2016 250 2054 nis
271 2016 294 2053 st
313 2014 448 2054 visitationis
462 2013 507 2052 slis
525 2013 564 2062 pis
576 2023 644 2062 opens
662 2023 677 2052 s
691 2014 814 2062 respective
827 2013 962 2052 contesssrio

214 2079 349 2128 iniungendo
367 2079 461 2118 ddelitsr
479 2078 619 2127 sdimpleont,
646 2079 766 2128 <nemim
786 2079 847 2118 Urbis
864 2081 884 2116 et
901 2077 964 2117 Orbis

214 2145 247 2186 18.
262 2145 315 2195 sept.
329 2143 404 2193 ieet.)

176 2210 200 2263 Ι)
214 2212 295 2253 Utrum
309 2213 332 2250 et
346 2211 431 2260 quoties
445 2211 467 2250 s.
477 2210 606 2250 dommunio
620 2209 668 2250 desi
677 2209 748 2258 possit
760 2207 796 2249 bis
805 2209 903 2258 werede
916 2217 963 2249 non

214 2279 294 2318 ieiunis
306 2277 356 2317 ride
369 2277 428 2317 inire
439 2287 489 2327 ρας.
503 2273 550 2316 ici.

176 2340 201 2396 θ)
216 2343 272 2391 Quin
286 2343 305 2383 si
318 2343 399 2384 indrmi
411 2343 502 2382 morbus
517 2343 546 2382 sit
560 2342 688 2391 diuturnus,
705 2351 746 2381 nec
765 2345 840 2381 temen
852 2339 963 2391 periculo·

215 2421 261 2458 eus,
275 2409 352 2449 desine
365 2411 440 2458 potest
459 2410 479 2449 ei
493 2407 530 2450 88.
545 2409 672 2450 communic
691 2409 758 2448 etism
771 2419 816 2449 non
828 2407 917 2457 ieiuno,
941 2407 963 2448 si

215 2477 263 2517 siue
276 2477 326 2516 cibo
340 2477 379 2515 sni
392 2477 448 2524 potu
461 2477 522 2515 stsre
535 2475 625 2514 omnino
638 2485 684 2515 non
696 2475 783 2524 potesti

243 2542 373 2590 Respondso
380 2551 430 2580 cnm
437 2541 537 2582 &ssinlo
546 2541 609 2591 (tom.
618 2540 661 2594 ili
666 2551 687 2589 p.
692 2537 749 2591 569.)
757 2553 763 2581 ε
770 2542 798 2581 In
805 2541 848 2582 boc
854 2539 963 2590 simulsrl

215 2619 269 2648 cssu
278 2607 418 2654 conveniunt,
431 2617 476 2646 non
485 2607 559 2656 heere,
573 2608 592 2646 si
602 2607 739 2655 insuentium
749 2607 812 2646 lieret
819 2615 859 2655 pes·
865 2614 965 2654 snnnm;

216 2676 265 2714 tum
279 2672 332 2719 ouis
346 2674 404 2712 esset
417 2674 496 2711 contre
509 2673 596 2721 possim
609 2675 631 2712 et
644 2673 731 2722 piorum
740 2682 840 2720 nnsums
852 2673 900 2713 tun
909 2669 963 2719 quis

217 2737 341 2777 illusorium
354 2738 407 2776 tunc
419 2736 548 2778 redderetur
567 2737 672 2778 ecolesiss
685 2740 827 2788 prsecsptnnr
839 2735 866 2776 ds
879 2734 963 2776 ieiunio

219 2801 333 2843 seresodo.
357 2802 392 2842 An
401 2804 475 2842 sutem
484 2803 602 2852 sliqosndo
612 2804 635 2842 ld
643 2803 709 2844 licent
718 2804 741 2844 in
751 2813 817 2851 suno,
827 2812 847 2845 v.
856 2813 877 2852 ς.
887 2800 963 2851 semel,

217 2869 252 2910 bis
266 2868 301 2908 rel
314 2870 363 2917 ter,
386 2868 467 2908 dirsrsi
480 2868 568 2910 diverso
580 2871 714 2920 opinonem
736 2871 774 2912 slii
788 2869 890 2911 sbsoisos
902 2867 963 2910 sidr-
