2098 3222
187 185 303 227 Perimulae
316 187 404 236 petendi
417 169 491 242 sarias
503 187 621 228 multatos
635 190 658 228 et
671 189 762 238 gratias
834 185 875 232 88⁷

77 288 137 343 visa
154 294 240 343 morte
259 303 293 342 ex
305 288 358 342 hac
375 287 432 342 vita
450 289 571 344 sublatus
585 297 627 345 est
647 291 684 357 (ei
700 290 733 345 de
751 291 807 345 clio
825 295 875 347 επ·-

77 360 149 414 mose
166 365 273 429 apator,
290 359 361 418 diuo
374 362 544 427 caprimum
560 377 618 414 aco
636 359 772 416 cron'cs’as
786 365 875 431 puble-

78 431 187 498 cttutc),·
214 447 274 485 cum
292 439 381 486 autem
398 432 518 486 Rituslia
544 432 674 487 eiusmodi
690 435 875 502 peccatoribus

77 501 191 570 publicis
217 502 423 557 ecclesiasticam
454 503 619 572 sepulturam
643 504 793 572 negandam
816 521 876 562 esse

77 573 230 643 decernant,
250 573 511 629 aReverendissimo
525 575 662 630 vicariatu
676 575 801 631 Generali
813 592 875 647 sup·

77 644 141 713 plex
159 645 308 716 expostulo,
331 653 369 716 ut,
389 645 453 713 quid
471 646 523 702 hoc
542 648 570 700 in
588 662 652 702 casu
669 649 713 716 agi
731 648 803 718 velit,
822 656 875 704 sta·

76 724 153 772 tuere
172 715 303 784 dignetur.
403 749 406 754 ,
645 741 649 752 ’
793 744 796 762 ν

135 831 138 839 ¹
229 861 267 904 tt.
288 856 411 902 Permula
424 857 529 913 petendi
542 857 728 915 indulgentias.

148 929 380 986 Reverendissime
398 931 548 986 vicariatus
566 931 719 987 Generalis!

114 999 215 1056 Existit
231 1003 260 1056 in
278 1001 391 1057 ecclesia
408 1018 469 1057 mea
487 1002 594 1058 devotio
614 1019 679 1072 erga
692 1003 819 1058 Sanctum
832 1003 875 1073 N.‚

77 1087 148 1140 quae
172 1074 253 1127 teriia
277 1089 384 1141 quaque
409 1073 548 1129 Dominica
574 1077 674 1130 mensis
703 1090 752 1144 per
779 1091 877 1130 annum

77 1159 173 1210 magno
197 1144 290 1213 populi
315 1160 445 1199 concursu
469 1160 518 1213 per
553 1146 607 1200 itur
631 1146 666 1200 ad
685 1147 810 1202 amussim
832 1163 875 1202 ac·

77 1215 145 1268 clusi
162 1214 252 1268 libelli.
290 1214 365 1282 Quae
384 1214 491 1270 devotio
515 1161 601 1271 iiiios
626 1217 713 1272 adhuc
730 1219 875 1274 incremen-

77 1294 135 1340 tum
153 1287 294 1342 sortiretur
320 1287 501 1354 maioremque
519 1285 636 1341 fidelium
653 1290 796 1344 utilitatem
812 1306 874 1358 pro-

77 1364 192 1427 curaret,
211 1358 234 1412 si
254 1356 340 1412 eidem
359 1357 539 1426 indulgentiae
554 1375 571 1412 a
591 1358 618 1418 S.
633 1359 702 1414 Sede
716 1361 875 1429 Apostolica

77 1427 295 1485 concederentur.
338 1428 428 1496 Quare
459 1445 519 1483 cum
552 1430 669 1499 (praeter
697 1431 875 1500 indulgentias
965 1438 969 1446 '

77 1498 288 1555 confraternitati
307 1539 314 1554 .
330 1539 357 1554 ..
382 1501 423 1554 ccl
449 1499 520 1555 festo
539 1541 545 1554 .
561 1542 567 1555 .
583 1542 590 1557 .
609 1504 758 1573 concessas)
787 1504 874 1559 nullas

9 1605 10 1610 κ
76 1569 255 1640 indulgentias
272 1571 428 1640 parochiani
452 1573 505 1626 mei
523 1573 550 1626 in
569 1573 682 1628 ecclesia
699 1589 759 1628 mea
776 1574 819 1628 luc

9 1665 10 1670 ¹
76 1643 189 1712 possint,
207 1643 281 1698 hisce
300 1658 379 1711 quam
397 1643 542 1698 humillime
554 1589 875 1700 Reverendissimumrlnili3

77 1714 205 1768 cariatum
225 1714 383 1768 Generalem
409 1730 491 1782 rogo,
516 1722 547 1769 ut
568 1715 721 1783 praedictae
740 1716 876 1772 devotioni

76 1783 255 1853 indulgentias
279 1785 414 1855 plenarias
438 1786 515 1842 dictis
541 1785 634 1842 diebus
657 1787 803 1844 Dominicis
824 1789 876 1855 (cel

75 1855 147 1982 geiste
162 1897 168 1910 .
184 1898 191 1911 .
206 1857 227 1927 .)
245 1855 389 1913 lucrandas
406 1873 422 1912 a
441 1855 468 1912 S.
479 1855 549 1912 Sede
563 1859 720 1928 Apostolica
730 1875 874 1929 procurare

10 1959 11 1970 .
105 1936 209 1996 gnetur.

10 2051 11 2058 ἵ
99 2071 139 2115 8⁶.
155 2066 279 2113 Formula
292 2067 397 2125 petendi
410 2069 634 2131 indulgentiarum
648 2071 852 2118 renovationem.

148 2142 379 2199 Reverendissime
397 2144 548 2202 vicariatus
568 2143 722 2200 Generalis!

10 2193 11 2200 ἵ
112 2214 251 2271 Ecclesiae
269 2230 349 2270 corae
362 2229 438 2270 meae
453 2215 629 2286 concreditae,
649 2215 711 2272 clim
723 2216 777 2271 ΡΡ.
791 2217 875 2272 Fran·

75 2287 243 2342 ciscanorum
255 2286 366 2356 Recoll„
384 2303 454 2342 nunc
466 2288 613 2356 parochiali
627 2287 662 2342 ad
677 2287 704 2342 S.
718 2287 762 2357 N.‚
780 2288 808 2342 in
822 2291 876 2356 qus
897 2318 903 2338 .

10 2387 11 2420 1
76 2358 104 2414 S.
123 2359 254 2414 Antonius
272 2357 418 2414 Paduanus
443 2375 540 2427 magno
558 2359 651 2428 populi
674 2363 805 2414 concursu
823 2361 875 2414 sin·

11 2683 12 2720 l

11 2755 13 2792 l

11 2830 13 2865 l

75 2429 145 2498 gulis
164 2428 237 2486 feriis
256 2431 344 2485 tertiis
358 2445 518 2498 perannum
536 2438 689 2500 veneratur,
708 2430 875 2486 aClemente

75 2501 149 2556 Xlll.
168 2517 194 2570 p.
214 2518 248 2556 m.
267 2502 307 2557 cii
326 2515 360 2556 ex
379 2502 484 2557 accluso
503 2502 603 2571 libello,
622 2502 665 2556 rui
682 2501 771 2557 Breve
782 2502 883 2576 indul·¹

75 2572 225 2640 sentiarum
241 2574 371 2629 insertum
389 2581 439 2642 est,
463 2573 550 2628 videri
568 2580 666 2643 potest,
693 2572 875 2642 indulgentiae

74 2642 212 2711 plenariae
225 2644 371 2714 praedictis
385 2644 479 2701 diebus
497 2644 642 2700 lucrandae
661 2659 804 2701 concessae
818 2643 875 2700 iue-

74 2722 146 2770 runt.

110 2785 186 2841 Haec
210 2786 316 2854 quidem
340 2787 449 2843 devotio
473 2803 539 2857 erga
564 2787 591 2843 S.
609 2788 755 2844 Antonium
780 2786 875 2842 eodem

73 2857 168 2928 populi
186 2873 320 2915 concursu
341 2858 376 2914 ad
393 2860 463 2916 hanc
480 2875 566 2930 usque
584 2859 654 2916 diem
672 2859 793 2928 persistit
809 2857 875 2912 iide-

712 2947 770 3006 24*
