2124 3230
171 167 213 210 360
339 170 371 209 lle
385 169 531 210 celebratione
545 169 581 212 SS.
594 169 676 209 Minas
691 167 799 208 oacdflcii.

175 273 262 342 ipsam
279 285 386 324 manum
404 269 542 324 dexteram
561 284 643 337 super
661 269 738 324 altari
762 276 852 338 tenet3
878 269 978 325 deinde

177 343 267 396 dicens
299 342 487 395 Adiutoriam·
506 347 628 394 nostncm
656 341 687 394 in
715 342 822 394 nomine
851 341 978 409 Domini,

177 413 272 468 eadem
282 413 394 467 dextera
410 429 491 466 manu
509 413 597 480 signat
615 427 644 466 se
664 413 738 480 signo
757 412 842 466 crucis
860 412 979 468 afronte

180 485 214 540 ad
223 492 326 553 pectus,
344 492 372 552 et
385 499 402 537 a
415 484 522 538 sinistro
535 483 646 537 humero
659 484 688 536 in
702 481 848 551 dexterum,
861 490 980 552 tangens

177 571 206 612 se
225 559 253 610 in
270 569 432 623 unoquoque
449 555 541 622 verbo,
560 553 693 622 videlicet,
718 554 780 608 dum
806 553 869 608 dicit
886 555 981 609 Adia-

177 629 277 682 torinm
294 628 323 680 in
341 626 437 694 fronte,
460 631 582 679 nostram
599 625 669 678 infra
686 633 788 694 pectus,
813 626 845 678 ἐπ
867 628 981 680 nomine

176 701 205 753 in
223 700 330 754 sinistro
348 699 468 766 humero,
495 697 610 752 Domini
629 697 657 750 in
681 697 800 764 dextero,
824 704 853 751 et
878 697 980 752 iterum

175 771 263 838 ipsam
279 785 387 823 manum
400 768 537 822 dexteram
557 783 637 836 super
655 768 740 822 altare
757 768 872 836 reponit,
891 768 981 824 donec

178 857 196 895 a
220 842 303 895 choro
327 839 505 908 respondetur
531 839 585 908 Qui
606 827 671 906 fecit
697 839 797 892 coelom
819 844 845 892 ct
867 845 979 896 tecnam.

177 911 282 967 Deinde
296 911 386 965 dicens
399 911 549 964 Benedicat
565 925 612 964 eos
630 911 795 977 omnapotcns
812 910 897 978 Deus,
925 912 980 966 ele-

177 991 225 1037 vat
242 983 277 1036 ad
295 982 398 1036 coelum
422 982 500 1036 simul
525 982 616 1036 oculos
641 987 668 1035 et
691 997 794 1045 manus,
821 996 889 1049 quas
915 991 980 1038 ante

178 1053 275 1108 faeiem
292 1053 378 1120 iungit
404 1060 432 1106 et
457 1053 590 1120 accipiens
609 1068 695 1113 ,mann
720 1053 827 1107 sinistra
845 1052 981 1124 baculum,

179 1125 243 1180 dnm
261 1123 324 1178 dicit
341 1125 433 1190 Pater,
450 1125 532 1206 vertit
546 1139 575 1178 se
596 1123 631 1177 ad
644 1124 714 1178 latus
727 1124 875 1206 Epistolae,
895 1132 924 1179 et
943 1125 981 1180 ibi

178 1193 982 1335 tunultutttlttlddl‘nltttltfdslt

179 1338 291 1405 iterum3
318 1337 409 1392 dicens
433 1353 499 1391 vero
527 1342 552 1390 et
569 1336 689 1404 Spiritus
704 1342 821 1405 concae,
847 1339 931 1394 vertit
949 1354 979 1394 se

179 1415 266 1463 totum
283 1408 317 1462 ad
335 1409 406 1464 latus
418 1409 568 1476 Evangelii,
587 1417 615 1462 et
632 1408 670 1461 ibi
688 1407 767 1461 tertio
787 1409 875 1476 signat
893 1425 981 1478 popu-

180 1481 243 1549 lum,
262 1479 426 1548 perficiendo
450 1480 584 1534 circulum.
622 1478 650 1532 si
674 1494 740 1532 vero
763 1480 816 1533 erit
839 1481 981 1549 Archiepi-

181 1567 286 1622 scopus,
312 1553 369 1606 sine
393 1551 472 1604 mitra
497 1550 571 1603 dabit
593 1549 805 1606 benedictionem
829 1567 926 1606 versus
946 1551 981 1606 od

180 1639 256 1678 suem
274 1639 387 1691 crucem,
411 1629 438 1676 et
462 1620 578 1690 deponet
601 1621 710 1688 pallium
735 1637 817 1689 super
835 1622 929 1692 altare,
949 1639 982 1678 ao

103 1745 105 1750 .
178 1703 276 1763 postea
295 1693 365 1748 dicet
382 1693 496 1747 Initium
514 1693 604 1746 sanni
620 1692 774 1760 Eoonpelii.

217 1766 246 1820 Si
263 1765 428 1833 indulgentia
446 1762 591 1818 confuerit
600 1762 735 1830 publicata
748 1771 982 1834 postsermonem‚

179 1837 331 1906 publicatur
347 1837 385 1890 ibi
402 1851 451 1903 per
469 1834 654 1903 presbyterum
668 1835 836 1888 assistentem
849 1835 877 1888 in
896 1851 983 1891 cornu

179 1908 319 1976 Epistolae
333 1923 427 1961 versus
437 1906 580 1974 populnm;
600 1921 653 1972 qua
666 1905 809 1974 publicato,
827 1905 983 1974 Episcopus

180 1977 303 2046 deposita
320 1979 407 2047 mitre,
427 1977 490 2032 dicit
507 1992 602 2031 versus
621 1992 704 2030 corun
721 1977 865 2044 Evangelii
882 1977 980 2032 Domi-

179 2065 231 2102 nae
248 2049 390 2115 coloseum,
409 2048 541 2104 submissa
557 2062 632 2116 voce,
651 2054 679 2102 et
702 2046 773 2102 facto
800 2049 875 2116 signo
895 2049 984 2104 crucis

180 2134 262 2188 super
280 2120 366 2187 altuni,
392 2119 455 2173 dicit
480 2120 603 2187 Initium,
631 2126 681 2172 eto.
709 2118 781 2186 quod
799 2121 981 2190 prosequitur,

179 2197 286 2258 sumpta
303 2192 382 2244 mitra
400 2197 427 2244 et
445 2190 548 2258 baculo,
574 2188 744 2258 procedendo
768 2190 804 2245 ad
820 2190 916 2259 locum,
935 2191 982 2244 nbi

180 2261 345 2330 aprincipio
365 2262 468 2329 accepit
491 2267 655 2330 paramenta,
680 2261 770 2328 ibique
795 2276 845 2329 per
872 2261 982 2316 eosdem

180 2332 315 2386 ministros
334 2333 440 2387 exuitur
459 2333 541 2387 sacris
559 2333 731 2401 paramentis.
769 2331 798 2386 Si
824 2347 888 2386 vero
908 2332 982 2387 aliud

178 2403 355 2471 Evangelium
374 2403 513 2457 dicendum
532 2404 575 2471 sit,
592 2411 678 2458 totum
695 2403 797 2470 legitin
814 2404 892 2458 altari
905 2411 980 2458 ante-

179 2489 260 2540 quam
284 2473 411 2542 discedet,
442 2489 528 2542 eoque
554 2474 625 2530 dicto
649 2474 751 2528 recedit
775 2482 806 2529 ut
830 2475 914 2542 prius.
952 2472 981 2528 si

178 2545 331 2612 Episcopus
350 2545 397 2600 dat
414 2545 627 2601 benedictionem
644 2544 826 2613 Apostolicam
852 2562 913 2599 cum
937 2545 980 2599 In·

180 2614 316 2684 dulgentia
350 2617 487 2685 plenaria,
522 2617 596 2671 illam
626 2617 794 2684 impertiatur
825 2615 979 2671 immediate

177 2694 242 2754 post
268 2687 390 2742 ulfinum
414 2687 599 2756 Evangelium,
628 2694 691 2756 post
722 2701 787 2741 vero
820 2686 976 2742 Orationem

178 2758 293 2812 Placeat
305 2757 353 2813 fiat
370 2766 401 2814 ut
418 2773 501 2828 snpra
514 2758 675 2814 dictumest
692 2757 739 2825 (R.
757 2757 786 2812 S.
807 2757 835 2814 0.
849 2761 894 2812 23.
906 2757 981 2812 Maii
