2098 3222
140 196 268 236 Benedictio
281 198 305 236 in
317 197 375 237 iasio
388 196 410 237 b.
424 195 493 236 Blasii
507 197 585 236 contra
595 197 683 237 morbos
697 197 801 246 gutturis.
828 191 869 237 aab

71 314 152 355 neam
165 299 277 354 electam
290 298 411 367 plantare
421 299 543 367 voluisti3
561 297 692 365 bsne†dic
704 298 795 353 vinum
807 299 868 370 hoc,

73 377 102 427 et
118 371 245 424 virtutem
269 371 295 424 ei
317 377 381 425 tuse
394 369 596 440 ¹benedictionis
620 368 737 439 infunde,
763 377 794 424 ut
812 371 868 438 qni-

72 455 185 509 cumque
211 456 246 496 ex
270 455 303 495 eo
321 442 465 510 sumpserit
489 441 533 496 vei
556 440 662 510 biberit,
687 439 868 496 intercedente

72 513 170 568 diiecto
189 511 318 581 discipulo
335 518 383 566 tuo
401 513 514 581 Joaune,
537 512 669 581 Apostoio
694 517 722 566 et
744 513 869 580 Evange-

71 583 143 653 lista,
162 583 272 652 singuiis
289 583 389 638 morbis
408 590 436 638 et
452 583 564 638 venenis
581 581 717 652 pestiferis
737 582 869 668 cffisgatis,

71 654 294 710 sanitatem-inde
306 655 433 722 corporis
452 662 479 709 et
489 655 593 708 animae
611 661 798 722 consequetur.
817 654 869 721 Qui

70 727 140 782 vivis
158 733 186 781 et
202 739 299 794 regnas
317 741 376 779 cum
394 725 454 781 Deo
472 725 554 780 Patre
573 732 623 780 etc.
796 747 799 754 ⁴

107 798 168 853 Alia
188 800 290 853 oratio.
330 794 448 852 Orcaas.
466 797 550 866 Deus,
575 797 622 864 qui
638 796 757 850 humano
776 795 868 864 generi

69 883 169 939 panem
186 869 214 922 in
233 869 328 937 cibum,
354 875 381 922 et
397 869 489 922 vinum
506 869 535 921 in
552 875 645 936 potum
662 868 819 936 procreasti,
837 872 869 921 ut

70 941 149 1065 genis
169 955 265 1008 corpus
284 936 423 1007 confortet,
443 945 470 994 et
487 940 577 992 vinum
596 954 642 994 cor
660 939 774 993 hominis
791 937 867 992 laeti·

90 1019 141 1081 cet,
160 1011 258 1080 quique
275 1010 471 1080 beatoJoanni,
489 1011 652 1080 praedilecto
671 1009 800 1077 discipulo
810 1015 867 1078 tuo,

71 1089 175 1138 tautam
197 1082 311 1150 gratiam
329 1082 471 1148 contulisti,
499 1088 606 1137 utnon
630 1081 717 1154 solum
741 1082 867 1135 haustum

70 1153 170 1208 veneni
186 1152 296 1207 illaesus
314 1151 449 1222 evaderet,
475 1151 524 1207 sed
549 1153 629 1207 etism
651 1153 680 1206 in
703 1158 750 1206 tua
767 1153 867 1206 vincte

71 1230 222 1293 prostratos
251 1230 377 1278 amoris
400 1224 587 1292 resuscitaret3
611 1229 721 1292 praesta
745 1223 867 1278 omnibus

71 1295 125 1348 hoc
142 1294 233 1348 vinum
256 1292 416 1363 bibentibus,
441 1301 472 1348 ut
497 1295 660 1362 spiritualem
684 1295 815 1349 laetitiam
839 1299 868 1348 et

71 1365 156 1419 vitam
174 1365 301 1433 consequi
319 1371 472 1420 mereantur
490 1371 636 1420 aeternam.
655 1365 708 1419 Per
725 1365 868 1420 Dominum

71 1443 193 1491 nostrum
210 1435 303 1491 Jesum
321 1436 454 1491 Christum
473 1442 522 1492 etc.
541 1465 577 1476 -
594 1436 628 1491 B.
647 1437 741 1490 Amen.

105 1507 244 1576 Aspcrpat
261 1523 335 1576 cqtoc
352 1506 498 1565 benedicta.
507 1507 526 1576 1)
836 1575 838 1578 Ι

125 1615 163 1661 17.
181 1613 329 1661 Benedictio
343 1615 371 1660 in
385 1615 453 1662 resto
467 1616 493 1661 S.
506 1614 589 1661 Blasii
603 1617 695 1662 contra
708 1615 814 1661 morbos

392 1681 547 1737 guttur-isi)

238 1748 281 1802 (iix
294 1751 369 1800 „lieu
383 1750 522 1800 Pcstorum“,
536 1751 610 1792 colcu.
625 1745 696 1799 1886.)

107 1812 240 1869 Sacerdos
259 1819 324 1884 poet
348 1815 472 1883 Massam,
497 1820 546 1869 cat
571 1816 650 1882 aliae,
675 1814 866 1884 superpelliceo

70 1885 113 1941 ccl
131 1885 194 1939 albo
212 1891 237 1940 ct
254 1885 324 1940 stola
341 1885 462 1955 induisse,
481 1902 606 1940 accensos
623 1886 692 1940 daos
718 1884 868 1940 benedictos

71 1971 160 2013 cereos
177 1957 207 2010 ic
222 1957 314 2024 formo
331 1958 419 2012 crucis
436 1957 485 2011 cub
510 1963 597 2012 mento
621 1956 739 2012 caiascrc
763 1955 867 2011 beredi-

71 2028 151 2084 cccdt'
165 2029 300 2098 praeficere·
317 2033 408 2082 teneres
426 2027 513 2086 dicct:

105 2099 160 2154 Per
171 2098 388 2156 intercessionem
398 2098 425 2153 S.
438 2099 530 2169 Blasii,
548 2099 677 2169 Episcopi
691 2105 719 2154 et
731 2097 867 2168 Martyris,

69 2171 167 2226 liberet
183 2177 211 2225 te
230 2186 247 2225 a
263 2169 333 2226 maio
352 2172 475 2240 gt1ttu1is,
498 2177 526 2226 et
550 2186 567 2224 a
585 2170 705 2238 quolibet
722 2169 774 2224 aiio
792 2169 867 2225 Deus

69 2243 160 2313 Pater,
179 2248 207 2296 et
223 2241 309 2298 Filius
327 2245 345 2310 †
363 2249 391 2296 et
409 2241 524 2310 Spiritus
542 2249 658 2299 sauctus.
692 2241 788 2296 Amen.

71 2347 112 2396 18.
125 2345 273 2395 Benedictio
282 2348 425 2394 herbarum
438 2347 467 2393 in
480 2347 548 2394 testo
557 2346 749 2403 Assumptionis
758 2345 786 2391 B.
795 2345 828 2391 ii.
836 2345 867 2394 V.

204 2461 207 2464 ,
350 2420 393 2466 (Bx
406 2418 492 2458 biisssli
505 2416 589 2470 Goion.)
909 2425 913 2434 ’

105 2485 178 2539 Acte
186 2485 303 2540 Massam
314 2483 439 2540 sacerdos
451 2483 640 2553 sscpcrpellc'cco
649 2483 691 2538 ccl
708 2482 778 2550 ciba,
796 2482 867 2538 stola

70 2559 96 2610 ci
109 2555 229 2624 pluviali
246 2557 306 2624 (ubi
321 2556 445 2624 Ιιαϋειιιν)
466 2555 563 2610 coloris
580 2555 637 2610 cili
647 2553 768 2622 indutas,
786 2554 868 2609 dcc.-

85 2677 107 2730 ι)
122 2678 237 2727 Aliquibus
251 2679 274 2718 iu
287 2678 342 2719 iocis
356 2677 430 2717 vinnm
443 2676 582 2717 benedictum
595 2675 675 2726 populo
690 2675 808 2716 bibendum
820 2676 867 2714 tra·
942 2727 946 2734 ῃ

123 2742 155 2782 tiit
169 2743 243 2782 dicens
258 2743 362 2792 sugens:
380 2743 433 2782 Bibe
446 2755 536 2782 cessorem
550 2741 570 2783 8.
585 2741 680 2792 Jecinoris,
694 2743 717 2781 s'c
730 2742 812 2782 nominc
826 2739 866 2779 Pc-

123 2809 194 2849 tricet
208 2808 262 2848 Filii
275 2812 294 2847 d
307 2807 399 2859 spiritu
412 2809 485 2848 cancii.
513 2807 585 2847 Amen.

83 2871 106 2927 Ι)
120 2873 165 2918 crs.
178 2872 245 2914 xcii.
259 2871 390 2917 Pastoralbi.
405 2883 425 2917 a.
439 2869 499 2914 isos.
513 2872 551 2914 Νι.
565 2870 585 2917 5.
