2106 3228
157 111 185 157 88
324 115 433 156 Materiae
447 115 602 156 nonnullarum
615 114 786 161 meditationum

175 219 224 272 36.
243 218 423 272 meditatio:
448 218 492 273 Dc
510 219 686 288 ammonitione
705 219 743 274 ad
760 217 810 276 SS.
829 219 959 284 muna,
1030 221 1031 224 ’

242 314 245 319 ·
379 303 487 357 statium
505 303 670 358 sumendam.
691 303 733 373 (I.)

282 411 356 452 Ptobet
369 415 437 450 antem
454 412 544 461 seipsam
556 411 614 450 bonno
624 439 629 450 .
641 438 663 450 ..
677 407 706 467 (1.
721 409 770 456 Oor,
784 407 827 461 11.)

193 500 215 554 Ι.
234 500 270 555 In
283 500 337 554 sote
345 499 441 567 poenit
453 499 656 553 tabernaculum
665 513 752 556 annm.
763 497 816 567 (Ps.
831 497 884 568 18.)
904 499 959 555 Gu-

158 570 244 626 randa
264 585 366 626 summa
383 569 486 638 puritas
501 571 618 639 animae,
636 570 664 623 in
678 585 758 636 quam
771 575 901 625 venturus
916 577 963 628 est

160 643 292 698 Christus.
327 641 419 709 Exigit
443 641 495 694 hoc
520 656 623 696 summa
640 640 766 696 sanctitas
785 647 813 695 et
829 641 960 698 maiestas

159 713 283 782 hospitis.
300 711 431 780 Expende
446 713 524 782 enim,
543 713 610 781 quis,
631 718 658 766 et
676 711 710 766 ad
727 727 806 779 quem
824 711 961 780 ingredia-

159 785 224 840 tur?
250 781 279 838 Si
297 790 416 851 matrem,
436 798 504 850 quae
524 789 686 852 conceptura
704 790 763 837 erat
779 782 877 836 Filium
895 783 960 855 Dei,

160 854 273 910 decebat
290 860 366 908 tanta
383 855 500 922 puritate
513 855 608 924 nitere,
628 869 681 922 qua
689 854 774 908 maior
782 852 852 908 infra
868 853 961 910 Deum

160 925 307 994 excogitari
325 940 380 979 non
396 931 502 993 potest;
529 931 556 979 te
575 925 646 979 idem
664 925 748 994 decet,
779 925 825 992 qui
843 925 963 982 eundem

159 997 267 1065 excipis.
303 995 340 1050 At
363 997 466 1064 puritas
488 1012 543 1050 non
561 1003 603 1052 est
621 996 679 1050 sola
703 996 736 1050 ab
756 996 828 1056 omni
845 1005 963 1064 peccato

158 1067 318 1142 inmunitas,
338 1067 480 1121 sedetiam
495 1065 637 1122 affectuum
650 1067 774 1136 purgatio
789 1074 817 1120 et
829 1067 962 1123 virtutum

158 1145 277 1194 ornatus.
313 1137 429 1193 Potesne
455 1139 492 1194 sic
511 1146 538 1193 te
556 1137 682 1192 mundum
702 1137 812 1192 dicere?
850 1138 963 1205 Quanto

157 1210 250 1265 labore
269 1225 337 1277 opus
356 1216 411 1279 est,
436 1217 466 1263 ut
489 1210 542 1264 hnc
560 1209 723 1278 pervenias?
754 1209 909 1279 Petronios,
936 1212 961 1266 si

134 1285 138 1294 ⁴
158 1281 229 1339 serio
248 1280 331 1334 voles.
350 1281 401 1334 Dic
420 1296 480 1334 cum
497 1281 618 1349 leproso:
636 1280 760 1349 Domine,
779 1280 861 1350 sinis,
875 1287 960 1350 potes

158 1351 357 1408 munandans.
377 1351 535 1420 (Matina)
562 1350 686 1420 Confide3
706 1349 832 1406 extendet
849 1367 962 1407 manum

159 1439 243 1493 suam,
262 1429 290 1477 et
307 1421 389 1476 dicet:
408 1423 475 1492 nolo,
494 1422 634 1476 mandare.

192 1495 227 1549 H.
250 1494 375 1548 Vincenti
391 1493 461 1547 dabo
479 1493 556 1548 edere
574 1493 607 1548 de
625 1493 696 1562 ltpno
714 1494 802 1560 citae,
829 1493 903 1562 qnod
921 1499 964 1550 est

158 1565 189 1619 t'n
198 1566 333 1634 paradiso
347 1565 441 1634 (Apoc.
451 1565 496 1634 2.),
510 1564 538 1618 id
552 1571 601 1634 est,
615 1572 647 1618 nt
658 1564 696 1618 ait
714 1564 829 1632 scriptor
839 1564 960 1636 quidam,

159 1635 291 1705 deligno,
310 1635 480 1704 quodetiam
506 1642 547 1690 est
570 1636 599 1690 in
622 1635 735 1690 ecclesia
759 1635 890 1691 militante
907 1652 964 1706 per

159 1707 338 1775 praesentiam
353 1706 451 1762 Christi
471 1707 637 1774 corporalem
656 1705 684 1759 in
704 1703 877 1761 Sacramenta
891 1707 963 1763 alta-

157 1778 206 1832 ris.
242 1777 280 1834 Ut
294 1779 346 1832 hoc
364 1777 462 1832 fruaris
475 1778 609 1846 mysterio,
623 1791 733 1832 necesse
747 1784 796 1847 est,
815 1784 846 1832 ut
858 1784 886 1832 te
900 1779 962 1833 vin-

159 1864 213 1917 cas,
234 1856 262 1902 et
280 1849 427 1916 appetitum
452 1849 557 1917 rationi,
582 1849 712 1903 rationem
736 1848 796 1902 Deo
822 1849 961 1906 subiicias.

159 1919 222 1974 Non
232 1919 297 1974 satis
312 1935 376 1987 ergo
392 1919 470 1987 digne
484 1918 596 1988 accedis,
610 1919 634 1974 si
646 1926 674 1974 te
687 1935 742 1973 non
755 1919 848 1974 vincis.
868 1919 962 1987 Quan-

160 1996 205 2044 tus
223 1990 271 2044 tibi
299 1989 372 2045 inte
390 1990 449 2058 ipso
467 1990 639 2045 victoriarum
667 1989 796 2058 campus?
822 1991 961 2062 superbia,

162 2061 279 2130 ambitio,
298 2061 338 2115 tui
356 2061 514 2130 aestimatio,
532 2077 618 2115 vanae
634 2062 734 2129 gloriae
749 2061 890 2132 cupiditas,
908 2063 961 2133 ira,

78 2150 84 2163 ·
160 2131 335 2200 impatientia,
348 2132 461 2199 languor
472 2133 501 2186 in
513 2133 616 2202 spiritu,
629 2131 755 2201 tepiditas
771 2139 798 2187 et
812 2133 874 2203 alia,
888 2149 963 2202 quac

160 2209 191 2257 tn
208 2203 294 2270 nosti3
317 2203 385 2256 haec
404 2202 521 2273 devince,
541 2210 568 2258 et
585 2202 691 2258 dabitur
708 2203 757 2257 tibi
776 2203 809 2257 de
827 2204 901 2273 ligno
920 2205 962 2260 vi·

159 2280 212 2328 tae.
250 2273 336 2342 Quam
354 2274 422 2328 alius
441 2288 522 2344 esses,
548 2275 579 2344 si,
605 2275 708 2341 quoties
727 2273 763 2330 ad
780 2273 850 2329 hanc
869 2289 963 2331 escam
1030 2317 1031 2320 η

162 2344 305 2413 accessisti,
324 2346 368 2398 vel
381 2361 464 2398 unum
482 2361 516 2400 ex
533 2346 575 2400 his
592 2345 714 2400 hostibus
733 2345 922 2414 subiugas'sesl

194 2416 244 2472 111.
261 2416 333 2470 Ecce
350 2431 397 2486 epo
411 2417 510 2484 pinam
528 2417 602 2471 uobis
612 2433 714 2484 panem
732 2416 765 2470 dc
783 2418 855 2471 coelo
860 2437 870 2486 ;
889 2434 963 2488 epre-
1030 2415 1031 2430 ¹

160 2485 255 2540 diatnr
266 2487 395 2556 populns,
415 2493 439 2541 ct
457 2489 573 2558 cottipat.
600 2486 695 2557 (Exod.
710 2489 763 2557 16.)
789 2488 964 2544 Promittitur
1030 2509 1031 2528 i

158 2558 203 2612 hic
222 2574 326 2628 manna,
351 2557 437 2627 figura
454 2559 655 2628 Eucharistiae,
680 2557 799 2625 illudque
818 2559 853 2614 ad
872 2561 963 2615 instar
1030 2567 1031 2618 t

158 2629 266 2698 pluviae
286 2644 367 2698 snper
379 2630 465 2685 iustos
484 2637 511 2685 et
529 2631 642 2684 iniustos
656 2629 783 2684 cadentis.
815 2629 893 2697 Quae
910 2631 962 2685 bo·
1030 2643 1031 2690 l

159 2701 230 2756 nitas
248 2700 300 2756 Dei
319 2716 348 2757 se
366 2707 422 2756 tam
438 2702 551 2770 prodige
568 2701 720 2770 largientis!
739 2699 795 2770 sed,
814 2708 845 2756 ut
858 2717 892 2758 eo
910 2717 963 2770 po·
1030 2699 1031 2714 ³

159 2772 244 2844 tiaris,
262 2787 373 2830 necesse
392 2780 442 2843 est,
459 2780 487 2829 ta
506 2772 605 2843 egredi.
626 2769 722 2828 Unde?
742 2779 789 2828 aut
806 2773 881 2842 qno?
904 2773 963 2829 Re·
