2138 3226
167 145 208 190 218
335 149 443 197 Quaedam
457 161 498 200 pro
512 151 622 191 exercitiis
635 151 794 201 spiritualibus.
865 165 872 180 ·

164 258 279 308 mortem
296 252 426 322 (quamvis
454 252 610 322 saepissime
635 253 721 323 citius,
747 269 827 322 quam
852 262 966 322 putatur

165 323 299 394 adveniat)
327 324 478 378 venientem
502 323 604 394 videre,
632 324 804 380 Sacramenta
832 327 964 382 ecclesiae

165 402 286 464 tempore
306 404 457 464 opportuno
470 395 615 464 postulate,
639 403 666 450 et
687 413 790 452 summa
802 413 862 451 cum
881 397 963 453 devo-

165 467 247 535 tione,
267 483 299 521 ao
317 467 461 522 astantium
479 465 663 522 aedificatione
681 468 801 535 recipite.
832 468 965 524 Adinstar

168 537 290 594 sacrificii
310 538 409 592 Christi
426 553 480 606 pro.
490 536 566 593 vobis
583 539 611 592 in
626 554 703 606 cruce
714 539 804 607 oblati,
818 555 868 594 ros
881 547 965 608 totos,

168 615 278 678 totaque
290 616 382 664 vestra
391 609 421 662 in
434 607 591 664 sacrificium
601 609 664 664 boni
672 609 768 664 'odoris
782 612 968 666 sanctissimae

167 680 293 734 Trinitati
322 681 351 732 in
375 688 514 734 aeternum
541 688 646 750 vovete,
672 680 775 749 offerte,
800 689 967 753 consecrate,

166 751 309 807 immolate.
328 751 471 804 Variacum
488 751 616 806 virtutum
634 759 718 820 actus,
735 754 879 821 praecipue
892 753 967 824 fidei,

168 824 235 892 spei,
257 822 383 890 cantans,
403 823 577 891 contritionis,
605 824 759 891 patientiae,
786 823 891 878 divinae
916 841 965 880 vo·

166 893 263 948 luntati
284 892 463 962 subiectionis,
482 895 657 948 tentationum
670 895 822 950 reiectionis
839 895 966 964 frequen·

168 971 211 1020 ter
233 964 327 1018 elicite.
345 963 420 1018 Mala
436 964 596 1020 'daemonum
615 972 672 1020 crte
685 966 713 1019 in
723 965 790 1020 duos
800 967 894 1022 salutis
906 983 965 1023 soo-

166 1035 246 1104 puios
265 1049 346 1102 saepe
364 1034 541 1105 impellimur;
559 1051 609 1105 per
627 1037 795 1091 vitamnimis
809 1037 910 1106 confisi,
930 1038 966 1094 de

61 1104 63 1114 ’
169 1106 256 1161 soiute
274 1107 529 1176 praesumimus31n
546 1114 632 1162 morte
646 1109 723 1163 nimis
744 1109 849 1178 abiecti,
868 1109 902 1164 de
921 1125 964 1166 sa·

167 1177 224 1232 lute
243 1191 312 1245 pene
331 1176 512 1245 desperamus.
531 1179 631 1234 Contra
647 1179 698 1234 hos
717 1179 876 1234 daemonum
889 1187 965 1236 astus

168 1249 319 1317 pervitam
338 1264 397 1302 oum
415 1257 488 1304 metu
506 1257 533 1304 et
550 1258 666 1306 tremore
676 1251 789 1306 salutem
808 1266 964 1322 operemur3

170 1327 198 1374 ct
215 1319 244 1374 in
261 1320 387 1375 extremis
405 1321 486 1390 positi
511 1335 561 1390 per
584 1321 688 1377 infinita
706 1322 804 1378 Christi
821 1324 918 1377 merita
935 1324 964 1378 in

166 1391 239 1446 bona
256 1391 350 1447 saiutis
369 1407 417 1461 spe
435 1392 592 1448 roboremur
610 1400 638 1448 et
656 1392 849 1452 confirmemur.

166 1533 346 1604 QUAEDAM
362 1533 433 1590 PRO
452 1491 659 1660 Effimffdffins
679 1534 962 1596 SPIRITUALIBUS.

528 1630 542 1660 o
570 1617 649 1660 iurant.

199 1688 297 1743 Rima
315 1689 367 1746 dic.
401 1689 535 1745 Matutino
558 1697 586 1745 et
608 1689 747 1748 Laudibus
772 1707 823 1760 pro
841 1691 960 1746 crastina

164 1758 207 1814 die
222 1761 354 1828 privatim
371 1761 498 1830 recitatis,
523 1777 637 1829 vespere
655 1762 723 1816 bora
741 1763 794 1825 4¹l2
814 1778 906 1818 omnes
924 1761 960 1816 ad

165 1830 269 1898 signum
288 1847 431 1900 campanae
446 1833 605 1887 convenient
625 1834 653 1886 in
673 1833 820 1903 ecclesiam,
838 1834 893 1903 ubi,
913 1849 959 1888 cx-

164 1902 254 1968 posito
283 1901 330 1956 SS.
351 1902 531 1972 Sacramenta
557 1904 714 1958 recitabitur
739 1905 860 1974 Hymnus
891 1905 961 1959 Veni

168 1971 287 2041 Orcator,
306 1973 376 2042 (pag.
387 1975 458 2044 222.)
477 1975 635 2042 dabiturque
649 1975 813 2030 Benedictio.
833 1975 902 2030 Tum
919 1977 959 2030 in·

166 2043 247 2112 cipiet
273 2044 452 2099 coaudoatio
477 2045 510 2100 dc
534 2054 607 2100 recte
631 2047 791 2116 peragendis
817 2047 960 2104 exercitiis.

169 2113 246 2168 Hora
272 2129 372 2170 coenae
400 2123 427 2172 et
453 2117 557 2186 reliqua
580 2123 659 2172 erunt
682 2125 714 2172 ut
740 2118 836 2174 ceteris
862 2118 964 2174 dicbus.

166 2183 243 2252 (Vide
261 2201 324 2254 pag.
341 2187 414 2258 220.)

165 2256 260 2307 Reliquis
274 2259 357 2297 dicbus:

165 2308 242 2365 Hora
261 2312 295 2364 t
350 2309 523 2379 Surgitur.
532 2312 629 2368 Preces
638 2315 864 2384 motatioocspag.
875 2314 965 2384 1-3).

204 2421 221 2450 ,,
279 2381 333 2450 t½
350 2381 498 2521 Meditotp'o
512 2383 557 2454 (ad
573 2400 694 2440 normam
707 2401 789 2455 supra
800 2401 864 2455 pag.
874 2388 963 2440 4-11

369 2460 483 2508 osrtarn.

203 2561 219 2591 ,‚
279 2522 331 2590 6½
349 2469 964 2598 pEeammedttotioooetanoouttofrurtoe,

349 2595 378 2650 in
396 2596 516 2652 cubiculo
535 2596 591 2666 (cfr.
608 2613 670 2667 pag.
690 2599 751 2669 11.).

204 2703 220 2734 ‚‚
279 2663 333 2734 ⁶³lt
352 2667 467 2735 Tempus
485 2668 604 2724 liberum.

349 2737 423 2792 Bene
437 2739 587 2808 intelligant
605 2742 792 2811 exercitantes,
810 2747 916 2810 tempus
933 2740 965 2796 li·

349 2808 443 2864 berum
467 2809 493 2879 (i.
513 2825 538 2866 e.
563 2812 606 2866 cui
629 2813 731 2870 nullum
758 2813 914 2869 exendum
936 2813 965 2868 in
