2138 3226
149 166 201 212 ,att
330 170 363 211 Dc
376 169 525 210 celebratione
538 168 574 212 88.
587 168 668 210 lilaea
682 168 790 212 ιεεειιειι.

155 270 276 338 corporis
289 269 334 324 vel
346 269 492 339 reliquiae;
511 269 627 340 debet,
646 271 670 326 si
687 270 805 328 celebret
819 271 853 328 de
868 271 957 330 officio

156 341 293 397 ecclesiae.
331 340 371 407 (S.
390 341 425 398 ll.
445 340 474 396 0.
492 345 534 398 11.
552 342 622 410 Apa
641 344 731 410 1840.)

192 417 234 466 11.
262 412 303 466 De
329 413 508 468 oratoriis
539 413 695 481 publicis
719 412 790 468 idem
813 412 958 470 dicendtnn

151 489 197 540 ,εει
215 499 247 538 ac
265 482 298 537 de
318 483 445 553 ecclesiis,
472 491 500 538 ει
516 483 545 537 in
562 483 614 538 illis
632 485 717 540 Missa
734 484 896 540 celebranda
914 493 959 542 εει

153 555 230 610 iuxta
248 554 434 610 Calendarium
453 554 641 610 dioecesanum
658 562 705 610 aut
721 556 854 624 regulare,
873 565 958 625 prout

155 626 274 682 oratoria
290 626 426 694 pertinent
451 625 485 680 cd
515 626 666 681 saeculares
685 634 731 681 ant
747 627 901 696 regulares,
927 635 957 684 ει

155 697 189 752 ab
213 697 247 752 iia
271 695 426 752 officiautur.
459 697 544 764 (8.8.
557 697 585 752 0.
599 701 644 751 22.
659 697 745 752 Mori.
763 701 842 756 1817.
861 706 889 754 ει
911 702 956 754 16.

154 768 325 836 Dacicae.)
344 768 396 824 Εει
409 773 499 822 autem
511 768 657 824 oratorium
669 769 733 837 pub
741 767 862 838 licum,
882 769 957 837 quod

130 845 137 860 “
156 839 315 896 auctoritate
340 838 460 907 episcopi
478 845 596 894 erectum
620 846 662 894 est
680 845 707 894 ει
725 837 760 894 ad
777 839 830 894 Dei
853 841 956 896 ctrltum

155 917 287 979 perpetuo
312 908 477 978 dedicatum,
504 911 607 966 habena
635 909 736 966 aditum
754 915 781 965 et
803 912 956 980 ingranam

154 981 268 1038 liberum
285 995 335 1049 pcr
352 981 422 1034 viam
441 996 613 1036 communem.
705 1021 709 1032 .

194 1055 236 1106 12.
254 1052 286 1106 ln
304 1052 462 1106 oratorio
480 1053 620 1120 privato
639 1051 721 1121 (quod
737 1052 809 1108 intra
826 1051 955 1110 domesti-

154 1137 201 1178 cos
218 1123 347 1190 parietes,
370 1139 425 1178 non
441 1123 544 1180 habens
562 1123 662 1179 aditum
680 1138 730 1192 per
746 1124 818 1180 viam
835 1139 954 1180 commn-

153 1207 228 1262 nem,
256 1209 291 1248 ex
308 1194 480 1250 concessione
505 1194 771 1263 sedisapostolicae
795 1195 845 1250 sub
871 1196 954 1254 certia

154 1263 280 1334 clausulis
298 1271 326 1320 ct
349 1266 531 1334 recognitione
555 1281 587 1321 ac
605 1265 798 1334 approbatione
816 1265 954 1324 Ordinarii

152 1351 203 1404 pro
220 1342 342 1403 tempore
384 1335 530 1392 dMissam
556 1335 742 1392 celebrandam
769 1343 811 1392 εει
834 1336 953 1394 destina·

153 1405 219 1475 tum)
246 1407 333 1463 Missa
357 1351 464 1475 sgmper
486 1407 648 1462 concordare
675 1407 756 1462 debet
780 1424 840 1462 cum
865 1408 953 1466 officio

154 1477 314 1534 celebrantis
337 1478 416 1534 ctiam
442 1477 476 1532 de
493 1479 578 1534 Beato
597 1477 714 1533 nondum
732 1479 889 1536 canonicato
910 1481 952 1548 (8.

153 1548 188 1604 R.
209 1548 238 1607 0.
254 1553 300 1608 ιε.
317 1549 388 1606 Nos.
405 1552 491 1618 rear,
508 1553 552 1604 23.
571 1549 641 1604 Mat.
659 1552 737 1606 1835.
758 1558 786 1605 et
802 1554 845 1606 ro.
860 1552 955 1620 Apnr.

152 1623 253 1704 3853),
272 1627 386 1704 excepto
404 1620 448 1674 die
462 1620 531 1704 festo
544 1621 650 1689 patroni
659 1620 720 1703 loci,
738 1621 784 1676 vel
796 1623 953 1708 parochias,

152 1707 254 1818 tritt
267 1691 955 1833 {illicitatilluitttlletitia?itit

151 1833 242 1902 legere
260 1834 379 1890 votivam
396 1840 443 1888 aut
461 1833 494 1888 de
511 1834 654 1902 Reqaicm,
683 1833 789 1901 quando
815 1851 895 1890 suum
913 1835 954 1892 ol·

151 1902 240 1960 ficium
258 1905 403 1973 permittit,
431 1905 495 1960 licet
511 1905 540 1959 in
558 1905 672 1960 ecclesia
690 1905 854 1974 parochiali,
881 1907 956 1964 intra

152 1975 228 2031 cuius
247 1973 395 2032 districtum
408 1975 489 2031 situm
503 1983 545 2031 εει
558 1975 713 2044 oratorium,
731 1975 779 2032 fiat
792 1975 826 2032 (le
839 1977 956 2046 duplici.

153 2044 233 2102 Solus
252 2046 424 2116 excipiendus
443 2054 485 2101 εει
502 2046 560 2102 dies
578 2045 692 2103 festivus
709 2047 820 2102 Patroni
837 2047 900 2118 loci,
919 2048 955 2106 de

151 2132 207 2185 quo
232 2117 261 2172 in
287 2118 406 2174 oratorio
433 2118 540 2185 privato
558 2117 645 2174 Missa
670 2117 768 2173 festiva
791 2118 956 2176 celebranda

153 2195 203 2256 εει,
222 2189 286 2256 quia
303 2189 355 2245 hoc
372 2187 471 2244 festum
488 2194 574 2243 totum
592 2189 679 2244 locum
696 2187 783 2244 afficit.

189 2261 231 2316 13.
250 2260 426 2330 Regulares1)
445 2258 521 2314 iestis
539 2259 731 2328 principalibus
749 2259 873 2316 ordinum
891 2277 955 2318 sno·

152 2345 212 2385 rum
231 2330 272 2398 (S.
286 2331 321 2386 R.
336 2331 364 2386 0.
377 2333 423 2384 22.
436 2329 507 2384 Noc.
520 2332 622 2398 1850),
637 2337 665 2385 ει
673 2330 786 2386 maxime
804 2330 875 2387 festo
894 2331 955 2388 fun·

152 2399 254 2458 datoris
268 2416 317 2457 scu
329 2401 499 2470 patriarchae
517 2407 631 2468 possunt
648 2400 748 2456 addere
760 2401 955 2474 Symbolurup

154 2485 314 2499 ——a—

175 2512 196 2562 ¹)
210 2515 259 2554 tton
273 2515 366 2563 possunt
379 2512 491 2604 raguhel-es
505 2511 619 2604 πιοὶῖειετι
629 2523 643 2551 ι
653 2512 764 2562 parochis,
778 2524 806 2554 nc
819 2515 842 2554 ln
857 2517 956 2566 propriis

204 2567 957 2674 {titiliusrit.irretirettltrulftttit

169 2681 190 2734 ἱ)
204 2683 320 2732 argum
333 2683 428 2722 recitans
439 2682 536 2722 cilicium
550 2681 577 2722 dc
592 2682 680 2732 Βεεειο,
695 2684 756 2724 culus
770 2685 866 2736 rsttquta
883 2689 955 2738 insin·

203 2735 953 2844 succursusrestaurataeura

203 2841 227 2882 8.
240 2843 290 2887 Das.
303 2839 375 2890 1⁶84.)
