2152 3234
89 127 92 133 Ι
172 149 261 212 toa‘
345 171 378 210 Da
393 170 583 212 omentorum
596 135 794 210 atmhtstnttone.

172 267 225 340 tur,
243 277 274 326 ut
291 269 391 326 scilicet
402 277 528 338 tanquam
541 271 618 326 testis
632 269 665 325 de
678 271 841 326 Matrimonii
853 271 970 326 veritate

173 358 264 398 eoram
281 342 393 400 ecclesie
410 341 490 396 iidem
513 341 602 396 facere
620 343 713 410 possit
750 341 835 410 Unde,
853 341 918 397 licet
936 341 971 396 ad
1041 401 1043 408 ,

173 412 341 470 hunc.finem
358 429 412 467 non
430 411 500 468 foret
512 421 632 481 vocatus,
651 412 699 468 sed
717 427 788 481 tasu,
808 402 855 468 e'ut
869 414 924 467 aiia
937 412 970 468 de

173 501 263 554 causa,
282 484 362 540 etiem
379 485 478 538 invitus
496 493 524 538 et
534 499 590 552 ¹per
606 485 660 539 rim
675 485 827 552 compulsus
846 484 968 554 adesset3

173 557 245 624 item,
260 556 322 610 licat
334 562 412 609 extra
424 555 570 624 ecelesiam,
584 555 628 609 vei
639 555 719 609 etiam
729 563 805 610 extra
813 555 969 623 parochiam

173 625 259 696 fieret,
276 627 339 681 licet
354 627 520 695 reclamaret,
536 627 582 679 vel
595 626 779 694 reluctaretur,
797 625 916 680 validum
929 627 969 680 ni·

173 698 317 752 hiiominus
330 705 402 752 esset
413 697 620 765 Matrimonium,
633 696 713 751 modo
727 696 887 766 adverteret,
906 696 972 752 iilud

175 786 265 824 eoram
283 784 321 836 se,
338 775 464 836 tanquam
477 769 595 836 parocho
609 768 744 836 contrahi3
763 768 815 823 hoc
832 770 903 822 enim
917 767 971 824 sni·

174 839 238 910 ficit,
256 847 287 894 ut
303 840 444 894 veritatem
463 839 625 894 Matrimonii
643 839 736 894 testari
753 839 858 907 valeat3
883 853 971 908 neque

175 913 245 966 enim
258 925 416 966 consensum
428 911 539 978 parochi
551 910 666 978 requirit
673 911 793 978 ecclesia,
808 909 857 966 sed
869 917 971 965 meran

174 983 368 1050 praesentiam,
396 990 427 1035 ut
444 980 478 1035 de
496 981 666 1035 Matrimonio
685 988 820 1036 contracto
840 981 892 1036 sihi
910 997 971 1037 con·

140 1069 145 1078 ·
175 1060 247 1108 stare
267 1055 361 1120 possit.
382 1052 464 1118 (Vide
479 1053 580 1106 Beacd.
597 1052 677 1108 XIV.
691 1052 725 1106 dc
739 1051 804 1122 Sata.
822 1052 908 1108 dioec.
927 1053 971 1108 iah.

176 1125 554 1189 Meaeahemw

172 1231 175 1236 ·
212 1192 313 1260 Quodsi
331 1193 479 1263 parochus,
506 1193 569 1248 licet
592 1193 765 1248 materialiter
781 1207 929 1262 praesens,
955 1207 972 1247 a

175 1265 392 1320 contrahentibus
418 1272 545 1332 tanquam
568 1265 630 1319 talis
654 1281 708 1319 non
732 1264 892 1319 adhiheatur
909 1263 928 1318 i.
947 1279 971 1320 a.

176 1335 271 1390 sinon
288 1335 473 1404 interpelletur
489 1344 518 1390 et
529 1343 669 1390 moneatur
687 1335 721 1390 de
739 1349 781 1404 eo,
799 1334 872 1403 quod
891 1349 971 1404 agere

175 1406 269 1461 volunt
282 1407 511 1477 contrahentes31)
531 1409 596 1462 item
608 1407 631 1462 si
644 1408 702 1476 ipse
716 1408 905 1461 contrahentes
918 1421 972 1461 non

175 1477 275 1546 videat,
293 1493 380 1546 neque
395 1478 503 1535 annona
517 1493 609 1533 eorum
621 1478 705 1532 verba
717 1478 858 1546 percipiat,
870 1478 972 1532 nullum

177 1549 229 1604 erit
240 1549 445 1618 Matrimonium,
465 1549 528 1617 quia
543 1556 607 1604 tunc
625 1547 710 1603 eidem
728 1563 782 1603 non
800 1549 902 1603 assistit
914 1555 972 1603 tan-

177 1635 256 1689 quam
281 1622 358 1676 testis
383 1618 578 1675 auotormabilis
603 1635 653 1688 pro
679 1620 799 1676 ecelesia.
837 1619 866 1674 Si
883 1628 973 1674 tamen

177 1692 236 1761 ipse
255 1692 388 1760 parochus
406 1691 434 1744 in
452 1705 533 1746 cansa
551 1692 593 1760 sit,
618 1707 665 1745 our
682 1705 736 1745 non
753 1689 851 1744 viderit
869 1697 917 1750 aut
933 1690 972 1744 in·

176 1764 319 1832 teilexerit,
338 1764 401 1830 quia
414 1761 478 1816 data
494 1777 578 1830 opera
594 1776 644 1816 nec
656 1759 749 1816 videre
766 1776 816 1816 neo
833 1762 973 1830 percipere

177 1835 276 1904 voluit,
304 1851 364 1888 cum
381 1841 470 1888 tamen
493 1833 545 1887 hoe
561 1833 719 1887 caumaliter
736 1833 869 1901 potuisset
887 1845 972 1900 aequo

178 1921 210 1960 ao
228 1905 273 1958 aiii
291 1912 383 1972 testes,
409 1905 455 1972 qui
473 1903 507 1958 ad
525 1903 598 1958 ilium
617 1909 780 1958 connectum
798 1903 920 1972 adhibiti,
944 1915 973 1957 se

178 1975 277 2030 vidisse
297 1991 328 2030 ac
345 1976 497 2044 percepisse
515 1974 649 2044 fatentur,
676 1973 793 2028 validum
812 1974 864 2028 erit
881 1973 974 2028 Matri·

178 2046 302 2170 {ironiam
309 2053 437 2172 ⁵{nabutae
456 2043 973 2186 {gfort.}ppr3ha}thBe;ree‹}y{WmM·

205 2131 279 2170 aram
330 2158 335 2170 .
374 2158 380 2172 .
418 2159 424 2171 .
513 2157 520 2172 .
566 2133 613 2172 coc
633 2157 639 2172 .
731 2158 739 2174 .
865 2156 872 2169 .

180 2187 197 2242 l.
216 2204 239 2243 c.
256 2203 283 2240 a.
302 2191 343 2242 11.

214 2258 259 2312 Ex
277 2189 357 2312 Conso).
371 2258 444 2316 Trici
460 2258 531 2314 Sess,
551 2261 593 2312 24.
612 2257 645 2312 de
664 2255 772 2312 reform.
786 2257 902 2312 Matrim.
916 2271 973 2326 cap.

181 2332 205 2384 i.
225 2335 326 2382 certum
344 2336 393 2398 est,
412 2345 465 2384 non
483 2329 603 2384 sufficere
621 2330 728 2383 unicum
744 2337 841 2384 testem
859 2343 910 2398 pro
928 2343 973 2383 va·

177 2399 235 2454 iore
253 2399 425 2456 Matrimonii.
454 2401 533 2455 Patet
551 2401 630 2454 etiam
648 2413 683 2454 ex
700 2413 831 2469 responso
848 2400 973 2468 negativo

179 2469 206 2529 S.
222 2470 250 2524 0.
264 2471 293 2529 0.
311 2471 354 2526 die
374 2475 415 2525 14.
429 2469 551 2526 Januarii
566 2473 642 2540 1673,
661 2470 724 2526 dato
738 2469 773 2525 ad
787 2473 972 2540 quaestionem

181 2587 339 2598 ——-.

193 2644 215 2698 1)
229 2646 278 2686 Non
293 2649 366 2686 tamen
381 2646 513 2696 requiritur,
535 2647 640 2688 attuarii
660 2647 688 2687 ad
706 2648 748 2688 hoc
762 2658 865 2698 expresse
879 2649 977 2695 vocatus,

231 2723 272 2752 nec
285 2713 359 2760 refert,
374 2713 459 2751 etiamsi
472 2723 511 2760 per
521 2715 602 2762 dotum,
617 2717 701 2754 maturo
715 2717 754 2753 ant
763 2715 866 2754 iniuriam
880 2713 977 2754 detinea-

230 2781 303 2816 taret
317 2777 413 2824 resistat,
432 2782 454 2815 at
474 2779 615 2822 contradicat.
644 2779 718 2830 (Gury
732 2783 790 2830 port.
805 2779 836 2818 11.
858 2790 915 2818 nam.
929 2777 975 2820 851.

229 2841 316 2883 scariot
328 2845 375 2883 ιοηι,
389 2840 428 2880 17.
442 2841 499 2892 aa.)
