2152 3234
343 207 376 247 Do
389 208 529 250 sacramento
543 207 686 250 Matrimonia
876 207 916 251 5³1

113 310 242 378 minores,
261 315 296 379 ct,
315 309 338 365 si
356 310 410 366 sint
426 309 550 379 maiores,
568 311 597 364 in
614 310 683 380 loco,
701 309 729 363 in
742 325 795 377 qao
813 313 913 370 reside-

111 382 180 436 bant
199 389 261 435 ante
279 381 407 435 militiam.
929 421 930 424 ,

150 453 344 520 Nupturiemes
361 453 427 522 capi
444 459 553 520 praeter
569 453 804 520 proclamationem
821 454 849 507 in
867 470 914 522 ps-

114 523 217 592 rochia,
235 523 282 576 uhi
299 530 420 592 tempore
438 524 591 592 nuptiarum
609 531 813 596 commorantur,
834 527 914 580 etiam

115 596 145 648 in
162 595 222 650 loco
241 595 359 663 originis,
383 595 426 648 vel
445 593 538 651 saltem
564 594 610 649 abi
635 595 734 650 diadas
759 598 915 651 commorati

112 671 185 734 sant,
203 665 363 735 proclamari
381 665 486 720 debent.
640 677 641 680 ’

151 737 205 790 Pro
223 737 423 792 Archidiocccsi
437 737 589 792 Coloniensi
605 738 657 792 hac
675 737 709 792 ‹le
727 753 757 792 rs
776 743 850 792 extat
868 737 913 800 de·

111 814 217 862 cretum
235 808 383 875 Jorephi
410 808 619 876 Clementis,
651 808 854 877 Archiepiscopi
886 816 913 865 ct

111 879 248 933 Electoris
267 877 292 932 d.
312 879 336 932 d.
356 881 399 932 26.
419 877 492 962 Sept.
513 882 590 964 1318:
615 881 695 936 huius
713 880 828 935 tenoris:
849 921 855 934 .
876 921 882 934 .
902 921 909 936 .

109 949 821 1092 siastudtluttutmlttrattati·
842 951 909 1090 dl:

104 1092 205 1161 priam
218 1093 387 1159 parochiam,
406 1093 436 1146 in
454 1109 508 1160 pua
521 1093 715 1161 proclamandi
726 1100 789 1148 sunt
807 1095 908 1164 sponsi,

112 1179 169 1217 esse
186 1163 270 1230 illam,
292 1163 323 1216 in
341 1179 396 1232 qua
413 1164 597 1218 contrahentes
614 1165 746 1234 habitant,
770 1181 823 1235 quo
847 1172 909 1220 tem·

105 1249 179 1303 pore
196 1234 406 1288 Matrimonium
424 1235 592 1290 contrahunt.
623 1235 738 1305 meando
757 1243 846 1291 autam
862 1253 910 1291 no·

111 1307 182 1359 citer
200 1306 300 1374 aliquis
317 1305 468 1359 inhabitare
486 1307 648 1374 parochiam
666 1310 788 1376 coeperit,
809 1310 909 1376 priori,

110 1377 143 1430 in
163 1392 217 1444 qua
236 1377 285 1430 diu
302 1377 442 1444 habitauit,
461 1376 574 1444 deserta,
598 1378 648 1432 laec
671 1380 844 1447 imposterum
866 1380 910 1434 ob-
945 1420 951 1434 .

109 1447 278 1502 seruabitur:
296 1447 329 1501 Si
345 1448 421 1514 infra
438 1463 485 1500 sen
502 1463 604 1502 mensas
620 1453 733 1503 ueterem
746 1451 908 1518 parochiam

111 1519 175 1587 quis
202 1520 316 1572 mutauit
339 1535 400 1572 cum
426 1534 512 1586 noua,
537 1518 766 1586 proclamationes
787 1521 857 1586 nanc
881 1523 911 1575 in

110 1594 237 1658 utraque,
256 1595 282 1643 et
300 1606 318 1642 a
335 1591 418 1643 ueteri
430 1590 568 1658 parochia·
579 1590 731 1657 afferantur
748 1592 822 1644 solae
839 1594 910 1646 testi-

111 1661 244 1714 moniales
262 1660 295 1714 de
311 1677 367 1714 nou
384 1667 488 1728 reperto
507 1663 636 1714 canonico
660 1662 862 1730 impedimento;
887 1665 913 1716 si

112 1745 182 1785 verr
197 1747 250 1799 per
266 1747 313 1785 sen
329 1732 423 1786 saltem
447 1747 548 1786 menses
571 1733 713 1786 incoluerit
735 1748 842 1800 nocam,
866 1749 912 1786 nc·

76 1799 80 1806 '
112 1817 185 1856 cessa
201 1817 257 1855 nan
274 1804 332 1871 erit,
351 1819 410 1856 eum
428 1804 459 1856 in
476 1801 542 1869 alia,
565 1803 707 1871 mquidem
726 1805 839 1873 oripinis
857 1803 910 1873 (err-

113 1873 199 1941 ccptis
216 1874 322 1928 casibus
339 1874 414 1941 infra
431 1875 541 1944 notatis)
561 1875 732 1942 proclamari
735 1893 745 1942 ,-
772 1874 820 1928 sed
844 1877 912 1930 satis

112 1949 162 2010 est,
185 1943 211 1996 si
233 1945 265 1998 id
286 1945 337 2012 fiat
353 1947 384 1998 iu
396 1945 538 2013 parochia,
562 1961 644 2014 quarn
666 1945 746 2000 modo
770 1947 912 2004 tutabant.

113 2008 149 2070 su·
164 2020 254 2068 tamen
272 2017 335 2070 talis
347 2016 563 2084 proclamandus
580 2018 670 2070 minus
694 2023 760 2071 esset
783 2019 814 2071 in
827 2033 912 2086 parc·

113 2086 177 2140 clria
194 2091 282 2155 notus,
300 2089 453 2142 testimonia
471 2104 489 2140 a
502 2089 624 2156 paracio
643 2089 702 2155 loci,
730 2090 760 2142 in
779 2104 831 2158 pua
851 2089 911 2143 diu·

111 2157 170 2212 tius
186 2157 326 2225 habitavit,
350 2173 397 2212 seu
415 2161 445 2212 in
463 2174 515 2227 quo
533 2160 620 2228 mapis
632 2159 723 2227 possit
746 2175 800 2214 esse
822 2167 911 2229 notus,

112 2243 219 2282 aaaron
235 2231 316 2283 etiam
329 2231 439 2298 arpinis,
454 2231 564 2298 pastori
575 2245 624 2284 suo
637 2231 764 2284 moderno
774 2237 837 2286 ante
849 2233 913 2299 affe·

112 2304 168 2364 rat,
187 2315 268 2367 quam
287 2301 432 2369 copulatur.
471 2300 549 2371 Quod
567 2301 638 2355 idem
655 2303 686 2354 in
704 2305 913 2358 casutransmi·

110 2371 247 2440 prationis
264 2373 345 2425 etiam
360 2366 418 2425 non
435 2373 604 2440 novissimae,
628 2372 676 2426 sed
694 2374 830 2443 autiquae,
844 2391 913 2442 pru·

115 2441 182 2494 dens
195 2443 341 2510 parocias,
366 2445 392 2496 si
408 2441 585 2497 consideratis
607 2445 701 2512 sponsi
725 2449 774 2498 aut
797 2459 913 2512 sponsae

113 2517 211 2578 aetate,
230 2519 279 2567 aut
296 2515 359 2567 aliis
376 2515 585 2568 circumstantiis
602 2515 635 2568 de
652 2515 841 2582 impedimento
860 2517 911 2570 ali-

115 2597 169 2651 qua
192 2582 301 2651 dubitet,
332 2585 488 2639 obsecrabit.
526 2586 605 2640 Oirca
627 2585 754 2654 famulos,
786 2588 908 2654 ancillas,
959 2645 961 2650 ,

113 2653 249 2708 studiosos
275 2657 435 2722 similiter,
460 2657 508 2724 qui
529 2657 784 2724 quasi-domicilium
811 2657 914 2712 alicubi

114 2723 260 2780 dumtaxat
282 2728 387 2794 labent,
413 2733 438 2780 at
455 2742 511 2780 non
532 2727 625 2794 finum,
648 2727 780 2794 modoque
804 2729 835 2781 iu
857 2743 912 2782 unc

113 2797 173 2850 loco
186 2811 239 2864 per
255 2809 341 2852 uuum
359 2803 408 2852 aut
425 2799 539 2852 alterum
563 2815 673 2865 annum,
698 2798 778 2852 modo
805 2800 836 2852 in
859 2800 914 2852 alic

112 2868 172 2922 loca
185 2869 340 2936 persimile
356 2870 475 2938 spatium
491 2869 623 2939 habitant,
647 2876 673 2924 et
690 2869 729 2924 sic
746 2870 907 2938 frequenter,
