<?xml version="1.0" encoding="UTF-8"?>
<!DOCTYPE html PUBLIC "-//W3C//DTD XHTML 1.0 Transitional//EN"
    "http://www.w3.org/TR/xhtml1/DTD/xhtml1-transitional.dtd">
<html xmlns="http://www.w3.org/1999/xhtml" xml:lang="en" lang="en">
 <head>
  <title>
</title>
<meta http-equiv="Content-Type" content="text/html;charset=utf-8" />
  <meta name='ocr-system' content='tesseract 3.04.00' />
  <meta name='ocr-capabilities' content='ocr_page ocr_carea ocr_par ocr_line ocrx_word'/>
</head>
<body>
  <div class='ocr_page' id='page_1' title='image "./manualesacerdot00schngoog_0506.png"; bbox 0 0 2152 3234; ppageno 0'>
   <div class='ocr_carea' id='block_1_1' title="bbox 162 155 789 204">
    <p class='ocr_par' dir='ltr' id='par_1_1' title="bbox 162 155 789 204">
     <span class='ocr_line' id='line_1_1' title="bbox 162 155 789 204; baseline -0.003 -2"><span class='ocrx_word' id='word_1_1' title='bbox 162 155 206 202; x_wconf 75' lang='lat' dir='ltr'><strong>tto</strong></span> <span class='ocrx_word' id='word_1_2' title='bbox 340 163 373 202; x_wconf 86' lang='lat' dir='ltr'><strong>De</strong></span> <span class='ocrx_word' id='word_1_3' title='bbox 387 163 578 204; x_wconf 71' lang='lat' dir='ltr'><strong>sarmentorum</strong></span> <span class='ocrx_word' id='word_1_4' title='bbox 591 161 789 202; x_wconf 79' lang='lat' dir='ltr'><strong>administrstlono.</strong></span> 
     </span>
    </p>
   </div>
   <div class='ocr_carea' id='block_1_2' title="bbox 60 261 1060 403">
    <p class='ocr_par' dir='ltr' id='par_1_2' title="bbox 60 261 1060 403">
     <span class='ocr_line' id='line_1_2' title="bbox 60 261 963 332; baseline 0.007 -20"><span class='ocrx_word' id='word_1_5' title='bbox 60 305 64 312; x_wconf 93' lang='lat'><em>.</em></span> <span class='ocrx_word' id='word_1_6' title='bbox 156 270 247 318; x_wconf 72' lang='lat' dir='ltr'><strong>umen</strong></span> <span class='ocrx_word' id='word_1_7' title='bbox 274 261 497 318; x_wconf 80' lang='lat' dir='ltr'><strong>confessariorum</strong></span> <span class='ocrx_word' id='word_1_8' title='bbox 525 263 669 319; x_wconf 75' lang='lat' dir='ltr'><strong>securitate</strong></span> <span class='ocrx_word' id='word_1_9' title='bbox 705 269 734 317; x_wconf 92' lang='lat' dir='ltr'><strong>et</strong></span> <span class='ocrx_word' id='word_1_10' title='bbox 768 263 963 332; x_wconf 82' lang='lat' dir='ltr'><strong>poenitentium</strong></span> 
     </span>
     <span class='ocr_line' id='line_1_3' title="bbox 160 334 1060 403; baseline 0 -15"><span class='ocrx_word' id='word_1_11' title='bbox 160 334 342 390; x_wconf 74' lang='lat' dir='ltr'><strong>consolatione</strong></span> <span class='ocrx_word' id='word_1_12' title='bbox 369 349 404 388; x_wconf 85' lang='lat' dir='ltr'><strong>ex</strong></span> <span class='ocrx_word' id='word_1_13' title='bbox 431 335 465 388; x_wconf 86' lang='lat' dir='ltr'><strong>P.</strong></span> <span class='ocrx_word' id='word_1_14' title='bbox 484 334 591 391; x_wconf 79' lang='lat' dir='ltr'><strong>Novar.</strong></span> <span class='ocrx_word' id='word_1_15' title='bbox 616 334 781 390; x_wconf 80' lang='lat' dir='ltr'><strong>Mouuduct.</strong></span> <span class='ocrx_word' id='word_1_16' title='bbox 800 335 839 388; x_wconf 82' lang='lat' dir='ltr'><strong>ud</strong></span> <span class='ocrx_word' id='word_1_17' title='bbox 851 336 967 403; x_wconf 63' lang='lat' dir='ltr'><strong>prosim</strong></span> <span class='ocrx_word' id='word_1_18' title='bbox 1059 377 1060 380; x_wconf 63' lang='lat'>,</span> 
     </span>
    </p>
   </div>
   <div class='ocr_carea' id='block_1_3' title="bbox 159 406 967 776">
    <p class='ocr_par' dir='ltr' id='par_1_3' title="bbox 159 406 967 776">
     <span class='ocr_line' id='line_1_4' title="bbox 162 406 967 460; baseline 0 0"><span class='ocrx_word' id='word_1_19' title='bbox 162 407 338 460; x_wconf 63' lang='lat' dir='ltr'><strong>coactione</strong></span> <span class='ocrx_word' id='word_1_20' title='bbox 369 406 520 460; x_wconf 77' lang='lat' dir='ltr'><strong>litterarum</strong></span> <span class='ocrx_word' id='word_1_21' title='bbox 551 420 647 460; x_wconf 72' lang='lat' dir='ltr'><strong>sumac</strong></span> <span class='ocrx_word' id='word_1_22' title='bbox 678 406 912 460; x_wconf 65' lang='lat' dir='ltr'><strong>Postumiae-tae</strong></span> <span class='ocrx_word' id='word_1_23' title='bbox 938 412 967 460; x_wconf 92' lang='lat' dir='ltr'><strong>et</strong></span> 
     </span>
     <span class='ocr_line' id='line_1_5' title="bbox 159 476 964 546; baseline 0.004 -16"><span class='ocrx_word' id='word_1_24' title='bbox 159 477 217 532; x_wconf 87' lang='lat' dir='ltr'><strong>aliis</strong></span> <span class='ocrx_word' id='word_1_25' title='bbox 235 478 337 546; x_wconf 87' lang='lat' dir='ltr'><strong>primae</strong></span> <span class='ocrx_word' id='word_1_26' title='bbox 355 483 436 531; x_wconf 88' lang='lat' dir='ltr'><strong>notae</strong></span> <span class='ocrx_word' id='word_1_27' title='bbox 462 477 615 532; x_wconf 89' lang='lat' dir='ltr'><strong>auctoribus</strong></span> <span class='ocrx_word' id='word_1_28' title='bbox 639 476 790 532; x_wconf 89' lang='lat' dir='ltr'><strong>adiicienda</strong></span> <span class='ocrx_word' id='word_1_29' title='bbox 814 477 874 532; x_wconf 86' lang='lat' dir='ltr'><strong>visa</strong></span> <span class='ocrx_word' id='word_1_30' title='bbox 892 483 964 546; x_wconf 90' lang='lat' dir='ltr'><strong>sunt,</strong></span> 
     </span>
     <span class='ocr_line' id='line_1_6' title="bbox 159 555 411 616; baseline -0.012 -12"><span class='ocrx_word' id='word_1_31' title='bbox 159 563 228 616; x_wconf 84' lang='lat' dir='ltr'><strong>quae</strong></span> <span class='ocrx_word' id='word_1_32' title='bbox 247 555 411 616; x_wconf 87' lang='lat' dir='ltr'><strong>sequuntur:</strong></span> 
     </span>
     <span class='ocr_line' id='line_1_7' title="bbox 219 638 899 699; baseline -0.003 -13"><span class='ocrx_word' id='word_1_33' title='bbox 219 640 238 686; x_wconf 92' lang='lat'><strong>1.</strong></span> <span class='ocrx_word' id='word_1_34' title='bbox 253 639 377 686; x_wconf 80' lang='lat' dir='ltr'><strong>Formnla</strong></span> <span class='ocrx_word' id='word_1_35' title='bbox 390 638 526 685; x_wconf 82' lang='lat' dir='ltr'><strong>dilationis</strong></span> <span class='ocrx_word' id='word_1_36' title='bbox 539 638 666 694; x_wconf 86' lang='lat' dir='ltr'><strong>simplicis</strong></span> <span class='ocrx_word' id='word_1_37' title='bbox 680 639 738 686; x_wconf 87' lang='lat' dir='ltr'><strong>voti</strong></span> <span class='ocrx_word' id='word_1_38' title='bbox 751 639 899 699; x_wconf 75' lang='lat' dir='ltr'><strong>religionis.</strong></span> 
     </span>
     <span class='ocr_line' id='line_1_8' title="bbox 195 707 967 776; baseline 0.003 -14"><span class='ocrx_word' id='word_1_39' title='bbox 195 707 247 776; x_wconf 79' lang='lat' dir='ltr'><strong>Qui</strong></span> <span class='ocrx_word' id='word_1_40' title='bbox 261 708 415 776; x_wconf 91' lang='lat' dir='ltr'><strong>simpliciter</strong></span> <span class='ocrx_word' id='word_1_41' title='bbox 427 713 560 763; x_wconf 78' lang='lat' dir='ltr'><strong>voverunt</strong></span> <span class='ocrx_word' id='word_1_42' title='bbox 573 708 678 776; x_wconf 82' lang='lat' dir='ltr'><strong>ingredi</strong></span> <span class='ocrx_word' id='word_1_43' title='bbox 690 708 857 776; x_wconf 82' lang='lat' dir='ltr'><strong>religionem,</strong></span> <span class='ocrx_word' id='word_1_44' title='bbox 872 714 967 764; x_wconf 77' lang='lat' dir='ltr'><strong>votum</strong></span> 
     </span>
    </p>
   </div>
   <div class='ocr_carea' id='block_1_4' title="bbox 76 778 965 847">
    <p class='ocr_par' dir='ltr' id='par_1_4' title="bbox 76 778 965 847">
     <span class='ocr_line' id='line_1_9' title="bbox 76 778 965 847; baseline -0.002 -11"><span class='ocrx_word' id='word_1_45' title='bbox 76 787 83 800; x_wconf 82' lang='lat'>’</span> <span class='ocrx_word' id='word_1_46' title='bbox 160 786 250 836; x_wconf 85' lang='lat' dir='ltr'><strong>autem</strong></span> <span class='ocrx_word' id='word_1_47' title='bbox 273 778 426 834; x_wconf 88' lang='lat' dir='ltr'><strong>huiusmodi</strong></span> <span class='ocrx_word' id='word_1_48' title='bbox 450 779 485 832; x_wconf 92' lang='lat' dir='ltr'><strong>ob</strong></span> <span class='ocrx_word' id='word_1_49' title='bbox 510 779 620 847; x_wconf 82' lang='lat' dir='ltr'><strong>aliquod</strong></span> <span class='ocrx_word' id='word_1_50' title='bbox 643 779 862 847; x_wconf 79' lang='lat' dir='ltr'><strong>impedimentum</strong></span> <span class='ocrx_word' id='word_1_51' title='bbox 880 779 965 834; x_wconf 86' lang='lat' dir='ltr'><strong>adim·</strong></span> 
     </span>
    </p>
   </div>
   <div class='ocr_carea' id='block_1_5' title="bbox 132 849 968 1428">
    <p class='ocr_par' dir='ltr' id='par_1_5' title="bbox 158 849 963 991">
     <span class='ocr_line' id='line_1_10' title="bbox 158 849 963 921; baseline 0.001 -16"><span class='ocrx_word' id='word_1_52' title='bbox 158 849 963 921; x_wconf 74' lang='lat' dir='ltr'><strong>plerenequeunt,diletionempeteresolentacont&#39;essaric,</strong></span> 
     </span>
     <span class='ocr_line' id='line_1_11' title="bbox 160 921 660 991; baseline -0.002 -14"><span class='ocrx_word' id='word_1_53' title='bbox 160 923 206 991; x_wconf 90' lang='lat' dir='ltr'><strong>qui</strong></span> <span class='ocrx_word' id='word_1_54' title='bbox 223 922 275 975; x_wconf 93' lang='lat' dir='ltr'><strong>hoc</strong></span> <span class='ocrx_word' id='word_1_55' title='bbox 292 921 372 976; x_wconf 91' lang='lat' dir='ltr'><strong>modo</strong></span> <span class='ocrx_word' id='word_1_56' title='bbox 391 927 481 989; x_wconf 85' lang='lat' dir='ltr'><strong>potest</strong></span> <span class='ocrx_word' id='word_1_57' title='bbox 499 921 660 990; x_wconf 84' lang='lat' dir='ltr'><strong>procedere:</strong></span> 
     </span>
    </p>

    <p class='ocr_par' dir='ltr' id='par_1_6' title="bbox 132 992 968 1134">
     <span class='ocr_line' id='line_1_12' title="bbox 196 992 968 1049; baseline 0.003 -3"><span class='ocrx_word' id='word_1_58' title='bbox 196 992 263 1046; x_wconf 79' lang='lat' dir='ltr'><strong>Post</strong></span> <span class='ocrx_word' id='word_1_59' title='bbox 292 997 445 1046; x_wconf 69' lang='lat' dir='ltr'><strong>muctam</strong></span> <span class='ocrx_word' id='word_1_60' title='bbox 473 993 667 1049; x_wconf 72' lang='lat' dir='ltr'><strong>maotuuonem</strong></span> <span class='ocrx_word' id='word_1_61' title='bbox 697 993 922 1048; x_wconf 75' lang='lat' dir='ltr'><strong>socrusacctclcm</strong></span> <span class='ocrx_word' id='word_1_62' title='bbox 947 1010 968 1048; x_wconf 88' lang='lat' dir='ltr'><strong>c</strong></span> 
     </span>
     <span class='ocr_line' id='line_1_13' title="bbox 132 1064 636 1134; baseline -0.002 -16"><span class='ocrx_word' id='word_1_63' title='bbox 132 1071 137 1078; x_wconf 79' lang='grc'><strong>’</strong></span> <span class='ocrx_word' id='word_1_64' title='bbox 161 1064 282 1118; x_wconf 68' lang='lat' dir='ltr'><strong>censurae</strong></span> <span class='ocrx_word' id='word_1_65' title='bbox 300 1069 325 1117; x_wconf 86' lang='lat' dir='ltr'><strong>et</strong></span> <span class='ocrx_word' id='word_1_66' title='bbox 338 1066 459 1130; x_wconf 72' lang='lat' dir='ltr'><strong>peccate</strong></span> <span class='ocrx_word' id='word_1_67' title='bbox 475 1064 636 1134; x_wconf 66' lang='lat' dir='ltr'><strong>subimet:</strong></span> 
     </span>
    </p>

    <p class='ocr_par' dir='ltr' id='par_1_7' title="bbox 160 1133 966 1344">
     <span class='ocr_line' id='line_1_14' title="bbox 195 1133 966 1204; baseline 0.003 -16"><span class='ocrx_word' id='word_1_68' title='bbox 195 1133 309 1202; x_wconf 87' lang='lat' dir='ltr'><strong>Insuper</strong></span> <span class='ocrx_word' id='word_1_69' title='bbox 326 1134 376 1188; x_wconf 86' lang='lat' dir='ltr'><strong>tibi</strong></span> <span class='ocrx_word' id='word_1_70' title='bbox 394 1133 549 1190; x_wconf 75' lang='lat' dir='ltr'><strong>dictionem</strong></span> <span class='ocrx_word' id='word_1_71' title='bbox 566 1134 601 1190; x_wconf 89' lang='lat' dir='ltr'><strong>ad</strong></span> <span class='ocrx_word' id='word_1_72' title='bbox 623 1134 787 1204; x_wconf 87' lang='lat' dir='ltr'><strong>implendum</strong></span> <span class='ocrx_word' id='word_1_73' title='bbox 811 1141 906 1190; x_wconf 82' lang='lat' dir='ltr'><strong>votum</strong></span> <span class='ocrx_word' id='word_1_74' title='bbox 923 1151 966 1191; x_wconf 89' lang='lat' dir='ltr'><strong>rc·</strong></span> 
     </span>
     <span class='ocr_line' id='line_1_15' title="bbox 160 1204 965 1278; baseline 0.006 -20"><span class='ocrx_word' id='word_1_75' title='bbox 160 1204 276 1273; x_wconf 76' lang='lat' dir='ltr'><strong>ligicuis,</strong></span> <span class='ocrx_word' id='word_1_76' title='bbox 295 1204 368 1272; x_wconf 84' lang='lat' dir='ltr'><strong>quod</strong></span> <span class='ocrx_word' id='word_1_77' title='bbox 385 1206 504 1276; x_wconf 86' lang='lat' dir='ltr'><strong>emisisti,</strong></span> <span class='ocrx_word' id='word_1_78' title='bbox 522 1205 648 1275; x_wconf 88' lang='lat' dir='ltr'><strong>concedo,</strong></span> <span class='ocrx_word' id='word_1_79' title='bbox 666 1206 695 1260; x_wconf 93' lang='lat' dir='ltr'><strong>in</strong></span> <span class='ocrx_word' id='word_1_80' title='bbox 712 1207 819 1262; x_wconf 88' lang='lat' dir='ltr'><strong>nomine</strong></span> <span class='ocrx_word' id='word_1_81' title='bbox 838 1207 965 1278; x_wconf 85' lang='lat' dir='ltr'><strong>Patris†,</strong></span> 
     </span>
     <span class='ocr_line' id='line_1_16' title="bbox 161 1275 701 1344; baseline 0.006 -14"><span class='ocrx_word' id='word_1_82' title='bbox 161 1282 190 1331; x_wconf 88' lang='lat' dir='ltr'><strong>ct</strong></span> <span class='ocrx_word' id='word_1_83' title='bbox 207 1275 279 1344; x_wconf 84' lang='lat' dir='ltr'><strong>Filii,</strong></span> <span class='ocrx_word' id='word_1_84' title='bbox 297 1283 326 1331; x_wconf 88' lang='lat' dir='ltr'><strong>et</strong></span> <span class='ocrx_word' id='word_1_85' title='bbox 344 1275 458 1344; x_wconf 72' lang='lat' dir='ltr'><strong>Spiritum</strong></span> <span class='ocrx_word' id='word_1_86' title='bbox 477 1278 569 1332; x_wconf 88' lang='lat' dir='ltr'><strong>sancti.</strong></span> <span class='ocrx_word' id='word_1_87' title='bbox 605 1279 701 1336; x_wconf 83' lang='lat' dir='ltr'><strong>Amen.</strong></span> 
     </span>
    </p>

    <p class='ocr_par' dir='ltr' id='par_1_8' title="bbox 196 1346 590 1428">
     <span class='ocr_line' id='line_1_17' title="bbox 196 1346 590 1428; baseline 0.008 -27"><span class='ocrx_word' id='word_1_88' title='bbox 196 1346 292 1428; x_wconf 70' lang='lat' dir='ltr'><strong>Passio</strong></span> <span class='ocrx_word' id='word_1_89' title='bbox 310 1347 419 1402; x_wconf 88' lang='lat' dir='ltr'><strong>Domini</strong></span> <span class='ocrx_word' id='word_1_90' title='bbox 435 1348 522 1404; x_wconf 83' lang='lat' dir='ltr'><strong>nostri</strong></span> <span class='ocrx_word' id='word_1_91' title='bbox 540 1355 590 1404; x_wconf 88' lang='lat' dir='ltr'><strong>etc.</strong></span> 
     </span>
    </p>
   </div>
   <div class='ocr_carea' id='block_1_6' title="bbox 160 1449 965 1575">
    <p class='ocr_par' dir='ltr' id='par_1_9' title="bbox 160 1449 965 1575">
     <span class='ocr_line' id='line_1_18' title="bbox 160 1449 965 1575; baseline 0.006 -79"><span class='ocrx_word' id='word_1_92' title='bbox 160 1449 184 1498; x_wconf 75' lang='lat'><strong>2.</strong></span> <span class='ocrx_word' id='word_1_93' title='bbox 197 1451 323 1498; x_wconf 75' lang='lat' dir='ltr'><strong>Formnla</strong></span> <span class='ocrx_word' id='word_1_94' title='bbox 336 1452 509 1499; x_wconf 77' lang='lat' dir='ltr'><strong>absolutionis</strong></span> <span class='ocrx_word' id='word_1_95' title='bbox 518 1452 758 1575; x_wconf 54' lang='lat' dir='ltr'><strong>laigaffgmme</strong></span> <span class='ocrx_word' id='word_1_96' title='bbox 768 1451 897 1509; x_wconf 84' lang='lat' dir='ltr'><strong>simplicis</strong></span> <span class='ocrx_word' id='word_1_97' title='bbox 906 1453 965 1501; x_wconf 86' lang='lat' dir='ltr'><strong>voti</strong></span> 
     </span>
     <span class='ocr_line' id='line_1_19' title="bbox 487 1529 634 1563; baseline 0 0"><span class='ocrx_word' id='word_1_98' title='bbox 487 1529 518 1563; x_wconf 87' lang='lat' dir='ltr'><strong>rc</strong></span> <span class='ocrx_word' id='word_1_99' title='bbox 568 1529 584 1563; x_wconf 87' lang='lat' dir='ltr'><strong>c</strong></span> <span class='ocrx_word' id='word_1_100' title='bbox 613 1529 634 1563; x_wconf 88' lang='lat' dir='ltr'><strong>s.</strong></span> 
     </span>
    </p>
   </div>
   <div class='ocr_carea' id='block_1_7' title="bbox 159 1591 967 2432">
    <p class='ocr_par' dir='ltr' id='par_1_10' title="bbox 160 1591 967 1946">
     <span class='ocr_line' id='line_1_20' title="bbox 200 1591 966 1662; baseline 0.004 -16"><span class='ocrx_word' id='word_1_101' title='bbox 200 1592 312 1659; x_wconf 79' lang='lat' dir='ltr'><strong>Quando</strong></span> <span class='ocrx_word' id='word_1_102' title='bbox 331 1592 390 1661; x_wconf 88' lang='lat' dir='ltr'><strong>quis</strong></span> <span class='ocrx_word' id='word_1_103' title='bbox 409 1591 565 1662; x_wconf 87' lang='lat' dir='ltr'><strong>confitetur,</strong></span> <span class='ocrx_word' id='word_1_104' title='bbox 597 1608 626 1648; x_wconf 90' lang='lat' dir='ltr'><strong>se</strong></span> <span class='ocrx_word' id='word_1_105' title='bbox 654 1593 750 1648; x_wconf 88' lang='lat' dir='ltr'><strong>emisso</strong></span> <span class='ocrx_word' id='word_1_106' title='bbox 769 1593 882 1662; x_wconf 85' lang='lat' dir='ltr'><strong>simplici</strong></span> <span class='ocrx_word' id='word_1_107' title='bbox 898 1599 966 1649; x_wconf 88' lang='lat' dir='ltr'><strong>voto</strong></span> 
     </span>
     <span class='ocr_line' id='line_1_21' title="bbox 161 1662 967 1734; baseline 0.001 -16"><span class='ocrx_word' id='word_1_108' title='bbox 161 1662 329 1733; x_wconf 80' lang='lat' dir='ltr'><strong>ingrediendi</strong></span> <span class='ocrx_word' id='word_1_109' title='bbox 346 1663 510 1734; x_wconf 81' lang='lat' dir='ltr'><strong>religionem,</strong></span> <span class='ocrx_word' id='word_1_110' title='bbox 529 1663 729 1718; x_wconf 75' lang='lat' dir='ltr'><strong>Matrimonium</strong></span> <span class='ocrx_word' id='word_1_111' title='bbox 746 1665 774 1718; x_wconf 90' lang='lat' dir='ltr'><strong>in</strong></span> <span class='ocrx_word' id='word_1_112' title='bbox 792 1663 860 1719; x_wconf 83' lang='lat' dir='ltr'><strong>facie</strong></span> <span class='ocrx_word' id='word_1_113' title='bbox 880 1665 967 1720; x_wconf 89' lang='lat' dir='ltr'><strong>eccle-</strong></span> 
     </span>
     <span class='ocr_line' id='line_1_22' title="bbox 162 1735 967 1805; baseline -0.001 -15"><span class='ocrx_word' id='word_1_114' title='bbox 162 1735 218 1790; x_wconf 88' lang='lat' dir='ltr'><strong>siae</strong></span> <span class='ocrx_word' id='word_1_115' title='bbox 238 1735 404 1790; x_wconf 76' lang='lat' dir='ltr'><strong>contraxisse</strong></span> <span class='ocrx_word' id='word_1_116' title='bbox 423 1741 451 1790; x_wconf 88' lang='lat' dir='ltr'><strong>et</strong></span> <span class='ocrx_word' id='word_1_117' title='bbox 468 1736 618 1790; x_wconf 84' lang='lat' dir='ltr'><strong>successive</strong></span> <span class='ocrx_word' id='word_1_118' title='bbox 643 1736 877 1805; x_wconf 71' lang='lat' dir='ltr'><strong>consummantem,</strong></span> <span class='ocrx_word' id='word_1_119' title='bbox 902 1751 967 1790; x_wconf 91' lang='lat' dir='ltr'><strong>con-</strong></span> 
     </span>
     <span class='ocr_line' id='line_1_23' title="bbox 162 1803 966 1876; baseline 0.002 -16"><span class='ocrx_word' id='word_1_120' title='bbox 162 1805 293 1862; x_wconf 84' lang='lat' dir='ltr'><strong>fessarius</strong></span> <span class='ocrx_word' id='word_1_121' title='bbox 311 1805 438 1860; x_wconf 80' lang='lat' dir='ltr'><strong>facultate</strong></span> <span class='ocrx_word' id='word_1_122' title='bbox 457 1806 490 1861; x_wconf 89' lang='lat' dir='ltr'><strong>ab</strong></span> <span class='ocrx_word' id='word_1_123' title='bbox 511 1803 652 1862; x_wconf 89' lang='lat' dir='ltr'><strong>Ordinario</strong></span> <span class='ocrx_word' id='word_1_124' title='bbox 679 1813 790 1876; x_wconf 84' lang='lat' dir='ltr'><strong>accepta</strong></span> <span class='ocrx_word' id='word_1_125' title='bbox 813 1807 865 1861; x_wconf 91' lang='lat' dir='ltr'><strong>hoc</strong></span> <span class='ocrx_word' id='word_1_126' title='bbox 883 1807 966 1862; x_wconf 90' lang='lat' dir='ltr'><strong>modo</strong></span> 
     </span>
     <span class='ocr_line' id='line_1_24' title="bbox 160 1877 431 1946; baseline 0 -14"><span class='ocrx_word' id='word_1_127' title='bbox 160 1883 253 1946; x_wconf 87' lang='lat' dir='ltr'><strong>potest</strong></span> <span class='ocrx_word' id='word_1_128' title='bbox 269 1877 431 1946; x_wconf 87' lang='lat' dir='ltr'><strong>procedere:</strong></span> 
     </span>
    </p>

    <p class='ocr_par' dir='ltr' id='par_1_11' title="bbox 162 1947 967 2089">
     <span class='ocr_line' id='line_1_25' title="bbox 198 1947 967 2016; baseline -0.001 -13"><span class='ocrx_word' id='word_1_129' title='bbox 198 1949 265 2016; x_wconf 74' lang='lat' dir='ltr'><strong>Post</strong></span> <span class='ocrx_word' id='word_1_130' title='bbox 291 1954 444 2003; x_wconf 73' lang='lat' dir='ltr'><strong>conmotam</strong></span> <span class='ocrx_word' id='word_1_131' title='bbox 477 1947 670 2003; x_wconf 77' lang='lat' dir='ltr'><strong>absolutionem</strong></span> <span class='ocrx_word' id='word_1_132' title='bbox 697 1947 919 2002; x_wconf 76' lang='lat' dir='ltr'><strong>eocrcrnmtulcm</strong></span> <span class='ocrx_word' id='word_1_133' title='bbox 946 1963 967 2002; x_wconf 85' lang='lat' dir='ltr'><strong>a</strong></span> 
     </span>
     <span class='ocr_line' id='line_1_26' title="bbox 162 2019 566 2089; baseline 0 -16"><span class='ocrx_word' id='word_1_134' title='bbox 162 2020 283 2074; x_wconf 66' lang='lat' dir='ltr'><strong>materie</strong></span> <span class='ocrx_word' id='word_1_135' title='bbox 300 2023 326 2073; x_wconf 82' lang='lat' dir='ltr'><strong>et</strong></span> <span class='ocrx_word' id='word_1_136' title='bbox 339 2020 459 2089; x_wconf 73' lang='lat' dir='ltr'><strong>peccatu</strong></span> <span class='ocrx_word' id='word_1_137' title='bbox 476 2019 566 2074; x_wconf 77' lang='lat' dir='ltr'><strong>dicut:</strong></span> 
     </span>
    </p>

    <p class='ocr_par' dir='ltr' id='par_1_12' title="bbox 159 2088 967 2374">
     <span class='ocr_line' id='line_1_27' title="bbox 196 2088 967 2160; baseline 0.006 -17"><span class='ocrx_word' id='word_1_138' title='bbox 196 2089 302 2144; x_wconf 86' lang='lat' dir='ltr'><strong>Deinde</strong></span> <span class='ocrx_word' id='word_1_139' title='bbox 314 2097 350 2160; x_wconf 89' lang='lat' dir='ltr'><strong>te,</strong></span> <span class='ocrx_word' id='word_1_140' title='bbox 367 2105 422 2146; x_wconf 89' lang='lat' dir='ltr'><strong>non</strong></span> <span class='ocrx_word' id='word_1_141' title='bbox 436 2090 559 2146; x_wconf 85' lang='lat' dir='ltr'><strong>obstante</strong></span> <span class='ocrx_word' id='word_1_142' title='bbox 573 2095 637 2144; x_wconf 86' lang='lat' dir='ltr'><strong>roto</strong></span> <span class='ocrx_word' id='word_1_143' title='bbox 651 2088 797 2160; x_wconf 79' lang='lat' dir='ltr'><strong>religionis,</strong></span> <span class='ocrx_word' id='word_1_144' title='bbox 811 2089 883 2158; x_wconf 89' lang='lat' dir='ltr'><strong>quod</strong></span> <span class='ocrx_word' id='word_1_145' title='bbox 897 2090 967 2148; x_wconf 84' lang='lat' dir='ltr'><strong>nlius</strong></span> 
     </span>
     <span class='ocr_line' id='line_1_28' title="bbox 160 2160 967 2230; baseline 0 -14"><span class='ocrx_word' id='word_1_146' title='bbox 160 2160 280 2230; x_wconf 83' lang='lat' dir='ltr'><strong>emisisti,</strong></span> <span class='ocrx_word' id='word_1_147' title='bbox 298 2162 326 2215; x_wconf 92' lang='lat' dir='ltr'><strong>in</strong></span> <span class='ocrx_word' id='word_1_148' title='bbox 344 2161 515 2217; x_wconf 84' lang='lat' dir='ltr'><strong>Matrimonia</strong></span> <span class='ocrx_word' id='word_1_149' title='bbox 533 2175 673 2216; x_wconf 88' lang='lat' dir='ltr'><strong>remanere</strong></span> <span class='ocrx_word' id='word_1_150' title='bbox 692 2168 719 2215; x_wconf 90' lang='lat' dir='ltr'><strong>et</strong></span> <span class='ocrx_word' id='word_1_151' title='bbox 737 2161 855 2215; x_wconf 86' lang='lat' dir='ltr'><strong>debitum</strong></span> <span class='ocrx_word' id='word_1_152' title='bbox 873 2162 967 2216; x_wconf 92' lang='lat' dir='ltr'><strong>coniu-</strong></span> 
     </span>
     <span class='ocr_line' id='line_1_29' title="bbox 161 2231 967 2302; baseline 0.004 -17"><span class='ocrx_word' id='word_1_153' title='bbox 161 2232 221 2300; x_wconf 79' lang='lat' dir='ltr'><strong>gale</strong></span> <span class='ocrx_word' id='word_1_154' title='bbox 239 2232 348 2300; x_wconf 82' lang='lat' dir='ltr'><strong>erigere</strong></span> <span class='ocrx_word' id='word_1_155' title='bbox 372 2240 400 2287; x_wconf 90' lang='lat' dir='ltr'><strong>et</strong></span> <span class='ocrx_word' id='word_1_156' title='bbox 425 2232 539 2288; x_wconf 90' lang='lat' dir='ltr'><strong>reddere</strong></span> <span class='ocrx_word' id='word_1_157' title='bbox 557 2247 639 2302; x_wconf 89' lang='lat' dir='ltr'><strong>posse</strong></span> <span class='ocrx_word' id='word_1_158' title='bbox 664 2231 781 2301; x_wconf 82' lang='lat' dir='ltr'><strong>declaro,</strong></span> <span class='ocrx_word' id='word_1_159' title='bbox 805 2233 833 2286; x_wconf 91' lang='lat' dir='ltr'><strong>in</strong></span> <span class='ocrx_word' id='word_1_160' title='bbox 857 2233 967 2288; x_wconf 90' lang='lat' dir='ltr'><strong>nomine</strong></span> 
     </span>
     <span class='ocr_line' id='line_1_30' title="bbox 159 2303 843 2374; baseline 0 -16"><span class='ocrx_word' id='word_1_161' title='bbox 159 2303 284 2372; x_wconf 84' lang='lat' dir='ltr'><strong>Putris†,</strong></span> <span class='ocrx_word' id='word_1_162' title='bbox 303 2312 331 2358; x_wconf 91' lang='lat' dir='ltr'><strong>et</strong></span> <span class='ocrx_word' id='word_1_163' title='bbox 348 2303 419 2372; x_wconf 80' lang='lat' dir='ltr'><strong>Filii,</strong></span> <span class='ocrx_word' id='word_1_164' title='bbox 438 2311 466 2359; x_wconf 82' lang='lat' dir='ltr'><strong>ct</strong></span> <span class='ocrx_word' id='word_1_165' title='bbox 484 2304 600 2374; x_wconf 87' lang='lat' dir='ltr'><strong>Spiritus</strong></span> <span class='ocrx_word' id='word_1_166' title='bbox 619 2304 712 2360; x_wconf 85' lang='lat' dir='ltr'><strong>sancti.</strong></span> <span class='ocrx_word' id='word_1_167' title='bbox 749 2305 843 2358; x_wconf 84' lang='lat' dir='ltr'><strong>Amen.</strong></span> 
     </span>
    </p>

    <p class='ocr_par' dir='ltr' id='par_1_13' title="bbox 196 2374 589 2432">
     <span class='ocr_line' id='line_1_31' title="bbox 196 2374 589 2432; baseline 0.005 -4"><span class='ocrx_word' id='word_1_168' title='bbox 196 2374 292 2430; x_wconf 89' lang='lat' dir='ltr'><strong>Passio</strong></span> <span class='ocrx_word' id='word_1_169' title='bbox 309 2375 418 2431; x_wconf 89' lang='lat' dir='ltr'><strong>Domini</strong></span> <span class='ocrx_word' id='word_1_170' title='bbox 434 2376 521 2432; x_wconf 87' lang='lat' dir='ltr'><strong>nostri</strong></span> <span class='ocrx_word' id='word_1_171' title='bbox 539 2383 589 2432; x_wconf 89' lang='lat' dir='ltr'><strong>etc.</strong></span> 
     </span>
    </p>
   </div>
   <div class='ocr_carea' id='block_1_8' title="bbox 160 2465 968 2746">
    <p class='ocr_par' dir='ltr' id='par_1_14' title="bbox 160 2465 968 2524">
     <span class='ocr_line' id='line_1_32' title="bbox 160 2465 968 2524; baseline 0.002 -12"><span class='ocrx_word' id='word_1_172' title='bbox 160 2465 185 2512; x_wconf 80' lang='grc'><strong>8.</strong></span> <span class='ocrx_word' id='word_1_173' title='bbox 195 2465 323 2512; x_wconf 77' lang='lat' dir='ltr'><strong>Formnlu</strong></span> <span class='ocrx_word' id='word_1_174' title='bbox 332 2467 507 2514; x_wconf 81' lang='lat' dir='ltr'><strong>absolutionis</strong></span> <span class='ocrx_word' id='word_1_175' title='bbox 516 2479 533 2513; x_wconf 83' lang='lat' dir='ltr'><strong>a</strong></span> <span class='ocrx_word' id='word_1_176' title='bbox 541 2466 754 2524; x_wconf 69' lang='lat' dir='ltr'><strong>trangressione</strong></span> <span class='ocrx_word' id='word_1_177' title='bbox 760 2465 818 2512; x_wconf 84' lang='lat' dir='ltr'><strong>voti</strong></span> <span class='ocrx_word' id='word_1_178' title='bbox 825 2465 968 2514; x_wconf 61' lang='lat' dir='ltr'><strong>medum.</strong></span> 
     </span>
    </p>

    <p class='ocr_par' dir='ltr' id='par_1_15' title="bbox 161 2534 968 2746">
     <span class='ocr_line' id='line_1_33' title="bbox 198 2534 968 2605; baseline 0.001 -15"><span class='ocrx_word' id='word_1_179' title='bbox 198 2535 311 2602; x_wconf 74' lang='lat' dir='ltr'><strong>Quando</strong></span> <span class='ocrx_word' id='word_1_180' title='bbox 330 2536 390 2603; x_wconf 88' lang='lat' dir='ltr'><strong>quis</strong></span> <span class='ocrx_word' id='word_1_181' title='bbox 409 2534 558 2605; x_wconf 87' lang='lat' dir='ltr'><strong>confitctm‚</strong></span> <span class='ocrx_word' id='word_1_182' title='bbox 585 2550 615 2590; x_wconf 86' lang='lat' dir='ltr'><strong>se</strong></span> <span class='ocrx_word' id='word_1_183' title='bbox 641 2535 738 2590; x_wconf 87' lang='lat' dir='ltr'><strong>emisso</strong></span> <span class='ocrx_word' id='word_1_184' title='bbox 763 2535 876 2603; x_wconf 90' lang='lat' dir='ltr'><strong>simplici</strong></span> <span class='ocrx_word' id='word_1_185' title='bbox 899 2541 968 2591; x_wconf 84' lang='lat' dir='ltr'><strong>roto</strong></span> 
     </span>
     <span class='ocr_line' id='line_1_34' title="bbox 161 2606 968 2678; baseline 0 -16"><span class='ocrx_word' id='word_1_186' title='bbox 161 2607 292 2662; x_wconf 79' lang='lat' dir='ltr'><strong>castitatis</strong></span> <span class='ocrx_word' id='word_1_187' title='bbox 301 2606 500 2661; x_wconf 88' lang='lat' dir='ltr'><strong>Matrimonium</strong></span> <span class='ocrx_word' id='word_1_188' title='bbox 514 2607 679 2662; x_wconf 82' lang='lat' dir='ltr'><strong>contraxisse</strong></span> <span class='ocrx_word' id='word_1_189' title='bbox 689 2613 717 2660; x_wconf 91' lang='lat' dir='ltr'><strong>et</strong></span> <span class='ocrx_word' id='word_1_190' title='bbox 730 2607 968 2678; x_wconf 85' lang='lat' dir='ltr'><strong>consummavisse,</strong></span> 
     </span>
     <span class='ocr_line' id='line_1_35' title="bbox 162 2675 968 2746; baseline 0 -14"><span class='ocrx_word' id='word_1_191' title='bbox 162 2677 349 2745; x_wconf 78' lang='lat' dir='ltr'><strong>contumerias,</strong></span> <span class='ocrx_word' id='word_1_192' title='bbox 374 2675 501 2732; x_wconf 82' lang='lat' dir='ltr'><strong>facultate</strong></span> <span class='ocrx_word' id='word_1_193' title='bbox 525 2678 559 2732; x_wconf 88' lang='lat' dir='ltr'><strong>ab</strong></span> <span class='ocrx_word' id='word_1_194' title='bbox 585 2675 726 2732; x_wconf 86' lang='lat' dir='ltr'><strong>Ordinurio</strong></span> <span class='ocrx_word' id='word_1_195' title='bbox 753 2683 879 2746; x_wconf 85' lang='lat' dir='ltr'><strong>accepta,</strong></span> <span class='ocrx_word' id='word_1_196' title='bbox 905 2693 968 2732; x_wconf 91' lang='lat' dir='ltr'><strong>cum</strong></span> 
     </span>
    </p>
   </div>
   <div class='ocr_carea' id='block_1_9' title="bbox 161 2746 969 2888">
    <p class='ocr_par' dir='ltr' id='par_1_16' title="bbox 161 2746 969 2888">
     <span class='ocr_line' id='line_1_36' title="bbox 161 2746 969 2818; baseline 0.002 -16"><span class='ocrx_word' id='word_1_197' title='bbox 161 2747 223 2816; x_wconf 87' lang='lat' dir='ltr'><strong>ipso</strong></span> <span class='ocrx_word' id='word_1_198' title='bbox 242 2748 398 2816; x_wconf 82' lang='lat' dir='ltr'><strong>dispensare</strong></span> <span class='ocrx_word' id='word_1_199' title='bbox 415 2753 506 2815; x_wconf 85' lang='lat' dir='ltr'><strong>potest</strong></span> <span class='ocrx_word' id='word_1_200' title='bbox 523 2748 558 2802; x_wconf 90' lang='lat' dir='ltr'><strong>ad</strong></span> <span class='ocrx_word' id='word_1_201' title='bbox 575 2748 720 2818; x_wconf 87' lang='lat' dir='ltr'><strong>petendum</strong></span> <span class='ocrx_word' id='word_1_202' title='bbox 739 2746 857 2804; x_wconf 88' lang='lat' dir='ltr'><strong>debitum</strong></span> <span class='ocrx_word' id='word_1_203' title='bbox 874 2749 969 2804; x_wconf 89' lang='lat' dir='ltr'><strong>coniu-</strong></span> 
     </span>
     <span class='ocr_line' id='line_1_37' title="bbox 161 2817 402 2888; baseline -0.012 -14"><span class='ocrx_word' id='word_1_204' title='bbox 161 2819 222 2888; x_wconf 74' lang='lat' dir='ltr'><strong>gulo</strong></span> <span class='ocrx_word' id='word_1_205' title='bbox 239 2819 292 2875; x_wconf 89' lang='lat' dir='ltr'><strong>hoc</strong></span> <span class='ocrx_word' id='word_1_206' title='bbox 309 2817 402 2874; x_wconf 88' lang='lat' dir='ltr'><strong>modo:</strong></span> 
     </span>
    </p>
   </div>
   <div class='ocr_carea' id='block_1_10' title="bbox 0 0 1084 3234">
    <p class='ocr_par' dir='ltr' id='par_1_17' title="bbox 0 0 1084 3234">
     <span class='ocr_line' id='line_1_38' title="bbox 0 0 1084 3234; baseline 0 0"><span class='ocrx_word' id='word_1_207' title='bbox 0 0 1084 3234; x_wconf 95' lang='lat' dir='ltr'><strong> </strong></span> 
     </span>
    </p>
   </div>
  </div>
 </body>
</html>
