2108 3226
236 138 324 176 Primus
338 137 415 177 modus
427 136 534 176 visitandi
548 135 584 179 SS.
598 137 767 179 Sacramentum.
863 134 901 177 iii

97 251 162 288 quem
177 239 221 278 tilii
235 239 330 287 piissimi
343 239 372 278 ed
385 241 472 289 patrum
486 238 668 286 amantissimum,
685 237 729 276 imo
743 237 836 278 amisum
850 238 902 280 ilde·

96 306 206 346 lissimum
223 315 291 352 quarn
305 305 433 353 saepissime
446 315 593 344 recurremus.
621 303 704 350 Quare:

121 373 139 415 1.
168 371 228 411 Veni
244 372 267 410 in
282 371 431 410 sanctuarium
444 371 492 418 Dei,
514 371 600 419 quando
621 373 655 408 eet
671 370 742 418 magis
757 370 867 410 desertum
881 374 903 411 et

97 439 125 478 eb
140 437 300 477 adoratoribus
313 447 418 485 vaeuum;
443 439 464 475 et
478 446 519 485 pro
534 438 593 475 certo
606 436 703 483 babens,
725 435 839 474 eeclesiam
856 447 903 476 esse

97 505 188 544 domum
202 504 245 544 Dei
259 506 282 542 et
296 491 384 542 domum
398 503 520 552 orationis,
541 504 668 542 reverenter
681 501 808 550 ingredere,
829 503 903 542 dicem

65 603 69 612 .
97 581 146 609 eum
160 569 295 609 Psalmists:

134 647 254 701 Domine
273 646 347 714 Jesu,
366 645 482 700 introibo
501 646 529 700 in
548 645 654 701 domum
671 652 758 716 tuam,
785 645 903 702 adorabo

101 717 136 771 ad
154 717 286 785 templum
312 723 432 771 sanctum
458 725 532 772 tuum
549 718 577 771 in
594 718 690 771 timore
708 725 770 786 tuo,
799 724 826 772 et
844 734 903 772 eum

100 787 202 842 fiducia
216 787 365 842 confitebor
382 789 482 842 nomini
499 796 555 842 tuo.
591 789 694 844 Munda
707 806 753 856 cor
766 805 854 842 meum
869 789 902 843 ab

102 861 226 915 omnibus
245 860 331 928 vanis,
359 860 503 928 perversis,
532 867 559 914 et
577 861 669 915 alienis
689 861 902 930 cogitationibus,

100 929 267 986 intellectum
285 930 412 999 illumina,
432 930 555 985 affectum
568 930 702 1001 inflamus,
720 939 750 987 ut
764 933 792 985 in
806 932 902 1000 spiritu

104 1008 130 1056 et
147 1003 264 1056 veritate
283 1009 311 1055 te
331 1003 443 1056 adorare
462 1003 580 1072 valeam,
609 1010 636 1058 et
658 1012 689 1058 ut
706 1003 850 1059 iucundum
868 1003 904 1060 sit

101 1073 149 1127 tibi
167 1073 330 1127 rationabile
350 1073 506 1140 obsequium
524 1089 619 1128 meum.

130 1170 161 1210 11.
190 1170 277 1209 Acestis
292 1169 319 1208 ad
333 1169 444 1208 dominum
453 1171 530 1210 Jesum
545 1171 619 1210 eadem
633 1171 675 1210 tide
690 1172 712 1210 et
721 1173 844 1222 devotione,
859 1183 904 1222 que

100 1239 202 1284 pastores
218 1240 239 1274 et
253 1236 313 1283 megi
336 1235 364 1274 ad
383 1246 432 1274 sum
446 1246 523 1274 reeens
542 1239 621 1274 nutum
639 1237 769 1277 festinantes
783 1241 896 1288 venerunt;

101 1302 123 1340 et
134 1302 251 1350 procidens
266 1304 318 1340 ante
333 1311 391 1348 eum,
404 1301 427 1339 in
442 1301 503 1340 euius
513 1301 600 1340 nomine
614 1312 678 1340 omne
692 1314 749 1352 genu
762 1304 866 1354 flectitur,
879 1305 904 1343 ln

101 1365 140 1407 hos
155 1370 219 1406 actus
232 1377 336 1415 erumpe:

139 1444 161 1499 0
182 1445 266 1500 Jesui
287 1444 407 1510 quamvis
425 1443 453 1496 in
470 1443 522 1497 hoe
541 1443 712 1498 Sacramento
729 1445 831 1498 nullum
848 1460 906 1499 ms·

102 1516 205 1570 iestatis
219 1523 283 1569 tuae
293 1514 462 1582 splendorem
471 1513 554 1570 oeulis
564 1514 677 1583 videam,
694 1522 812 1569 attamen
822 1515 905 1570 credo

103 1585 223 1654 firmiter,
248 1586 312 1653 quia
330 1593 360 1639 tu
379 1601 408 1640 es
426 1601 492 1639 vere
511 1586 586 1640 Deus
605 1586 791 1654 absconditum
819 1586 905 1656 Deus,

103 1657 237 1726 Salvator,
258 1657 388 1725 Christus,
415 1657 501 1711 Filius
524 1657 577 1710 Dei
595 1657 657 1726 vivi,
683 1657 764 1710 iudex
782 1657 905 1712 vivorum

103 1736 129 1784 et
146 1736 327 1796 mortuorum3
345 1728 397 1782 hoe
415 1727 504 1797 credo,
532 1729 594 1795 quia
611 1735 649 1797 tu,
668 1729 728 1797 ipsa
745 1727 845 1783 veritas
864 1727 905 1781 di·

101 1801 177 1855 xisti:
196 1800 250 1854 hoe
270 1806 312 1854 est
326 1799 429 1868 Corpus
447 1815 555 1868 meum;
574 1799 672 1853 adiuva
689 1799 904 1854 incredulitatem

103 1887 199 1926 meam.
237 1871 280 1924 Tu
298 1886 328 1925 es
346 1871 476 1925 Dominus
493 1886 568 1924 meus
594 1878 621 1924 et
638 1870 713 1924 Deus
738 1887 828 1939 meus;
853 1886 904 1925 rex

101 1958 195 2012 regum
211 1948 238 1996 et
251 1942 382 1996 Dominus
396 1941 601 2010 dominantium
617 1949 646 1996 tu
660 1943 733 1997 solus
749 1943 902 2012 altissimus,

103 2022 130 2069 et
148 2013 301 2070 substantia
318 2029 378 2067 mee
394 2021 522 2079 tanquam
540 2013 651 2068 nibilum
669 2021 731 2068 ante
749 2020 793 2081 te;
818 2013 903 2068 adoro

103 2091 138 2155 te,
157 2092 189 2139 ut
202 2085 362 2152 principium
377 2091 404 2138 et
417 2085 536 2138 ultimum
549 2083 638 2153 finem,
657 2092 687 2139 ut
701 2085 903 2139 Dominatorem

104 2157 171 2211 coeli
191 2163 220 2210 et
236 2162 327 2209 terrae
346 2163 372 2210 et
389 2163 420 2209 ut
436 2155 581 2209 Dominum
605 2156 677 2210 vitae
696 2161 723 2209 et
741 2157 841 2210 mortis.
879 2155 902 2208 0

103 2228 176 2297 lesu,
196 2227 233 2280 mi
247 2227 322 2294 Jesu,
337 2242 416 2294 quem
429 2243 541 2294 magnus
556 2232 583 2280 et
595 2227 736 2282 laudabilis
751 2231 794 2282 es!
813 2241 903 2282 nonne

103 2299 150 2352 tibi
170 2297 293 2353 subiecta
310 2298 409 2366 iugiter
427 2300 478 2352 erit
492 2299 580 2351 enims
593 2299 674 2351 mea?
706 2299 823 2366 Dignum
837 2313 903 2352 sane

105 2377 131 2425 et
147 2371 250 2424 iustum
269 2375 318 2422 est.
351 2368 373 2422 Ο
393 2370 478 2424 sancti
491 2369 595 2438 Angeli‚
615 2371 660 2436 qui
677 2371 749 2422 hunc
766 2385 857 2437 regem
874 2369 903 2422 in

106 2441 232 2509 praesepi
252 2440 383 2494 iacentem
396 2457 456 2496 eum
470 2446 580 2508 stupore
599 2441 731 2495 adorastis
746 2447 773 2495 et
790 2441 843 2494 iam
860 2455 903 2494 re·

107 2513 198 2580 guanti
212 2513 241 2564 in
255 2511 331 2565 coelo
345 2511 380 2565 ad
393 2512 568 2566 ministerium
578 2526 684 2580 semper
698 2511 822 2566 assistitis
841 2511 905 2578 quin

105 2585 185 2638 etiam
203 2584 293 2650 ipsum
321 2582 405 2637 altare
429 2581 584 2649 frequentes
603 2590 631 2636 et
647 2581 831 2637 venerabundi
849 2582 903 2635 ein-

104 2656 181 2724 gitis3
202 2669 219 2707 o
238 2653 335 2721 Angeli
351 2654 412 2723 Dei,
437 2653 548 2708 adorate
566 2669 616 2721 pro
635 2669 677 2707 me
695 2655 788 2708 Jesum
806 2667 903 2722 meum,

105 2727 231 2794 quoniam
249 2731 325 2778 tanto
343 2725 447 2779 muneri
463 2725 550 2793 impar
567 2724 645 2778 nimis
666 2740 724 2778 sum
743 2739 793 2791 ego
813 2731 840 2778 et
857 2723 903 2776 ille

105 2797 189 2854 maior
207 2795 281 2851 omni
297 2795 392 2864 leude3
410 2797 532 2864 quemvis
547 2795 686 2850 imbecillis
704 2796 754 2849 sim
771 2809 847 2862 puer,
865 2792 904 2846 di·
