2138 3226
346 153 405 198 Ordo*
417 158 478 198 vitae
492 156 641 197 seoerdotslls.
852 153 893 198 2⁰⁵

85 257 211 313 dieamus
228 255 447 324 oumApostolis.
466 255 610 324 Numquid
631 270 678 326 epo
691 255 893 326 summonitus,

51 337 53 344 ’
84 332 114 382 in
135 345 220 397 quem
234 335 276 384 tot
292 343 324 382 ao
332 335 409 382 tanta
417 328 490 382 mala
497 326 670 396 impendent?
688 327 783 393 quue
799 327 894 382 maiori

84 417 149 454 eum
159 406 237 454 metu
247 407 275 454 et
283 405 400 454 tremore
411 398 538 467 dieamus,
558 397 667 466 quodin
682 405 755 453 statu
770 397 894 466 clericali,

88 478 132 526 tot
152 486 187 526 ae
206 471 289 525 tantis
307 470 435 538 perieulis
455 469 626 538 circumdato,
641 476 683 524 tot
700 469 853 523 muneribus
867 474 896 523 et

89 541 190 596 officiis
208 542 371 610 mancipato,
396 548 438 595 tot
456 541 581 596 oneribus
607 541 743 609 obstricto,
769 539 842 594 selus
860 539 896 594 sit

84 613 172 682 longe
192 611 332 682 diffieilior,
358 627 438 679 quam
465 612 493 665 in
521 612 641 678 quolibet
665 612 717 667 alio
735 611 807 665 vitae
826 609 895 664 ebri-

86 685 197 740 stianae
217 691 297 738 stetu.
330 683 411 752 „Non
429 683 482 738 elio
500 682 580 738 modo
597 683 694 750 loquor
711 698 791 750 qnam
808 689 839 736 ut
857 679 895 734 ei·

85 754 181 810 fectus
195 771 263 810 sum.
291 754 354 808 Non
366 755 465 809 multos
477 761 542 822 puto
557 754 711 810 sacerdotes
725 753 815 810 salvos
827 751 895 821 fieri,

87 827 140 881 sed
160 827 242 894 longe
260 825 352 894 plures
371 826 474 894 perire,
501 841 555 879 non
574 826 627 879 alia
644 825 678 879 de
696 841 792 893 eausa,
815 836 895 891 quam

88 897 168 965 quod
178 909 224 951 res
233 913 359 964 maguum
372 897 491 964 postulet
504 897 646 952 animum.“
666 896 706 964 (S.
717 897 895 966 Obryeodom.

87 968 162 1024 bom.
182 969 241 1024 ΠΙ.
259 969 290 1022 ab
307 968 368 1022 Aet.
387 968 494 1036 Apost.)

126 1040 231 1094 XXVI.
267 1038 388 1093 Adbuee
399 1039 501 1094 Gbrebta‘
516 1038 605 1105 ouda,
624 1038 839 1107 compendiosum
855 1041 895 1092 to-

89 1112 149 1166 tius
178 1111 253 1164 uitae
282 1116 386 1164 besuae
411 1125 542 1177 normam,
572 1111 725 1178 frequenter
751 1109 895 1164 oboedite:

89 1181 203 1250 Videte,
221 1181 340 1249 vigilate,
360 1189 444 1236 orate.
457 1181 550 1250 (Meno.
562 1179 613 1250 13.)
628 1181 726 1248 Videte,
745 1179 896 1248 quaemsla

89 1251 214 1322 fugiatis,
242 1267 312 1319 quae
331 1252 403 1306 bona
429 1251 541 1308 faciatis.
582 1251 704 1320 Vipdate,
729 1261 760 1307 nt
785 1250 895 1306 insidias

89 1325 277 1391 undequaque
295 1322 372 1377 vobis
390 1331 500 1391 paratas
519 1322 665 1378 declinetis.
686 1323 774 1390 Orate,
793 1329 895 1376 utnon

80 1395 203 1450 intretis
221 1395 249 1448 in
267 1395 450 1463 tentationem,
471 1401 517 1448 aut
534 1409 568 1448 ne
586 1395 727 1449 tentationi
741 1393 895 1448 succumba-

91 1467 137 1522 tis.
180 1465 271 1532 Orate,
289 1466 334 1520 vel
352 1467 473 1520 oratione
490 1465 588 1520 mentis
607 1473 634 1519 et
652 1465 748 1533 cordis,
774 1465 818 1518 vel
836 1479 895 1518 ora-

93 1538 171 1593 tione
190 1537 273 1605 vocis,
292 1537 337 1590 vel
355 1537 475 1591 oratione
495 1537 592 1604 operis.

128 1609 244 1662 XXVII.
280 1607 324 1662 Ab
343 1609 473 1675 manebus,
492 1624 561 1676 quae
579 1623 612 1660 eu
626 1606 749 1660 eeokuae
764 1604 805 1658 oel
823 1603 895 1657 dioe-

92 1681 163 1734 cesis
179 1680 290 1733 statutis
307 1679 514 1747 interdicuntur,
533 1679 670 1734 obtunde.
680 1677 698 1746 1)
724 1677 750 1730 A
768 1673 897 1742 vanitate,

93 1749 177 1819 festu,
196 1751 270 1818 luxu,
290 1750 401 1818 lusibus,
431 1750 504 1819 eleis,
522 1749 640 1818 tesseris,
669 1748 775 1815 chartis,
795 1760 896 1800 eomes-

97 1821 260 1889 sationibus,
279 1833 461 1888 eauponarum
484 1820 706 1889 frequentatione,
725 1817 837 1885 choreis,
855 1816 895 1870 lu-

95 1892 187 1960 dicris,
207 1892 359 1961 venatione,
385 1893 500 1960 negotiis
528 1890 718 1958 saecularibus,
746 1889 895 1955 ceterisque

95 1963 231 2032 omnibus,
251 1977 320 2030 quiae
339 1978 374 2016 ex
393 1964 520 2018 eeclesiae
539 1962 654 2017 decretis
665 1969 692 2016 et
701 1967 808 2016 vestrae
822 1959 895 2014 dioe-

95 2035 169 2090 cesis
188 2035 296 2089 statutis
314 2034 392 2088 vobis
409 2033 610 2102 interdicuntur,
628 2033 734 2101 penitus
751 2031 895 2098 abstinete3

93 2106 149 2161 imo
177 2111 337 2175 praesentes
366 2112 394 2158 et
420 2112 587 2174 spectatores
614 2119 649 2158 ne
678 2111 772 2158 estote.
819 2102 895 2169 Quae

94 2177 181 2231 variis
200 2176 369 2244 temporibus
387 2175 420 2230 de
440 2177 595 2230 clericorum
613 2176 669 2229 vita
688 2182 715 2229 et
723 2175 864 2228 honestate
879 2187 896 2225 e

89 2248 207 2302 summis
225 2245 402 2302 Pontificibus
421 2255 448 2302 et
466 2264 482 2302 a
501 2247 584 2302 sacris
603 2245 728 2300 Consiliis
753 2244 896 2299 salubriter

97 2319 203 2373 sancita
221 2326 291 2386 sunt,
319 2317 412 2372 eadem
436 2319 465 2371 in
489 2335 566 2374 suero
594 2317 712 2372 Concilio
738 2315 895 2370 Tridentino

97 2405 165 2447 sess.
184 2392 229 2448 22.
240 2405 263 2446 e.
274 2393 298 2442 1.
308 2389 470 2444 innovantur
480 2397 507 2443 et
523 2387 724 2456 confirmantur3
743 2403 774 2441 ee
782 2385 896 2455 proinde

97 2460 125 2514 in
144 2458 350 2515 desuetudinem
369 2460 467 2515 obiisse
482 2459 550 2515 falso
568 2459 757 2528 praedicantur
775 2487 809 2498 -
821 2457 897 2526 Quae

96 2533 211 2586 secretae
229 2531 285 2585 tort
302 2531 339 2584 ad
357 2529 500 2585 tenebras?
536 2531 611 2600 Quae
633 2531 771 2586 conventio
797 2527 899 2582 meruti

95 2602 132 2656 ad
149 2600 266 2656 Belial?
283 2601 318 2670 (2.
338 2601 399 2656 Cor.
419 2602 454 2672 6.)
475 2602 563 2669 Quare
582 2618 636 2656 non
649 2608 753 2655 tentum
771 2615 788 2653 a
804 2597 896 2666 pravis

95 2680 121 2729 et
140 2673 283 2728 obscoenis
302 2673 469 2728 sermonibus
494 2687 595 2729 summe
620 2673 781 2739 abhorrete;
805 2667 855 2725 sed
877 2682 897 2722 a

116 2841 138 2894 1)
154 2841 261 2882 Benediot
274 2841 333 2886 XIV.
347 2841 381 2883 De
395 2843 446 2892 syn.
459 2843 552 2884 ffloeeeu
566 2843 605 2884 lib.
620 2839 654 2884 11.
670 2853 717 2891 esp.
732 2838 764 2884 1⁰.

737 2909 792 2964 6**
