2130 3242
319 149 353 189 De
369 147 513 188 Sacramenta
526 149 684 190 Paenitentieo.
860 147 901 190 itt

95 267 166 320 quas
198 251 227 305 in
252 251 303 305 hac
325 251 385 320 ipsa
409 250 604 306 Constitutione
631 225 780 321 iireerimus,
815 265 902 321 eoque

94 323 187 392 modo,
207 338 260 390 quo
279 323 428 390 inserimus,
451 322 534 377 robur
553 321 648 376 exinde
666 323 799 392 habeant;
824 323 902 378 simul

98 394 268 449 declarantes
289 393 396 448 easdem
414 409 469 447 non
482 391 561 448 modo
580 409 614 448 ex
632 401 754 448 veterum
772 409 903 450 canonum

97 467 269 534 auctoritate,
290 472 421 532 quatenus
437 481 497 518 cum
519 464 570 518 hac
587 464 688 520 Nostra
707 465 902 521 Constitutione
983 463 1008 494 1'

96 537 270 604 conveniunt,
289 551 384 590 verum
403 536 482 590 etiam
501 551 535 590 cx
552 537 604 590 hac
628 537 688 604 ipsa
707 536 903 592 Constitutione

96 608 211 677 Nostra,
229 623 283 662 non
294 623 372 662 secus
387 622 418 661 ac
433 607 455 661 si
468 607 582 676 primum
596 607 683 662 editae
699 610 732 662 ab
745 623 778 664 ea
795 607 902 678 fuerint,

95 680 152 734 vim
171 693 248 734 suam
266 695 379 746 prorsus
398 679 518 747 accipere
538 678 645 734 debere.

130 789 151 829 1.
173 789 417 829 Excommunicationes
431 789 491 828 latae
506 790 627 830 sententiae
642 789 770 839 speciali
790 790 869 829 modo

325 855 424 894 Romano
436 853 536 894 Pontifici
549 858 682 896 reservatae.

135 919 233 986 Itaque
253 919 517 974 excommunicationi
535 920 606 976 latae
625 920 772 974 sententiae
791 917 901 988 speciali

96 989 180 1044 modo
198 989 320 1044 Romano
338 989 461 1044 Pontifici
483 998 637 1046 reservatae
656 992 794 1047 subiacere
813 990 900 1046 decla·
954 1019 960 1029 ·

93 1077 283 1188 rminimum
310 1147 326 1185 a
352 1131 498 1187 christiana
514 1131 567 1188 fide
587 1140 733 1203 apostatas,
757 1141 784 1190 et
808 1149 900 1190 omnes

97 1218 129 1258 ac
149 1202 269 1272 singulos
287 1201 447 1272 haereticos,
466 1220 632 1272 quocumque
651 1206 756 1260 nomine
772 1220 899 1262 censean-

95 1281 148 1346 tur,
169 1281 197 1328 et
215 1274 403 1341 cuiuscumque
422 1283 511 1330 sectae
531 1277 654 1344 existant,
680 1276 771 1343 eisque
791 1277 899 1331 creden-

96 1353 146 1414 tes,
175 1359 320 1412 eorumque
345 1353 506 1416 receptores,
531 1346 659 1416 fautores,
684 1363 715 1402 ao
740 1347 900 1416 generaliter

99 1417 234 1485 quoslibet
251 1417 356 1472 illorum
375 1416 537 1474 defensores.
546 1419 565 1488 ¹)

132 1491 158 1542 2.
179 1487 278 1542 Omnes
297 1492 324 1542 et
342 1488 459 1556 singulos
472 1489 587 1544 scienter
599 1489 719 1556 legentes
733 1489 790 1543 sine
809 1495 899 1544 aucto·

97 1559 179 1614 ritate
200 1557 278 1612 Sedis
296 1559 468 1627 Apostolicae
491 1559 574 1614 libros
593 1559 746 1614 eorumdem
765 1567 899 1628 apostata-

99 1647 159 1686 rum
185 1636 213 1684 et
237 1629 433 1686 haereticorum
457 1631 591 1686 haeresim
617 1638 825 1698 propugnantes,
849 1645 900 1684 nec

98 1718 153 1756 non
171 1701 256 1756 libros
275 1701 391 1756 cuiusvis
410 1702 527 1757 auctoris
543 1716 595 1770 per
607 1701 777 1769 Apostolicas
795 1701 900 1756 litteras

97 1771 254 1828 nominatim
272 1773 429 1841 prohibitos,
449 1772 610 1840 eosdemque
635 1773 718 1827 libros
744 1771 899 1842 retinentee,

97 1845 280 1914 imprimentes
299 1850 327 1898 et
345 1842 543 1911 quomodolibet
561 1842 742 1898 defendentes.

134 1919 160 1970 3.
181 1914 368 1969 Schismaticos
397 1921 424 1970 et
449 1931 496 1970 eos
520 1917 566 1984 qni
592 1931 609 1969 a
632 1915 746 1970 Romani
762 1913 900 1970 Pontificio

98 2002 148 2055 pro
174 1992 295 2053 tempore
325 1986 463 2042 existentis
493 1987 645 2042 obedientia
671 1985 843 2056 pertinaciter
869 1999 899 2043 se

99 2057 269 2126 subtrahunt,
288 2057 331 2111 vel
349 2057 486 2113 recedunt.
546 2124 547 2127 Ἰ
917 2114 919 2118 .

134 2131 160 2184 4.
180 2127 278 2183 Omnes
297 2136 324 2182 et
342 2129 469 2197 singulos,
483 2129 670 2196 cuiuscumque
689 2134 783 2197 status,
801 2127 899 2196 gradus

100 2214 148 2253 seu
167 2197 327 2254 conditionis
345 2199 452 2269 fuerint,
479 2201 512 2254 ab
532 2199 742 2256 ordinationibus
760 2215 809 2255 seu
826 2215 900 2254 man·

100 2269 169 2324 datis
186 2270 369 2326 Romanorum
386 2270 544 2326 Pontificum
567 2288 617 2340 pro
644 2277 765 2341 tempore
784 2270 899 2326 existen·

98 2342 165 2396 tium
183 2341 217 2396 ad
236 2343 387 2397 universate
411 2341 529 2398 futurum
555 2343 700 2398 Concilium
725 2343 902 2412 appellantes,

114 2495 136 2550 ι)
150 2499 219 2550 Saepe
234 2503 324 2553 accidit,
346 2505 371 2542 nt
394 2503 435 2542 sub
449 2502 547 2543 censuris
566 2503 668 2542 dicantur
687 2499 841 2550 comprehendi
859 2497 904 2546 illi,

153 2567 191 2614 qui
204 2567 319 2616 auxilium,
335 2567 458 2616 consilium,
472 2568 571 2608 favorem
586 2569 707 2618 praebeant
717 2567 840 2606 actionibus
850 2574 900 2613 pro·

152 2632 236 2675 bibitis.
264 2635 325 2673 diaeo
347 2635 422 2673 autem
440 2633 473 2672 ita
487 2636 538 2672 sunt
551 2633 709 2682 intelligenda,
732 2629 905 2670 utintcrveniat.

152 2697 255 2737 formalis
270 2698 395 2747 cooperatio
410 2699 432 2737 et
447 2698 513 2738 realis
528 2697 639 2746 adhaesio,
660 2707 717 2746 quae
736 2707 781 2735 non
795 2694 901 2734 consistat

153 2762 224 2802 solum
239 2763 262 2802 iu
276 2764 406 2812 intentione,
419 2762 458 2803 sed
471 2763 495 2802 iu
509 2764 609 2813 actione3
623 2773 668 2802 non
682 2771 709 2801 ex
722 2761 848 2810 ignorantia
862 2760 905 2799 aut.
951 2767 954 2774 ¹

153 2829 244 2876 timore,
259 2830 297 2868 sed
312 2840 339 2868 ex
353 2829 472 2869 deliberata
485 2829 605 2872 voluntate.
620 2827 749 2879 (Asturici.)

744 2900 778 2951 13
786 2895 816 2930 Μ
