2146 3234
332 187 364 226 De
378 186 520 228 sacramento
534 189 677 229 Matrimonii.
863 187 905 232 tii

98 285 297 340 easeaaoaea
325 287 445 354 forsitan
475 287 569 342 iterati
597 289 717 342 reatibus
741 291 903 346 amonica

98 356 262 424 Apostolico
280 349 442 425 absoluendi,
461 358 534 426 qnod
552 359 658 426 quidem
677 359 704 413 S.
722 359 903 416 Poeuitentia·

98 428 144 482 ria
157 443 227 482 nunc
242 428 375 483 ordinarie
390 429 489 484 addere
504 430 581 485 solet.
600 429 663 499 (cfr.
675 431 788 486 Coronat.
802 433 904 502 Pyrria.

98 499 149 624 libii
171 502 200 623 db.
223 515 246 556 e.
270 504 295 554 1.
321 507 348 554 et
370 503 395 554 5.
422 500 501 570 Gany
525 507 587 556 tora.
613 502 656 559 Π.
677 518 705 557 a.
729 505 791 556 873.
817 503 858 558 ed.
877 508 902 559 3.

140 639 169 694 Si
188 571 247 708 odis
266 641 389 711 copulam
407 641 532 697 habuerit
541 643 659 698 illicitam
673 659 732 696 cum
746 644 904 712 consangui-

99 726 155 766 nea
167 727 282 780 sponsae
292 715 313 780 ¹)
332 713 445 780 indeque
459 721 570 782 propter
583 714 801 782 impedimentum
815 715 902 770 occul·

99 789 160 837 tum
178 781 313 839 affinitatis
332 783 558 852 dispensationem
576 787 652 855 petit,
677 786 827 854 iterumque
844 802 903 842 rem

101 853 229 908 habuerit
241 871 301 908 cum
316 855 410 910 eadem
419 857 616 926 consanguinea
630 873 745 926 sponsae
758 865 902 926 antequam

101 939 163 979 eam
183 925 297 995 duxerit,
315 935 454 995 peccatum
472 928 578 995 quidem
597 929 728 983 commisit
744 943 835 998 mave,
854 929 903 984 sed

100 1011 138 1051 ex
156 999 292 1051 communi
309 999 425 1052 omnium
440 1000 571 1054 sententia
588 1016 642 1054 non
659 998 761 1068 indiget
779 1016 850 1055 nova
863 999 902 1054 di-

100 1068 284 1137 spensatione,
308 1070 331 1124 si
350 1069 514 1136 dispensatio
532 1069 649 1124 nondum
667 1069 718 1125 fuit
736 1071 902 1126 exsecutioni

99 1138 228 1192 mandata
247 1139 280 1193 ab
299 1155 340 1210 eo,
360 1141 403 1194 cui
421 1141 561 1195 commissa
579 1149 621 1197 est
640 1141 697 1211 (cfr.
716 1141 900 1199 Sesami&

99 1209 203 1278 dapat.
228 1213 273 1266 24.
291 1227 318 1264 a.
343 1211 397 1280 8,),·
418 1212 591 1280 probabilius
616 1214 696 1267 etiam
720 1230 774 1268 non
799 1214 901 1282 indiget

99 1297 172 1335 nova
201 1279 412 1350 dispensatione,
445 1284 508 1337 licet
542 1283 706 1351 dispensatio
735 1286 902 1340 exsecutioni
932 1303 935 1310 ’

99 1351 228 1406 mandata
245 1350 340 1422 fuerit,
364 1354 427 1420 quia
452 1353 564 1408 affinitas
589 1355 643 1409 iam
668 1355 773 1410 subiato
792 1363 833 1411 est
851 1371 903 1424 per.

100 1422 337 1492 dispensationem,
364 1424 453 1492 quoad
471 1424 594 1479 effectum
618 1426 791 1480 contrahendi
808 1427 902 1482 Matri-

100 1493 220 1548 monium
238 1494 294 1563 (cir.
313 1495 342 1550 S.
360 1495 423 1565 iay.
441 1497 485 1550 lib.
506 1499 530 1552 6.
544 1512 572 1549 a.
586 1499 677 1564 1140.)
687 1517 696 1566 ,·
714 1497 820 1552 sivero
838 1513 900 1566 pec·

101 1571 255 1619 carettum
274 1567 327 1620 alia
344 1567 542 1635 consanguinea
560 1582 683 1637 sponsae,
707 1584 778 1622 nova
796 1567 901 1635 dispen-

102 1635 207 1691 satione
225 1636 365 1706 indigeret.
384 1637 449 1707 (Otr,
464 1638 542 1707 Gany
555 1641 673 1694 a.1554.
686 1637 726 1692 cd.
740 1643 767 1694 2.
782 1638 899 1707 Rutisb.)

141 1705 169 1760 Si
188 1707 232 1774 qui
250 1723 315 1764 vero
329 1709 457 1764 Oratores
470 1717 533 1778 post
542 1710 653 1778 petitam
667 1709 901 1779 dispensationem,

102 1777 161 1834 sire
185 1785 247 1846 post
270 1781 341 1835 iilius
367 1779 563 1848 expeditionem
589 1787 700 1835 etanta
723 1781 902 1848 respectivan

102 1850 302 1905 exsecutionem
320 1853 453 1905 carndem
471 1853 540 1906 inter
559 1867 588 1906 se
606 1851 749 1907 habuerint
767 1851 901 1921 copulam,
1005 1881 1010 1888 -

100 1920 166 1974 licet
178 1928 258 1976 antea
271 1938 325 1976 non
338 1922 488 1991 habuerint,
503 1922 667 1991 dispensatio
681 1923 757 1977 irrita
771 1930 798 1977 et
813 1923 900 1978 denuo

100 1992 130 2046 in
147 1991 234 2046 forma
251 1993 408 2062 litterarum,
434 2009 500 2061 quas
518 2001 623 2064 vocant,
649 1994 767 2048 Perinde
784 1995 900 2064 aaron)

101 2062 220 2131 petenda
230 2071 278 2134 est,
291 2065 320 2118 in
334 2065 430 2132 quibus
446 2064 610 2133 dispensatio
623 2065 766 2134 impetrata
778 2065 899 2134 plenarie

101 2133 270 2203 describitur,
287 2135 333 2190 ilio
352 2135 469 2205 crimine,
488 2136 561 2203 quod
579 2137 637 2191 eius
650 2137 799 2191 nullitatem
817 2136 900 2191 addu-

100 2205 150 2274 xit,
169 2205 282 2261 adiecto.
307 2206 338 2260 In
357 2222 428 2275 casu,
454 2222 506 2274 quo
533 2223 615 2276 super
637 2206 827 2276 impedimento
847 2207 901 2262 affi-

100 2276 193 2331 nitatis
211 2278 255 2331 vei
273 2277 509 2345 consanguinitatis
534 2278 697 2347 dispensatio
715 2279 837 2334 Romana
855 2278 901 2334 da·

100 2353 146 2402 tur
162 2349 193 2400 ia
208 2348 300 2416 forma
318 2349 501 2403 commasoria
529 2349 568 2419 (ut
592 2365 662 2404 nuuc
685 2348 745 2404 fieri
769 2350 857 2420 solet),
877 2349 900 2407 si

118 2532 139 2584 1)
154 2535 176 2574 st
185 2537 235 2584 quis
244 2536 368 2576 fornicatus
379 2536 409 2576 sit
418 2547 467 2576 cnm
474 2537 640 2586 consanguinea
647 2547 742 2586 sponsae
760 2538 782 2576 et
796 2537 905 2587 cumipse

158 2611 245 2650 morsa,
259 2603 301 2642 hoo
314 2603 383 2642 stiam
396 2603 520 2642 necessario
535 2603 718 2652 aperiendnmeat
727 2603 749 2642 in
764 2602 839 2642 libello
853 2613 904 2655 snp-

157 2665 210 2712 plici
222 2677 261 2715 pro
275 2667 439 2716 dispensatione
454 2667 577 2712 obtinenda

118 2727 138 2784 ἱ)
152 2731 170 2771 1.
186 2741 204 2774 e.
219 2735 313 2780 petenda
326 2735 361 2774 est
375 2735 448 2782 grstia
461 2743 526 2782 novo,
541 2736 567 2773 ut
580 2734 683 2774 Pontifex
698 2733 803 2784 decernit,
818 2736 906 2784 priores

154 2796 241 2837 litteras
255 2799 282 2837 ob
296 2799 406 2842 incestum
419 2797 559 2838 commissum
572 2799 648 2839 irritas
658 2798 724 2838 antero
735 2799 831 2849 periodo,
845 2809 871 2839 ac
886 2797 906 2838 si

155 2863 236 2914 copula
249 2864 355 2904 eiusmodi
370 2868 444 2904 secuta
458 2872 502 2902 non
516 2863 599 2908 russea

154 2935 258 2976 Manmle
272 2935 417 2980 sacerdotum,
447 2934 531 2986 (iiditio
545 2935 594 2989 VI.)
764 2937 798 2988 17
