2130 3242
326 169 360 210 De
373 168 516 212 decremento
528 171 687 215 Poesdtentiss.
870 169 910 212 ttl

107 269 281 340 completum
298 271 322 326 si
340 277 429 326 autem
445 277 601 327 reservetur
618 271 760 326 attentato
784 253 914 344 oriminis,

106 343 167 411 ipsa
193 341 335 396 attentatio
363 342 445 396 debet
472 357 531 398 esse
558 343 698 410 complete.
735 342 766 396 4⁰
786 343 824 398 Ut
841 345 911 400 sits

103 413 206 485 prebere
218 415 394 480 commissum,
413 413 514 469 scilicet
531 429 548 468 e
565 414 657 482 pueris
674 420 737 482 post
755 429 852 468 emirum
866 415 913 470 de·

109 485 207 540 cimum
226 491 359 553 quercum,
379 500 396 540 a
413 485 511 552 puellis
532 499 597 539 vero
615 491 678 552 post
697 499 794 538 annum
812 484 913 542 duode-

109 556 206 610 cimum
225 555 395 624 completum.
423 555 679 623 Possuntequidem
695 555 849 623 impuberes
865 557 913 610 uli-

110 625 218 696 quaudo
236 627 374 681 incurrere
395 641 530 696 censuras,
549 642 618 694 quse
636 628 695 682 inre
714 627 846 681 communi
858 627 913 682 Ro·

0 746 1 763 ,
109 713 189 752 meno
203 696 329 752 Pontifici
346 707 528 767 reservantur,
547 717 573 753 v.
587 715 614 766 g.
629 699 652 756 si
666 698 791 752 clericum
804 713 913 766 percus-

0 770 1 773 ’
108 769 210 836 serint;
235 768 284 824 sed
310 783 344 822 cx
371 769 465 824 eodem
488 771 547 824 iure
572 785 656 839 penes
680 770 845 838 Episcopum
862 776 913 839 cst,

110 855 158 896 eos
177 840 211 894 eb
230 839 384 894 huiusmodi
397 841 518 896 censuris
535 841 685 897 absolvere.
722 841 752 894 5⁰
769 841 805 896 Ut
818 854 914 909 pecca·
941 881 944 886 .

108 919 167 966 tum
185 911 220 966 sit
239 916 340 966 certum
359 926 393 966 ea
410 912 584 981 certitudine,
613 927 682 980 quae
707 912 833 967 excludat
856 927 914 966 mos

108 983 167 1038 ralc
182 981 293 1038 dubium
305 982 418 1038 relative
435 983 470 1038 ad
482 984 692 1040 reservationem
707 990 734 1038 et
748 983 916 1039 conditiones
975 1017 976 1020 =

110 1069 193 1122 supre
210 1060 380 1109 memoratus.

146 1125 306 1180 Reservatio
325 1131 368 1182 est
386 1125 472 1180 stricti
489 1125 570 1195 iuris,
599 1141 648 1182 seu
667 1132 795 1194 quantum
812 1126 914 1196 patior

1 1185 2 1192 '
109 1196 263 1266 proprietas
289 1202 317 1250 et
350 1212 417 1252 usus
440 1203 566 1264 receptus
590 1197 748 1267 verborum,
774 1197 860 1266 rigide
887 1203 915 1252 et

111 1269 203 1324 stricte
222 1272 264 1321 est
282 1267 457 1336 explicanda,
489 1267 660 1323 conformiter
678 1267 713 1322 ed
730 1269 851 1338 regulam
870 1271 913 1324 15.

111 1338 145 1394 de
158 1338 259 1406 regulis
271 1338 337 1393 iuris
349 1339 378 1392 in
401 1339 446 1393 6⁰:
466 1339 531 1392 odie
544 1341 672 1409 temtaret
691 1345 716 1392 et
731 1341 840 1408 sonores
853 1355 914 1394 coo·

112 1411 185 1464 cende
209 1409 354 1478 ampliori,
383 1417 411 1464 et
433 1413 476 1464 30.
500 1411 530 1464 in
548 1410 644 1465 eodem
667 1410 710 1464 6⁰:
737 1412 768 1464 clo
795 1411 915 1465 otcmrr‘e

113 1482 254 1536 minimum
268 1485 307 1534 est
318 1481 492 1549 sequendum,
507 1488 535 1536 et
547 1484 590 1535 49.
604 1481 707 1549 pariter
719 1481 748 1534 in
762 1481 856 1535 eodem
869 1480 913 1536 6⁰:

113 1554 144 1608 in
157 1553 257 1622 poenae
274 1551 415 1621 benipnior
433 1558 471 1606 est
487 1553 674 1620 interpretato
686 1551 824 1618 facieeda.
843 1552 914 1618 Quo

112 1629 226 1694 propter
238 1623 351 1677 materie
363 1623 554 1678 reservationis
576 1623 616 1676 uti
630 1629 657 1677 et
670 1637 841 1677 censurarum
855 1637 915 1676 cum
978 1675 984 1690 χ

62 1749 64 1759 ,
112 1693 916 1762 ceterisconstitutionibuspoenulibuscutodiosissicdebet

112 1765 227 1834 intelligi
241 1772 270 1820 et
283 1765 419 1835 explicari,
433 1772 464 1819 ut
478 1780 558 1832 quom
572 1765 708 1818 minimum
716 1769 813 1818 noceat
822 1763 916 1832 poeui-

112 1837 189 1906 tenti,
208 1836 283 1892 cuius
296 1837 407 1892 libertas
420 1836 509 1904 quoad
528 1837 685 1892 electionem
704 1834 860 1890 confessarii
872 1849 914 1889 rc·

113 1908 255 1977 stringitur
262 1908 387 1976 imposito
397 1923 479 1962 onere
489 1907 660 1976 comparendi
673 1922 762 1961 coram
776 1907 915 1974 superiore

114 1987 164 2036 ¹aut
178 1979 290 2047 speciali
303 1979 360 2034 eius
375 1979 507 2047 delegato.
534 1979 660 2048 Proinde,
675 1977 782 2046 quando
795 1977 914 2046 prudens

114 2055 238 2106 remanet
256 2045 380 2118 dubium,
408 2066 442 2104 en
459 2057 599 2119 peccatum
617 2051 652 2106 sit
669 2049 800 2117 mortale,
827 2065 862 2102 en
880 2049 915 2103 sit

113 2129 265 2190 externum,
290 2137 324 2174 sn
342 2121 377 2177 sit
394 2129 611 2190 consummatum,
637 2137 672 2174 an
691 2137 707 2175 a
724 2121 826 2188 pubere
845 2135 914 2174 oom-

115 2195 229 2250 missum
247 2198 274 2246 et
292 2192 341 2266 sul)
360 2207 474 2247 censura
484 2193 656 2261 prohibitum,
676 2191 802 2248 sacerdos
816 2191 915 2259 simpli·

117 2265 185 2320 citer
203 2263 368 2331 approbatus
387 2263 527 2318 absolvere
551 2271 650 2332 potest.
684 2264 716 2317 In
741 2263 822 2316 dnbio
840 2262 915 2330 luris,

116 2336 134 2391 i
149 2351 173 2390 e.
193 2334 300 2403 quando
318 2333 437 2402 prudeus
457 2334 565 2389 dubium
577 2342 702 2389 versetur
715 2334 786 2388 circa
799 2334 914 2388 existen·

115 2407 183 2462 tiem
199 2405 267 2474 legis
284 2407 448 2460 reserventis
462 2407 554 2462 eiusve
568 2407 757 2474 extensionem,
775 2411 915 2472 peccatum

116 2492 172 2531 non
195 2476 357 2531 censendum
382 2483 424 2531 est
453 2484 628 2532 reservatum.
675 2476 750 2530 Idem
774 2475 915 2530 dicendum

117 2555 160 2602 est
175 2548 204 2603 in
222 2547 309 2602 dubio
321 2547 400 2618 fecti,
425 2548 443 2600 i.
462 2563 485 2602 ε.
506 2549 529 2602 si
547 2549 630 2602 scitrm
648 2547 754 2615 quidem
772 2546 915 2603 existentia

116 2619 184 2688 legis
203 2619 376 2686 reservantis,
401 2618 449 2674 sed
467 2619 611 2688 dubitatur,
639 2635 673 2672 au
690 2618 832 2686 poenitens
848 2615 915 2671 illud

114 2697 256 2760 peccatum
283 2690 451 2748 commiserit.
472 2721 505 2730 -
525 2690 555 2744 Si
578 2697 641 2760 post
669 2689 862 2744 absolutionem
886 2687 915 2741 in

116 2761 199 2818 dubio
217 2760 281 2816 lacti
298 2761 469 2830 impertitam,
488 2761 596 2816 dubium
609 2761 669 2816 tolli
681 2760 825 2828 continget,
843 2757 915 2812 valet

117 2840 209 2889 tamen
228 2831 373 2900 absolutio;
402 2848 433 2887 ac
450 2832 563 2902 proinde
581 2833 644 2886 lieet
660 2831 800 2899 poenitens
819 2829 917 2884 debeat

757 2917 811 2973 13*
