2130 3242
332 167 365 206 Da
378 167 520 208 scammonia
533 167 689 210 Poanttantlae.
872 163 912 208 tot

103 285 188 326 suurn
206 268 373 337 unigenitum
390 271 470 324 morti
486 269 604 338 tradidit,
629 276 660 323 ut
686 269 793 326 tolleret
817 285 911 338 pecca-

103 348 180 408 tum3
206 340 268 394 hino
300 340 394 408 collige
422 341 550 395 malitiam
580 340 691 408 peccati.
729 345 771 397 10.
795 342 912 397 Mortale

104 411 175 467 facit
189 411 291 466 Christi
309 411 471 480 Sanguinem
484 427 576 466 carere
588 411 685 480 fructu,
705 414 829 466 evacuari
846 413 911 468 Pas·

104 485 221 550 aionem,
240 483 337 537 merita
354 484 494 552 contemni,
512 483 613 552 gratias
631 483 744 550 despici.
776 487 818 538 11.
837 483 910 538 Mor-

14 569 15 584 *
104 555 164 609 tale
182 555 272 608 Deum
289 555 376 622 ipsum
395 554 515 624 destruit,
534 561 662 623 quantum
679 555 708 608 in
725 569 755 610 se
775 562 823 622 est,
850 571 912 608 nam

105 627 142 680 ab
167 641 202 680 eo
226 626 298 680 tollit
320 626 451 680 rationem
475 625 536 680 finis
563 626 655 694 ultimi,
680 640 760 692 quem
784 627 860 694 ponit
884 626 913 679 in

106 704 246 765 creatura,
264 697 334 750 hanc
352 698 541 766 complectens,
559 698 663 751 abiecto
682 697 750 752 Deo.
779 699 820 750 12.
839 697 913 750 Mor·

106 769 165 823 tale
185 776 228 822 est
245 783 347 822 summe
364 769 534 824 inhonestum
552 775 580 822 et
596 769 713 837 turpein
730 783 768 838 se,
787 768 851 836 quia
867 767 913 822 de·

106 839 219 895 ordinat
250 855 268 893 a
291 840 377 908 prima
403 841 497 908 regula
519 840 606 896 omnis
630 840 751 909 honesti,
777 855 846 907 quae
872 845 914 894 est

107 910 306 967 sanctissminra
329 911 382 965 Dei
399 912 531 981 voluntas,
555 911 670 978 ideoque
699 918 740 966 est
758 910 914 966 damnabilis

108 981 295 1037 inobedientia
313 990 341 1036 et
357 983 536 1050 transgressio
555 990 680 1036 aeternae
698 983 765 1051 legis
783 984 844 1037 Dei.
870 985 912 1037 13.

108 1053 229 1108 Mortale
248 1061 290 1111 est
308 1069 411 1108 summa
434 1053 597 1122 ingratitudo
616 1061 709 1108 contra
726 1055 813 1108 Deum
831 1055 911 1108 bene·

109 1123 250 1193 factorem,
270 1131 425 1195 creatorem,
445 1124 671 1196 redemptorem,
687 1132 911 1195 conservatorem,

111 1211 143 1250 ac
176 1197 259 1250 etiam
290 1203 401 1250 aeterna
429 1196 549 1264 praemia
580 1195 744 1251 offerentem.
783 1200 825 1255 14.
861 1197 913 1252 Est

13 1307 15 1314 ,
112 1283 217 1322 summa
234 1267 339 1337 iniuria,
358 1268 421 1334 quia
438 1268 568 1322 honorem
587 1275 614 1322 et
632 1268 744 1335 gloriam
761 1283 912 1336 peromnes

112 1339 233 1394 annones
251 1345 357 1392 nostras
375 1339 434 1393 Deo
454 1338 570 1392 debitam
588 1337 741 1407 suffuratur,
767 1347 794 1394 et
822 1353 914 1394 conae-

13 1463 14 1484 ,
113 1416 171 1464 crat
188 1408 296 1478 mundo,
323 1409 396 1463 carni
423 1417 470 1464 aut
495 1409 610 1464 diabolo.
648 1412 690 1466 15.
726 1409 778 1465 Est
802 1410 914 1464 rebellio

111 1488 206 1536 contra
223 1481 320 1548 Deum,
339 1481 414 1535 cuius
428 1497 457 1536 se
467 1480 583 1535 dominio
601 1481 660 1534 vult
673 1479 840 1551 subtrahere,
860 1483 913 1535 imo

110 1553 153 1606 cui
170 1551 346 1607 hostilitatem
363 1551 463 1610 indicit.
483 1555 525 1608 16.
539 1552 591 1606 Est
604 1567 707 1605 summa
719 1551 831 1620 insania,
850 1567 910 1605 cum

111 1625 212 1680 sciatur
229 1623 258 1676 in
272 1630 410 1677 aeternum
433 1622 548 1691 perdere
567 1638 664 1690 corpus
690 1629 717 1676 et
745 1623 868 1690 animam,
888 1628 915 1676 et

111 1701 202 1749 tamen
220 1702 331 1748 ametur.
352 1698 393 1748 17.
412 1695 527 1749 Mortale
546 1693 686 1748 daemonio
699 1693 782 1748 tradit
799 1693 914 1746 animam
953 1754 955 1758 ,

114 1772 196 1833 tuam,
215 1780 296 1832 quam
312 1767 395 1821 Pater
413 1773 538 1820 aeternus
556 1765 608 1820 sibi
625 1763 803 1831 adoptaverat
819 1765 847 1817 in
864 1762 914 1816 fili-

115 1851 165 1906 am,
185 1836 271 1890 Filius
285 1837 314 1890 in
331 1853 459 1906 sororem,
478 1837 593 1906 Spiritus
607 1843 715 1891 sanctus
732 1837 761 1888 in
778 1851 914 1904 sponsam.

118 1911 158 1962 18.
177 1907 293 1962 Mortale
312 1909 455 1963 inhonorat
481 1923 573 1963 omnes
597 1907 775 1975 perfectiones
801 1906 914 1975 divinas,

116 1979 244 2034 iustitiam
261 1979 457 2048 vindicativam,
481 1995 560 2048 quam
578 1995 632 2033 non
649 1979 725 2034 timet
742 1979 859 2033 humana
874 1985 914 2031 te·

117 2051 238 2118 meritas3
256 2050 472 2119 benignissimam
489 2050 706 2122 misericordiam,
725 2066 780 2118 qua
797 2050 915 2104 abutitur

118 2120 276 2176 detestanda
292 2122 433 2190 iniquitas3
452 2129 588 2176 aeternam
605 2121 815 2191 beneficentiam,
834 2135 915 2189 quam

119 2209 172 2248 non
202 2193 323 2260 agnoscit
346 2194 526 2261 ingratissima
553 2201 690 2262 creatura3
717 2193 915 2261 integerrimam

119 2264 293 2332 sanctitatem,
312 2265 387 2318 cuius
403 2265 545 2332 imaginem
554 2264 680 2332 deturpat
695 2263 851 2318 foedissima
859 2262 915 2316 adi·

120 2350 177 2390 mae
194 2335 313 2404 macula3
333 2350 484 2404 supremam
500 2336 656 2404 potentiam,
680 2351 759 2402 quam
782 2335 847 2390 facit
864 2332 915 2388 sibi

121 2407 220 2462 semim
233 2405 269 2459 ad
281 2407 367 2475 ipsam
376 2407 428 2461 Dei
438 2405 612 2461 offensionem
624 2413 850 2475 etcontempturn3
867 2405 916 2458 inr-

121 2478 286 2532 mensitatem
304 2477 441 2548 infinitam,
459 2477 595 2546 peccando
609 2485 702 2533 contra
715 2478 803 2532 Deum
818 2478 846 2530 in
858 2476 916 2532 eius

121 2550 272 2617 praesentia
306 2557 334 2604 et
364 2556 524 2618 conspectu3
556 2549 714 2617 sapientiam
746 2548 915 2616 ineffabilem,

121 2621 193 2674 cruos
211 2621 330 2690 consilia,
350 2628 477 2688 quantmn
494 2621 523 2673 in
540 2635 570 2675 se
589 2628 637 2690 est,
658 2621 769 2688 evertit;
787 2634 916 2674 summam

122 2691 300 2761 maiestatem,
331 2707 421 2746 coram
453 2707 507 2760 qua
534 2693 741 2746 contremiscunt
767 2690 916 2758 Seraphim,

123 2769 213 2818 contra
230 2777 310 2830 quam
326 2763 440 2832 insurgit
457 2763 600 2820 vilissimus
626 2769 716 2816 terrae
741 2761 915 2828 vermiculus3

123 2833 343 2902 prdchritndinem
360 2835 586 2904 amabilissimum,
615 2849 696 2902 quam
719 2833 833 2902 despicit
849 2845 916 2900 prae
