2152 3234
283 191 286 196 Ι
363 137 395 177 ne
409 137 549 180 sacramento
563 137 704 182 Matrimonii.
890 139 931 183 521

245 253 297 307 DE
317 251 562 308 SACRAMENTO
580 251 814 314 Mhualmotul.

353 377 367 420 ΙΙ
388 376 501 420 immotis
514 377 600 420 nitati·
614 377 707 422 mmai.

164 471 190 524 1.
209 469 347 523 Parochus
358 468 508 524 admonitus
518 468 551 524 de
562 470 651 537 aliquo
660 469 832 524 Matrimonio
842 471 870 524 in
880 487 929 526 sua

120 541 258 609 parochia
276 539 465 610 contrahendo,
483 541 597 609 primum
615 548 759 610 cognoscat
772 556 806 595 ex
823 542 874 611 his,
893 543 928 598 ad

123 627 197 680 quos
216 617 327 681 spectat,
347 611 393 678 qui
412 618 438 666 et
457 612 550 679 quales
574 612 635 678 sint,
661 613 707 680 qui
730 612 929 668 Matrimonium
1012 639 1013 642 ¹

122 682 286 738 contrahere
304 682 413 750 volunt3
439 699 474 736 an
491 683 561 737 inter
579 697 626 738 eos
644 684 679 738 sit
697 683 805 752 aliquod
823 686 924 739 canoni·

122 770 187 808 cum
205 752 438 822 impedimentum
456 759 545 808 utrum
554 761 658 824 sponte,
676 755 769 824 libere,
789 764 817 810 et
834 771 927 810 secun-

123 824 191 879 dum
204 825 373 879 honestatem
383 824 547 880 Sacramenti
559 826 643 880 velint
652 828 824 896 conuehere3
838 835 928 881 utrum

122 897 181 952 sint
198 897 227 949 in
245 903 333 950 aetate
351 895 485 965 legitima3
503 903 534 951 ut
550 897 593 950 vir
610 898 705 952 saltem
718 897 927 968 quatuordecim

122 966 223 1021 mulier
240 982 306 1021 vero
325 966 464 1021 duodecim
483 983 567 1024 annos
586 969 742 1040 expleveris,
769 977 797 1024 et
813 976 926 1037 uterque

122 1039 194 1094 sciat
210 1037 362 1093 rudimenta
378 1037 450 1108 fidei,
460 1038 480 1109 1)
506 1055 565 1093 eum
591 1055 624 1094 ea
649 1040 744 1096 deinde
770 1040 840 1096 filios
863 1057 927 1098 suos

122 1109 224 1164 dooere
243 1107 365 1164 debeant.

160 1184 187 1234 2.
206 1179 320 1235 Noverit
338 1194 371 1234 ex
381 1181 501 1248 probatis
516 1182 677 1252 auctoribus,
696 1199 765 1250 quae
780 1183 834 1238 sint
847 1199 925 1238 cano·

123 1252 190 1305 nica
207 1251 397 1320 impedimenta
414 1251 579 1306 Matrimonii
597 1253 778 1323 contrahendi,
804 1261 832 1309 et
856 1270 926 1322 quae

79 1379 83 1386 ,
124 1328 293 1377 contractum
311 1322 450 1392 dirimant3
470 1330 496 1377 et
515 1323 560 1391 qui
579 1324 631 1378 sint
649 1324 747 1392 gradus
767 1326 924 1394 consangui-

121 1393 224 1462 nitatis,
234 1401 261 1448 et
273 1393 415 1461 affinitatis,
434 1395 538 1448 etitem
552 1395 717 1462 cognationis
732 1396 876 1463 spiritualis
890 1413 925 1452 ex

122 1463 255 1532 Baptismi
267 1466 312 1520 vel
326 1464 539 1519 Confirmationis
552 1465 723 1520 sacramento
737 1473 896 1521 contractae.
902 1468 924 1537 2)
972 1472 976 1482 '

163 1537 188 1590 3.
206 1535 312 1592 Habeat
329 1537 357 1589 in
374 1536 466 1604 primis
492 1537 550 1604 ipse
568 1537 636 1590 bene
656 1537 762 1604 cognita
779 1544 925 1606 praecepta

124 1606 172 1660 illa
196 1609 296 1677 omnia,
325 1623 394 1675 quae
421 1608 450 1660 in
474 1606 652 1662 Matrimoniis
680 1608 731 1662 rite
756 1607 924 1663 conficiendis

126 1679 229 1733 servari
246 1685 371 1748 oportere
391 1680 460 1732 sacri
477 1693 601 1747 canones,
626 1685 655 1732 et
670 1679 814 1748 praecipue
833 1685 924 1733 sancta

125 1748 248 1818 Synodus
267 1748 424 1804 Tridentina
440 1750 532 1819 iussit3
552 1749 677 1818 dabitque
697 1765 815 1818 operam,
834 1757 865 1804 ut
877 1750 924 1804 illa

123 1821 151 1875 in
170 1821 298 1888 parochia
316 1837 365 1876 sua
384 1828 506 1875 accurate
526 1828 671 1889 exactoque
690 1827 838 1876 serventur.

158 1895 184 1944 4.
202 1891 364 1947 Praesertim
388 1907 453 1946 vero
480 1893 637 1962 meminerit,
661 1892 833 1946 Matrimonia
849 1893 920 1946 inter

123 1969 259 2030 raptorem
278 1970 305 2017 et
321 1969 435 2032 raptam,
454 1961 516 2016 dum
533 1965 593 2032 ipsa
610 1964 638 2017 in
655 1964 772 2031 raptoris
787 1970 921 2032 potestate

123 2035 259 2103 manserit,
290 2035 364 2103 inita,
394 2049 498 2088 necnon
526 2033 698 2104 clandestina,
729 2042 756 2089 et
788 2035 922 2102 quaelibet

124 2103 302 2174 Matrimonia,
322 2121 390 2173 quae
405 2105 482 2159 aliter
496 2121 576 2174 quam
589 2111 731 2173 praesente
746 2107 864 2174 parocho
877 2105 922 2160 vel

124 2174 177 2230 alio
196 2176 334 2232 sacerdote
354 2176 387 2231 de
405 2177 490 2246 ipsius
508 2177 620 2246 parochi
637 2178 682 2232 vel
696 2175 828 2232 Ordinarii
841 2177 921 2232 licen·

138 2343 160 2394 1)
176 2345 217 2386 Cir.
232 2345 312 2388 Bened.
326 2345 384 2388 xlv.
400 2345 425 2385 da
439 2346 513 2396 Sunod.
528 2346 594 2386 dioec.
609 2345 644 2388 lit.
658 2345 679 2390 8.
693 2357 739 2396 cap.
755 2343 787 2388 14.

138 2407 159 2462 ²)
172 2411 265 2461 Quodne
275 2413 397 2452 dioecesana
409 2411 648 2462 Quinque-Eccleoiemia
657 2424 677 2452 a.
688 2408 749 2452 1863,
760 2421 809 2461 pag.
819 2406 846 2450 89
853 2419 920 2459 ‚,nou,

176 2477 214 2526 ait,
228 2477 376 2517 intermittant
393 2478 484 2528 parochi
504 2478 596 2526 singuiis
616 2479 679 2518 annis
699 2479 758 2517 circa
776 2477 920 2526 Epiphaniam

176 2544 198 2582 in
212 2553 257 2582 una
271 2544 305 2582 vel
319 2545 390 2583 altera
405 2545 508 2584 concione
525 2547 586 2584 caste
600 2548 622 2584 et
635 2545 754 2594 prudenter
767 2545 794 2582 de
807 2543 920 2583 Matrimo-

177 2610 213 2648 nio
228 2621 349 2650 sermonem
363 2610 442 2659 iacere,
461 2611 508 2649 eiua
528 2611 690 2659 impedimenta·
706 2614 752 2650 tum
772 2607 919 2658 impedientia,

176 2680 222 2716 tum
243 2677 382 2726 dirimentis,
404 2678 483 2717 saltem
500 2677 594 2716 maxime
614 2677 678 2716 obvia
698 2678 720 2715 ot
738 2674 882 2714 communiter
898 2673 921 2712 in

176 2745 239 2793 praxi
253 2745 391 2784 occurrentia
409 2745 468 2785 clare
487 2745 509 2782 et
528 2743 556 2783 ad
570 2743 704 2784 intellectum
723 2742 782 2782 facili
804 2742 869 2780 modo
883 2749 920 2780 ex·

176 2809 279 2856 ponere.“
