2152 3234
170 181 210 225 470
344 181 376 222 De
391 180 420 222 Sa
427 181 590 221 crementorum
604 179 801 220 administratione.

281 285 401 343 lilcaclur
421 301 519 340 carnum
539 285 664 358 bpircepls
683 289 867 340 reservaiorun.

309 399 327 443 L
345 393 577 440 &communicatione
591 393 700 446 Episcopi·
714 395 843 438 metae.

430 463 495 513 (Vide
508 473 575 512 supra
587 473 638 512 pag.
651 459 709 514 aea)

350 585 354 592 .
375 554 406 598 11.
425 551 516 599 Peccata
530 550 639 603 [pinconio
653 553 769 594 mevam.

208 628 324 684 Casuum
350 625 540 694 episcopalium
559 623 612 678 duo
634 631 696 680 sunt
713 639 821 692 genera.
859 622 976 690 Quidam

171 704 345 756 reservantur
368 696 513 765 Episcopis
536 695 654 765 proprie,
679 696 767 750 activa
793 701 822 750 et
839 694 980 750 ordinaria

171 777 305 842 potestate
325 775 352 824 et
370 768 523 835 voluntate;
547 765 654 834 quidem
672 766 761 821 aliena
778 774 806 820 et
824 766 976 822 extraordi·
1060 791 1061 820 i

171 843 255 898 nana.
292 840 399 894 Priores
415 840 520 908 pecoris
543 843 614 905 sant,
644 853 712 905 qnos
736 844 821 892 merie
847 843 875 891 ct
900 844 977 893 motu

172 909 714 1050 ilbiiitiiibiilbl⁰iitii
728 909 975 1036 iiiiiibiiii

172 1022 369 1124 approbe’toriis
388 1059 435 1106 aut
458 1051 647 1121 pastoralibus.
683 1020 851 1106 Poeteiore’
867 1053 975 1119 pencris

172 1131 248 1194 ami,
273 1122 318 1192 qui
341 1123 485 1192 Episcopis
511 1129 683 1178 reservantur
710 1122 799 1176 altiori
825 1127 972 1192 potestate,

172 1211 222 1253 seu
239 1211 352 1263 quorum
374 1194 569 1249 absolutionem
592 1193 657 1250 solis
681 1193 825 1262 Episcopis
850 1191 975 1248 concedit

174 1267 252 1322 altior
274 1271 394 1334 potestas
419 1265 490 1334 (vide
509 1279 591 1334 supra
613 1280 675 1333 peg.
694 1264 774 1334 4640).
811 1263 974 1319 Huiusmodi

171 1338 276 1407 generis
293 1337 403 1406 insuper
421 1343 483 1391 sunt
500 1351 593 1392 omnes
611 1351 689 1391 casus
707 1336 838 1404 papales,
852 1350 887 1389 cx
906 1351 973 1403 quc·

153 1451 154 1458 κ
171 1409 238 1464 libet
255 1409 342 1478 capite
360 1406 510 1463 recidentes
534 1408 563 1461 in
586 1406 796 1462 iurisdictionem
820 1406 972 1475 Episcopo·

171 1497 245 1549 rum3
264 1496 314 1535 nec
331 1479 402 1534 enim
420 1479 535 1547 eo'ipso‚
555 1494 607 1546 quo
622 1493 700 1533 casus
714 1477 810 1545 aliquis
824 1477 891 1532 alias
904 1493 973 1546 pon·

171 1551 268 1608 tiiicius
286 1551 437 1606 devolvitur
449 1549 478 1604 in
491 1556 652 1619 potestatem
662 1549 791 1617 episcopi,
809 1555 900 1618 potest
915 1549 974 1616 qui·

172 1623 238 1681 libet
256 1621 434 1678 confessarius
453 1621 509 1676 sine
535 1621 645 1690 speciali
670 1620 854 1674 commissione
873 1619 907 1674 ab
927 1635 974 1674 eo·

173 1695 234 1750 dem
252 1711 316 1750 casu
334 1692 482 1748 absolvere.
501 1692 588 1746 Pecca
651 1691 733 1760 igitur
751 1690 835 1746 simile
853 1691 882 1744 in
894 1691 975 1745 iuris·

173 1767 315 1822 dictionem
332 1763 462 1834 Episcopi
481 1762 576 1819 devolu
634 1804 640 1832 ,
667 1769 708 1817 est
732 1765 809 1818 casus
833 1761 974 1830 Episcopo
1060 1801 1061 1830 3

172 1843 340 1904 reservatus3
359 1835 422 1904 quia
435 1850 513 1890 casus
525 1833 661 1903 Episcopo
675 1841 827 1888 reservatus
834 1833 913 1896 ,nihii
931 1839 977 1890 est
1060 1847 1061 1882 1

173 1907 254 1977 aliud,
274 1922 354 1975 quam
370 1913 509 1976 peccatum
526 1905 638 1960 mortale
655 1911 705 1959 etc.
726 1905 786 1972 (cfr.
800 1920 867 1974 pop.
885 1905 976 1975 440),
1060 1895 1061 1906 ¹

174 1995 191 2034 a
210 1994 262 2046 qno
281 1984 390 2046 praeter
406 1976 579 2046 Episcopum,
603 1976 661 2030 eius
685 1975 849 2044 superiorem
868 1981 896 2029 et
914 1991 976 2030 anc-
1060 2035 1061 2048 ,

174 2063 308 2105 cessorem
325 2063 403 2103 nemo
422 2054 499 2102 extra
517 2047 610 2102 mortis
634 2047 774 2101 articnlm
799 2045 899 2100 directe
925 2047 975 2100 ab·

175 2121 280 2177 solvere
298 2126 389 2188 potest
406 2120 464 2174 sine
483 2119 594 2188 speciali
611 2119 669 2173 eius
686 2117 801 2174 licentio.

209 2191 369 2258 Plerumque
388 2189 421 2244 de
439 2191 498 2244 iure
510 2189 665 2259 particulari
675 2189 818 2258 Episcopis
831 2201 977 2243 reservan-

173 2268 218 2316 tur
236 2261 375 2315 ordincrc'c
391 2262 449 2315 sice
466 2276 580 2316 censura
605 2267 632 2314 et
654 2259 804 2328 aliquando
828 2275 889 2314 eam
914 2275 978 2313 ceie-

173 2347 240 2386 euro
258 2331 378 2386 nonnsdli
396 2347 430 2386 ex
448 2333 621 2400 sequentibus
640 2331 759 2386 casibus:
772 2332 793 2400 ι)

210 2403 232 2457 Ι.
250 2402 420 2458 Adulterium
437 2403 581 2472 publicum.
609 2402 644 2456 Il·
663 2403 824 2457 Bestislites.
842 2400 891 2455 111.
910 2399 978 2454 Bla-

175 2474 296 2542 spbemia
312 2473 489 2529 haereticalis.
513 2474 560 2530 lV.
579 2472 722 2542 complicis
740 2479 880 2543 peccatum
896 2471 927 2526 in
943 2485 979 2526 re

174 2559 299 2599 venerea.
319 2544 450 2614 (lingunt.
468 2545 548 2599 Trev.
566 2544 684 2601 Monast
701 2544 827 2612 Pederb.)
851 2543 885 2598 V.
905 2543 979 2597 Gon-

176 2615 324 2673 cubinaius.
342 2615 389 2672 VI.
408 2616 514 2670 crimen
532 2615 763 2672 incendiariorum.
787 2615 847 2672 VII.
866 2614 978 2668 Crimen

189 2725 210 2780 ¹)
224 2728 239 2768 i.
247 2739 266 2771 c.
280 2728 304 2767 in
315 2727 423 2768 facultate
436 2729 548 2770 individuo
559 2739 687 2780 expressum
697 2741 745 2771 esse
756 2719 827 2778 debet,
841 2739 907 2780 poue
916 2729 979 2770 daie·

186 2787 197 2814 ⁸
231 2796 308 2843 gatnm
317 2793 429 2833 absolvere
437 2794 587 2843 delinquentes
598 2795 772 2836 cirmaborium.
795 2795 839 2840 Gir.
849 2795 980 2836 iterim

232 2858 324 2899 caucos·
338 2858 467 2900 conte-mu
479 2859 517 2904 us.
531 2856 552 2900 a.
566 2844 614 2909 lap.
627 2857 662 2901 ro.
676 2871 698 2906 n.
711 2859 745 2906 is
802 2903 805 2912 ,
