2098 3222
208 199 324 239 Formuiae
337 199 426 247 petendi
439 199 511 239 varias
525 197 642 238 facultates
658 201 679 238 et
694 199 785 248 gratias.
860 192 902 238 888

129 301 168 346 8⁰.
186 297 310 344 Formnla
323 296 429 353 petendi
442 295 662 352 dispensationem
676 307 756 352 snper
769 295 876 352 impedi·

389 364 475 408 mento
489 361 613 408 criminis.

173 443 404 498 Reverendissime
423 449 451 498 et
468 443 649 498 illustrissime
667 442 797 498 Domine!

96 589 101 598 s
137 515 289 584 Exponitm
306 515 442 570 humiliter
468 514 668 570 illustrissimae
691 514 822 582 Dignitati
850 513 903 568 Ve-

103 593 176 644 strae
200 601 250 654 pro
274 592 352 655 parte
372 586 442 644 ¹'litii
466 591 493 640 et
518 585 599 640 Gaiae
627 584 733 654 viduae,
759 584 838 653 quod,
863 585 902 640 in·

103 657 244 713 tendentes
262 657 421 712 contrahere
438 656 646 725 Matrimonium,
665 657 717 711 hoc
736 673 814 711 suum
831 655 901 712 desi·

71 786 73 796 ,
102 729 206 784 derium
220 727 365 797 adimplere
378 743 433 784 non
446 728 561 798 valeant,
576 729 699 783 obstante
713 726 901 796 impedimento

102 800 228 868 criminis,
246 807 382 855 contracto
402 814 436 854 ex
454 793 594 869 adulterio,
620 798 692 866 quod
711 796 797 854 dietns'
815 798 902 853 Titius

103 889 164 926 cunr
177 871 271 926 eadem
284 871 349 926 Ouia
362 871 412 926 sub
425 871 602 938 promissione
616 870 707 938 futuri,
721 877 826 924 mortuo
845 870 902 924 eius
953 899 956 914 ·

103 944 209 1024 marite,
227 943 392 998 Matrimonii
416 957 516 997 vesana
539 941 649 997 libidine
674 940 770 998 duetus
796 941 902 996 commi-

104 1015 154 1082 sit;
174 1029 256 1082 qnare
265 1015 379 1082 gratiam
392 1012 598 1082 dispensationis
609 1029 690 1082 super
701 1012 839 1081 praedicto
853 1012 901 1066 im-

102 1085 255 1155 pedimento
274 1084 409 1138 humiliter
426 1085 571 1153 postulant,
590 1085 738 1152 allegantes
751 1099 802 1154 pro
821 1099 902 1138 causa

103 1157 161 1224 (itte
175 1157 342 1224 exprimam
351 1158 461 1223 coueo);
479 1156 575 1211 asserit
587 1162 699 1224 uterque
709 1163 833 1212 neuuum
846 1169 902 1208 ma-

103 1227 239 1282 chinatum
258 1241 317 1281 esse
335 1227 363 1280 in
380 1226 598 1294 mortemprioris
616 1227 750 1296 coniugis3
768 1225 841 1282 istud
854 1225 901 1280 im·

102 1297 284 1366 pedimentum
297 1303 440 1365 praeterea
458 1303 499 1352 est
516 1297 657 1366 occultum,
674 1299 847 1366 rationesque
867 1296 901 1352 ab

102 1369 170 1437 ipsis
189 1368 317 1436 allegatas
335 1366 480 1424 'subsistere
499 1373 621 1424 attestor.

7 1547 8 1550 ,
106 1503 143 1546 31.
162 1497 286 1544 normula
299 1497 498 1553 supplicationis
507 1510 557 1554 pro
569 1503 659 1554 penore
668 1504 736 1544 catere
749 1501 787 1545 ob.
797 1499 902 1555 impedi·

120 1567 235 1611 mentum
248 1575 351 1619 novum,
365 1567 499 1611 contracto
512 1565 565 1613 iam
574 1564 738 1612 Matrimonio
753 1567 889 1612 detectum.

177 1645 335 1710 Beatissimo
352 1645 449 1701 Patent

142 1716 217 1772 Alias
250 1716 390 1772 Sanctitoti
413 1717 528 1772 Vestrae
555 1733 605 1785 pro
636 1725 712 1786 parte
741 1718 900 1774 devotorum

105 1789 196 1856 Ipsius
223 1787 366 1846 Oratorem
390 1788 423 1842 N.
450 1795 477 1843 et
495 1789 530 1844 N.
555 1788 684 1844 dioecesis
709 1789 744 1846 N.
769 1791 899 1860 exposito,

7 1867 8 1872 ’
105 1861 181 1929 ipsos
200 1858 335 1929 Oratores,
355 1860 400 1927 qui
418 1875 452 1914 ex
469 1861 589 1916 honestis
603 1859 708 1916 familiis
722 1861 847 1931 existunt,
866 1877 899 1916 ex

105 1931 187 1986 certis
209 1930 411 1986 rationabilibus
430 1932 516 1988 causis
536 1931 638 1987 animos
661 1947 753 1988 eorum
771 1933 901 1988 moventi·

7 2029 8 2060 ς
105 2002 166 2070 bus,
184 2017 282 2070 cupere
300 2001 413 2057 invicem
430 2003 658 2058 matrimonialiter
682 2003 810 2071 caputiari.
846 2003 901 2059 Sed

7 2103 8 2134 3
104 2074 170 2142 quia
196 2081 291 2141 quarto
316 2074 551 2142 consanguinitatis
575 2074 660 2142 gradu
686 2075 800 2128 invicem
824 2083 901 2131 erant

101 2145 237 2201 coniuncti
255 2151 305 2200 etc.
325 2145 392 2211 (Hic
400 2145 528 2200 inseritur
541 2159 643 2214 possus
655 2161 815 2200 concernens
823 2147 901 2214 prio·

7 2271 8 2278 ,
101 2217 353 2283 materteram.)
391 2215 479 2283 Quare
499 2222 549 2270 etc.
578 2218 670 2284 &orout
687 2217 718 2270 ia
736 2216 815 2271 dicte
833 2217 900 2272 litte·

7 2329 8 2332 ,
99 2289 142 2342 ris
153 2289 325 2353 continetur).
339 2286 440 2354 Quibus
450 2286 557 2355 quidem
565 2287 661 2343 litteris
672 2286 812 2342 Ordinsrio
822 2303 900 2356 prae·

99 2358 157 2413 fato
176 2358 362 2427 praesentatis,
384 2357 454 2412 idem
482 2357 639 2414 Ordinarius
664 2366 790 2414 contenta
814 2359 842 2413 in
865 2360 899 2416 iis

7 2411 8 2492 J
99 2429 234 2484 verificari
257 2428 400 2497 mandavit,
426 2429 620 2497 verificatisque
644 2429 672 2484 in
698 2431 738 2485 eis
756 2431 896 2500 contentis,

101 2517 162 2554 curn
179 2501 257 2556 dietis
275 2500 433 2555 Oratoribus
451 2516 533 2569 super
550 2500 739 2569 impedimento
757 2501 895 2570 praedicto

101 2571 274 2641 dispensavit,
291 2572 396 2640 illisque
410 2571 608 2626 Matrimonium
627 2572 800 2627 conuehendi
817 2573 897 2628 licen·

100 2642 166 2698 tiam
184 2644 331 2712 eoncessit3
356 2643 430 2698 cuius
449 2642 555 2711 quidem
572 2643 696 2698 licentiae
719 2644 812 2712 vigore
831 2643 897 2698 Ora-

99 2721 175 2770 tores
192 2714 245 2781 ipsi
257 2713 455 2774 Matrimonium
472 2715 542 2770 inter
555 2729 584 2769 se
602 2729 652 2782 per
668 2716 752 2773 verba
771 2714 804 2770 de
818 2729 895 2783 proe-

100 2785 178 2853 senti,
197 2785 301 2852 publice
319 2784 396 2842 factis
413 2786 665 2854 proclamationibus
689 2787 718 2840 in
736 2801 828 2842 eornm
846 2801 893 2853 pa·

98 2855 212 2914 reclini
236 2855 356 2927 ecclesia,
378 2864 486 2914 servata
510 2855 596 2914 forma
621 2857 732 2914 Ooncilii
755 2855 899 2928 praedicti,
