2108 3226
165 179 193 224 86
397 186 580 234 Praepsrstiones
595 185 623 225 ed
637 185 734 228 atticam.

169 293 279 354 praeter
297 293 324 340 te
344 287 457 340 sentiam
475 285 649 341 dulcedinem.
677 285 758 340 Panis
772 285 970 358 candidissime,
989 337 994 348 ,

168 357 271 412 hebens
300 373 377 412 omne
405 357 626 411 delectamentum
653 364 682 410 et
706 371 811 410 omnem
834 373 970 429 saporem,

168 429 214 495 qui
231 445 281 483 nos
301 444 407 497 semper
424 428 527 498 reficis,
552 435 579 484 et
597 443 732 495 nunquam
759 429 786 481 in
813 435 840 482 te
860 428 969 499 deficis;

167 499 290 554 comedat
307 507 334 554 te
361 515 518 569 cormeum,
542 507 569 553 et
587 497 727 553 dulcedine
745 501 850 567 saporis
867 501 906 554 tui
924 516 969 554 re·

166 571 293 638 pleantur
310 572 416 625 viscera
434 571 537 624 animae
555 585 647 639 meae3
671 569 814 624 manducat
831 577 858 624 ta
877 571 969 640 Ange-

166 642 208 698 lus
227 658 274 697 ore
292 642 388 710 pleno;
415 641 557 696 manducet
581 649 608 696 te
635 642 792 710 peregrinus
817 642 897 696 homo
916 657 969 710 pro

166 713 274 768 modulo
294 729 351 781 suo,
370 727 404 766 no
423 712 538 766 deficere
550 713 637 781 possit
653 713 681 765 in
694 714 747 782 vis,
764 713 812 767 tali
829 722 970 770 recreatus

166 785 272 839 viatico.
315 783 397 838 Panis
422 792 528 852 sancte,
555 785 633 852 panis
659 784 735 852 rire,
763 785 841 852 panis
859 784 968 856 munde,

167 857 214 922 qni
232 854 392 910 descendisti
410 854 444 909 de
463 856 538 909 coelo
557 861 585 909 et
603 854 651 909 das
668 855 750 908 vitam
768 853 875 923 mundo,
903 859 969 911 veni

166 927 195 980 in
213 943 258 980 cor
276 941 364 980 meum
389 932 416 980 et
441 925 541 980 munda
564 941 607 980 me
626 926 659 979 ab
678 927 749 980 omni
767 927 969 993 inquinamento

165 998 253 1052 carnis
271 1005 299 1050 et
317 997 435 1065 spiritus.
470 999 546 1052 Intra
563 998 591 1051 in
609 998 724 1051 animam
741 1013 835 1065 meam,
855 1013 922 1052 sana
939 1009 970 1055 et

165 1067 264 1122 munda
281 1083 324 1122 me
351 1069 462 1122 interius
490 1076 517 1125 et
536 1069 662 1123 exterius.
707 1069 774 1122 Esto
800 1076 920 1124 tutamen
939 1083 970 1125 et

167 1141 292 1194 continua
317 1139 390 1194 salus
409 1140 512 1194 animae
539 1147 566 1194 et
584 1140 704 1208 corporis
721 1141 782 1193 mei.
819 1140 931 1208 Repello
950 1157 969 1196 a

165 1225 207 1264 me
226 1211 383 1266 insidiantes
400 1211 465 1264 mihi
478 1211 580 1279 hostes,
598 1210 726 1265 recedant
743 1211 838 1278 procul
856 1226 967 1279 aproc-

167 1282 253 1336 sentia
271 1283 408 1350 potentiae
432 1289 504 1351 tuae,
530 1289 561 1336 ut
577 1281 643 1337 foris
662 1289 690 1336 et
707 1283 779 1336 intus
796 1297 847 1350 por
863 1294 891 1336 to
909 1299 969 1336 mu-

166 1353 246 1422 nitus,
265 1361 339 1408 recto
358 1354 464 1408 tramite
483 1352 518 1408 ad
529 1361 727 1421 tuumregnum
738 1354 902 1423 perveniam,
920 1355 969 1410 ubi

166 1439 220 1479 non
238 1425 265 1478 in
284 1425 431 1494 mysteriis,
451 1425 520 1479 sicut
537 1425 565 1478 in
582 1424 634 1479 hoc
651 1433 772 1492 tompore
791 1425 892 1493 egitur,
918 1427 969 1480 sed

167 1494 200 1549 de
225 1494 294 1551 facie
319 1496 354 1550 ad
380 1495 474 1550 faciem
499 1503 526 1550 te
544 1495 707 1565 ridebimus,
740 1511 799 1549 cum
824 1494 969 1554 tradideris

164 1582 277 1636 regnum
294 1568 354 1623 Deo
374 1574 402 1622 et
419 1568 503 1636 Patri,
522 1573 550 1622 et
568 1568 621 1622 eris
636 1567 711 1621 Deus
730 1567 820 1620 omnia
836 1568 865 1620 in
884 1569 968 1623 omni-

166 1638 224 1693 bus.
262 1638 338 1694 Tunc
352 1640 422 1693 enim
442 1637 484 1693 me
500 1637 533 1692 de
546 1646 574 1694 te
588 1639 699 1694 satiabis
711 1638 835 1692 satietate
845 1638 968 1710 mirifica,

164 1709 211 1778 ita,
224 1716 254 1764 ut
267 1725 317 1764 noc
331 1711 456 1780 esuriam,
471 1725 521 1764 nec
533 1711 621 1764 sitiam
633 1711 662 1763 in
676 1717 821 1764 aeternum.
840 1709 893 1777 Qui
907 1727 968 1765 cum

166 1780 261 1835 eodem
278 1782 338 1837 Deo
356 1782 439 1837 Patre
457 1790 485 1836 et
505 1781 606 1849 Spiritu
625 1789 716 1836 sancto
736 1781 804 1835 vivis
823 1788 851 1834 et
867 1795 968 1850 regnas

164 1867 215 1920 per
234 1854 323 1907 omnia
341 1853 449 1908 saecula
467 1853 643 1906 saeculorum.
678 1853 773 1906 Amen.

413 1989 489 2034 Oratio
503 1991 530 2034 sd
545 1991 612 2034 Deum
626 1991 718 2035 mem

200 2063 324 2133 Respice,
353 2065 556 2119 clementissime
574 2065 664 2134 Pater,
695 2064 728 2118 de
747 2067 899 2121 sanctuario
918 2075 967 2124 tuo

166 2141 195 2188 et
212 2143 240 2188 te
259 2135 367 2190 excelso
387 2137 523 2190 coelorum
541 2136 703 2205 habitaculo,
728 2143 756 2190 et
773 2137 878 2192 intuere
897 2139 968 2194 hanc

164 2204 360 2260 immaculatam
372 2206 496 2276 hostiam,
523 2223 603 2275 quam
618 2208 666 2263 tibi
680 2206 759 2261 ofiert
769 2224 882 2276 magnus
895 2210 966 2265 Pon-

163 2275 230 2330 tifex
248 2285 348 2347 nostor,
376 2278 607 2349 resuscitatus,
634 2279 720 2334 Filius
737 2287 808 2348 tuus,
839 2280 967 2337 Salvator

163 2347 262 2417 mundi,
280 2364 331 2416 pro
351 2350 469 2417 peccatis
482 2349 594 2404 fratrum
616 2364 732 2418 suorum,
751 2358 778 2404 et
801 2357 861 2406 oste
875 2353 967 2420 placa-

162 2419 224 2474 bilis
243 2434 325 2487 super
341 2421 537 2476 multitudinem
560 2421 678 2475 malitiae
696 2427 813 2490 nostrae,
833 2424 898 2490 quis
910 2439 966 2479 vox

164 2489 306 2558 Sanguinis
319 2491 427 2546 Domini
438 2494 524 2556 nostri
543 2492 640 2546 clamat
653 2491 687 2546 ad
707 2497 734 2546 te
749 2491 782 2546 de
796 2509 883 2548 cruce.
914 2495 967 2550 Hic

163 2568 205 2616 est
222 2562 324 2616 iustitia
341 2578 402 2618 mea
427 2571 454 2619 et
472 2561 646 2618 sanctificatio
670 2579 701 2618 ac
718 2565 875 2631 propitiatio
894 2581 964 2622 mea

163 2635 265 2687 Averte
284 2631 379 2688 faciem
403 2643 477 2689 tuam
496 2651 513 2689 a
529 2636 647 2704 peccatis
669 2635 735 2690 meis
759 2642 788 2688 et
813 2637 919 2706 respice
936 2639 965 2691 in

163 2702 259 2758 faciem
279 2705 377 2760 Christi
395 2707 449 2776 tui;
477 2707 535 2762 eius
559 2707 629 2760 enim
653 2707 777 2760 meritum
802 2705 887 2763 offero
906 2709 965 2778 tibi,

164 2791 322 2844 omnemque
340 2776 465 2833 fiduciam
482 2779 510 2833 in
529 2793 562 2832 eo
581 2776 696 2832 defixam
713 2777 810 2834 habeo.
846 2779 966 2846 Impellit

163 2847 330 2903 ministrandi
357 2851 518 2920 necessitas,
546 2856 631 2904 terret
661 2848 823 2904 conscientia
851 2850 965 2906 indebiti
