2152 3234
101 151 104 158 ¹
165 163 205 206 52⁰
339 167 372 207 De
386 167 578 208 sacramentorum
592 167 789 208 administratione.

200 271 226 322 3.
245 267 307 323 Non
324 275 416 337 potest
433 267 553 325 infirmus
570 272 598 324 in
617 270 711 326 eodem
736 271 848 326 utieulo
872 273 967 330 mortis

162 339 263 408 pluries
286 340 384 394 lucrari
408 339 599 409 indulgentiam
628 343 775 410 plenariam
799 358 816 397 a
842 344 967 412 pluribus

163 410 346 466 sacerdotibus
363 410 517 466 facultatem
533 413 702 482 impertiendi
724 413 894 471 habentibus.
925 415 968 483 (S.

165 482 193 537 o.
212 483 240 537 J.
259 485 284 536 5.
303 482 384 537 Febr.
396 486 492 550 ·1sar.)
920 541 924 550 ,

192 556 224 608 r4.
242 554 337 610 Potest
353 554 421 608 haec
437 554 603 623 indulgentia
626 555 727 624 pluries
751 555 884 624 impertiri
901 572 964 626 per·

162 632 285 679 manente
312 623 466 680 infirmitate
493 625 544 681 etsi
571 625 697 682 diuturna
729 627 810 693 (Pius
835 628 892 682 IX.
920 632 965 684 12.

161 696 248 750 Mart.
275 699 382 764 1865.);
417 697 556 764 (accipitur
587 705 677 752 autem
711 705 815 752 tantum
842 699 871 752 in
898 714 966 755 vero

162 768 274 822 articulo
292 768 393 834 mortis,
407 767 437 822 S.
451 766 478 824 0.
488 769 515 822 J.
528 772 564 822 23
585 769 691 838 Aprilis
711 771 801 835 1675.)
818 769 867 824 sed
880 771 966 826 semel

164 844 268 892 tantum
286 837 314 892 in
340 837 433 894 eodem
462 846 534 893 statu
558 840 644 894 morbi
670 839 710 906 (S.
731 839 761 896 0,
778 840 806 896 J.
824 844 870 898 20.
890 841 965 912 Sept.

161 911 271 978 1775.)‚·
288 917 379 977 potest
397 910 478 964 etiam
494 911 594 980 iterari,
620 912 643 967 si
659 910 780 966 infirmus
798 911 966 968 convaluerit

162 996 194 1034 ac
219 979 315 1034 deinde
340 995 505 1049 quacumque
531 981 564 1036 de
588 997 669 1036 causa
694 983 721 1034 in
746 998 844 1039 novum
869 985 965 1040 mortis

160 1051 307 1119 periculum
326 1050 427 1106 redeat.
455 1052 496 1119 (S.
517 1052 545 1108 0.
563 1053 591 1107 J.
609 1057 653 1110 12.
672 1053 752 1121 Febr,
770 1055 863 1121 1842.)
901 1053 965 1110 Non

160 1122 319 1190 prohibetur
342 1123 463 1192 elargitio
489 1123 600 1177 aliarum
627 1123 852 1192 indulgentiarum
869 1126 964 1194 plena·

160 1193 268 1262 riarum,
288 1194 367 1249 etiam
384 1195 412 1248 in
431 1192 525 1248 eodem
544 1196 655 1250 articulo
669 1197 770 1264 mortis,
790 1211 857 1264 quas
874 1212 964 1252 sacer·

161 1263 238 1318 dotes
256 1280 311 1318 non
329 1265 356 1318 di
375 1263 577 1322 Constitutionis
595 1267 651 1320 Pio
668 1267 768 1334 Mater,
787 1267 836 1322 sed
855 1283 890 1322 ex
909 1269 962 1324 alio

161 1336 247 1402 capite
265 1333 335 1391 forte
354 1336 500 1391 concedere
518 1344 639 1405 possunt.
659 1337 699 1404 (S.
720 1337 748 1392 0.
767 1338 794 1394 J.
812 1341 856 1396 12.
871 1339 959 1396 Mart.

199 1479 224 1538 5.
243 1479 318 1532 Haec
336 1477 501 1546 indulgentia
525 1485 624 1548 potest,
652 1479 675 1533 si
700 1478 735 1534 sit
763 1480 913 1547 periculum
937 1481 966 1536 in

161 1563 244 1618 mora,
263 1557 317 1605 tum
336 1548 425 1604 valide
443 1556 498 1604 tum
516 1551 587 1605 licite
607 1549 716 1604 concedi
741 1550 784 1619 iia,
809 1552 855 1619 qui
883 1553 966 1608 etiam

164 1621 331 1690 culpabiliter
348 1637 403 1675 non
416 1620 524 1676 fuerunt
538 1622 571 1676 ab
583 1622 689 1690 incepto
699 1622 792 1676 morbo
808 1622 966 1680 Sacramen-

162 1692 197 1747 tis
213 1692 309 1748 relecti
326 1692 370 1746 vel
388 1692 582 1761 Paenitentiae,
600 1693 644 1747 vel
657 1693 843 1748 Eucharistiae
860 1695 906 1748 vel
920 1711 966 1750 ex·
1061 1741 1062 1768 ἓ

162 1771 264 1818 uemae
278 1764 424 1834 Unctionia‚
437 1764 481 1817 vel
490 1763 563 1818 nullo
575 1765 679 1834 horum,
694 1765 835 1831 subitoque
849 1773 967 1835 vergunt
1061 1771 1062 1780 ¹

162 1835 190 1888 in
207 1835 350 1890 interitum.
371 1834 411 1902 (S.
432 1835 460 1889 0.
478 1835 506 1890 J.
524 1838 569 1888 20.
588 1835 660 1904 Sept.
679 1837 770 1902 1775.)

199 1908 225 1960 6.
243 1907 381 1961 Invocatio
407 1906 501 1960 saltem
528 1905 651 1962 mentalis
676 1905 721 1974 (sc.
747 1907 860 1962 nominis
878 1908 965 1979 lesu),

165 1975 198 2030 de
218 1994 271 2045 qua
288 1977 319 2032 fit
336 1979 434 2032 mentio
453 1978 481 2031 in
498 1977 630 2032 Brevibua
649 1976 684 2030 ad
696 1978 847 2046 Episcopus
867 1978 965 2036 dehac

161 2047 346 2103 benedictione
360 2049 456 2118 missia,
475 2048 673 2118 praescribitur,
693 2048 818 2116 qrramdiu
836 2059 965 2118 aegrotus

160 2134 225 2174 auae
243 2119 338 2174 mentis
358 2127 400 2174 eat
418 2136 535 2189 compca,
560 2126 591 2174 ut
609 2118 724 2174 conditio
748 2121 805 2174 sine
830 2137 884 2189 qua
909 2139 965 2177 non

159 2187 350 2258 indulgentiam
368 2191 395 2243 vi
413 2191 490 2246 istius
508 2190 700 2248 benedictionis
717 2191 845 2246 lucrandi.
871 2192 913 2258 (S.
934 2193 963 2254 0.

159 2261 187 2384 hl.
196 2264 251 2384 Ι)20.
267 2259 342 2399 fect.
361 2263 439 2316 1775.
460 2262 531 2330 apud
549 2262 703 2316 Prinzivalli
721 2279 792 2318 num.
811 2263 963 2319 cccnvn.

178 2347 196 2384 u
217 2372 222 2384 .
242 2333 265 2384 7.

196 2403 220 2455 7.
240 2401 372 2457 Sacerdos
389 2417 443 2456 non
461 2403 548 2458 valide
567 2403 670 2460 confert
693 2403 885 2471 indulgentiam
904 2403 963 2472 ple-

101 2517 104 2522 .
160 2473 261 2526 nariam
280 2474 308 2527 in
327 2474 438 2529 articulo
457 2476 558 2542 mortis,
578 2477 676 2530 omissa
691 2473 808 2530 formula
822 2489 838 2528 a
851 2473 963 2532 Summo

160 2542 290 2598 Pontifice
309 2545 477 2613 praescripta
495 2546 529 2600 ob
547 2546 608 2600 libri
622 2545 806 2614 deficientiam,
825 2545 890 2612 quia
907 2545 963 2601 for·
1061 2545 1062 2580 ³

160 2615 233 2668 mula
257 2631 311 2669 non
339 2623 380 2670 est
404 2622 508 2671 tantum
533 2617 670 2687 duectiva,
698 2617 747 2673 sed
777 2618 963 2686 praeceptiva.
1061 2615 1062 2658 ἶ

162 2684 201 2751 (s.
222 2685 251 2739 o.
269 2687 296 2740 J.
317 2689 341 2741 e.
360 2686 441 2740 neor.
458 2691 548 2757 ram.)
1061 2685 1062 2712 ¹

187 2773 229 2824 (De
249 2775 291 2813 hac
308 2775 445 2824 indulgentia
462 2776 561 2826 planarla
578 2777 621 2826 leg,
638 2777 729 2828 Mamel,
746 2777 786 2818 Dia
800 2777 907 2828 aalma,
927 2779 963 2819 lltr

159 2843 238 2886 wesen
252 2850 294 2883 etc.
308 2855 359 2894 pag.
373 2841 419 2887 392,
435 2845 486 2884 adit.
501 2843 533 2896 l.)
