2152 3234
303 200 336 240 Da
350 198 387 241 ΒΕ.
401 199 554 240 Eucharistiae
567 199 716 241 Sacramenta.
869 200 915 244 tat

111 277 218 359 omium
236 302 323 358 cibum
342 308 488 371 sapatum,
512 317 567 357 uon
585 302 664 356 aliter
681 317 713 356 ac
731 304 827 359 ceteris
844 303 910 360 flde-

108 375 189 443 nous,
208 375 304 442 quibus
322 389 372 428 nec
391 374 471 428 etiam
488 389 539 442 per
555 372 663 428 modum
681 373 827 429 medicinae
846 383 910 431 ante

109 445 212 514 aliquid
231 461 336 501 sumere
353 445 424 500 licet.

87 557 94 568 .
146 520 172 572 5.
192 516 246 572 Sed
265 517 345 571 alicui
363 516 397 571 ad
407 515 571 570 adorandum
585 515 679 582 solum,
698 531 747 571 seu
761 516 910 572 devotionis

109 602 160 644 san
177 588 294 643 amussis
312 587 352 642 rai
369 593 511 656 praetextu
529 586 564 641 ad
582 587 775 643 ostendendum
792 603 847 642 uon
865 587 911 642 de·

107 659 297 787 fer&ulriciani
314 735 404 784 autem
422 727 502 784 debet
514 727 566 783 hoc
576 736 696 785 sanctum
710 729 911 784 Sacramentum

109 801 143 857 ab
162 801 277 856 audeam
294 800 329 854 ad
346 801 465 869 privatas
481 803 675 868 aegrotantium
694 801 788 856 domos
807 800 912 856 decenti

108 873 212 940 habitu,
221 873 241 942 ¹)
260 872 430 940 superposito
447 870 546 926 mundo
559 872 699 942 velamine,
717 871 857 928 manifeste
872 879 911 927 at·

110 959 163 1012 qne
182 942 338 1012 honorifice,
357 950 419 997 ante
437 949 539 1012 pectus,
559 959 618 996 cum
636 945 707 999 omui
719 944 872 1000 reverentia
885 948 915 998 et

111 1016 217 1084 timore,
236 1029 342 1083 semper
358 1014 457 1069 lumine
475 1014 663 1082 praecedente.

146 1089 163 1140 7
166 1127 172 1140 .
191 1086 330 1140 Parochus
341 1085 422 1154 igitur
430 1099 605 1153 processurus
620 1086 655 1141 ad
668 1086 913 1142 communicandum

109 1156 253 1226 infirmum,
273 1157 374 1225 aliquot
391 1172 536 1224 campanae
554 1158 651 1213 ictibus
663 1159 756 1214 iubeat
769 1157 912 1215 convocari
935 1179 937 1184 ·

109 1228 298 1298 parochianos,
323 1243 372 1283 seu
390 1227 660 1300 confraternitatem2)
688 1231 846 1287 sanctissimi
865 1229 913 1284 Sa·

166 1364 236 1411 mant,
250 1363 269 1402 si
278 1362 330 1402 talis
339 1362 409 1403 iidalis
419 1363 504 1402 solebat
514 1361 640 1412 frequenter
649 1366 810 1406 communicare
820 1367 843 1404 at
851 1375 910 1406 nuno

168 1427 308 1468 vehementer
323 1429 482 1468 communicare
496 1431 596 1477 optaret3
619 1430 657 1469 alii
678 1433 808 1480 permittunt
825 1431 913 1472 tantum

163 1492 188 1532 in
203 1493 311 1532 Panchaia
326 1493 355 1532 ad
368 1495 485 1541 praacepto
501 1494 687 1544 satisfaciendum,
710 1506 753 1536 non
769 1507 829 1544 vero,
853 1499 872 1537 si
886 1508 913 1536 ax

165 1557 281 1598 devotione
290 1559 342 1606 fiat3
357 1559 395 1598 alii
405 1559 506 1599 absolute
515 1563 598 1608 negant
610 1561 676 1600 etlam
686 1571 726 1610 pro
735 1563 841 1602 Paschata
851 1561 913 1602 Oum-

164 1624 290 1664 munionem
304 1625 352 1665 dart
366 1636 443 1675 possa;
462 1637 513 1665 nam
533 1625 570 1664 lex
590 1626 664 1665 ieiunii
684 1627 824 1667 strictissima
837 1630 871 1666 ast
885 1627 913 1667 ad

166 1687 302 1730 sacramenti
316 1691 463 1730 reverentiam
476 1691 580 1739 Inducta,
603 1693 626 1730 et
639 1691 681 1731 hoc
694 1693 743 1732 ideo
757 1692 840 1742 magis,
861 1693 914 1742 quia

165 1758 310 1797 communiter
323 1759 424 1798 auctores
438 1757 511 1807 quoad
530 1758 628 1798 infirmos
651 1759 679 1798 ab
694 1769 719 1798 ea
733 1760 781 1808 lege
795 1759 914 1800 excludunt

164 1822 318 1862 tantummodo
332 1833 408 1863 casum
420 1824 490 1862 morht
505 1823 633 1873 periculosa
655 1833 725 1873 usqua
738 1825 812 1864 obstat
824 1835 913 1874 praeca-

164 1889 229 1938 ptum
243 1889 359 1928 Paschatis
369 1889 508 1939 adimplendi,
523 1891 610 1938 quaudo
625 1891 681 1930 anim
689 1901 733 1931 non
742 1893 816 1941 potest
829 1891 914 1932 consuli

164 1956 302 1996 reverentiae
312 1956 455 2005 Sacruma'ntiv
469 1959 610 2005 praecaptum
620 1960 698 2000 cassat.
714 1979 740 1988 -
755 1949 824 2000 casus
833 1969 913 2009 propo-

164 2020 250 2060 nendus
264 2023 299 2060 est
314 2021 437 2070 ordinario,
452 2025 474 2061 at
487 2023 534 2061 atus
548 2023 629 2062 iudicio
644 2024 752 2063 standum.

127 2084 150 2138 1)
164 2085 182 2130 1.
196 2087 392 2136 e,⁴snparpaliicao
414 2089 436 2126 et
454 2088 512 2127 stola
535 2089 568 2127 uti
589 2088 653 2128 debat
672 2090 779 2130 sacerdos.
806 2089 837 2137 (S.
851 2089 877 2130 R.
892 2088 914 2134 c.
968 2137 971 2144 Ι

165 2151 197 2196 16.
216 2153 266 2192 Dec.
284 2151 356 2202 1826.)
384 2153 428 2194 (tir.
443 2165 499 2203 quaa
513 2165 580 2204 supra
594 2165 643 2204 pag.
658 2151 705 2194 367.
728 2167 750 2195 u.
765 2153 784 2198 t.
797 2156 914 2198 habentur.

124 2215 149 2270 ¹)
165 2219 198 2258 Da
212 2225 291 2257 norma
304 2219 402 2267 erigendi
416 2221 438 2258 et
447 2220 583 2288 aggregaudi
595 2221 795 2269 confraternitates,
808 2221 835 2260 da
848 2220 913 2260 modo

166 2282 254 2324 easdam
267 2284 357 2332 rogandi
372 2287 414 2324 etc.
428 2285 452 2324 iu
465 2294 545 2333 gsnara
564 2288 585 2323 at
604 2285 630 2324 da
644 2283 755 2324 nonnuliis
769 2284 914 2324 contratemt·

164 2349 250 2388 tatibus
273 2349 297 2387 iu
316 2329 388 2398 specio
401 2349 451 2388 siue
470 2349 567 2388 Iastract.
584 2349 685 2400 portarat.
706 2349 797 2399 hastata,
817 2351 913 2398 Barantea,

166 2413 238 2455 Uahar
248 2415 290 2454 dan
300 2414 387 2464 aotam,
398 2415 432 2454 (iia
439 2415 625 2455 Bradarschaston
635 2417 683 2463 etc,
694 2416 718 2454 P.
730 2416 820 2466 Mataei,
828 2417 862 2456 die
869 2417 913 2456 Ab·

162 2477 221 2518 lassa
231 2481 272 2521 atc.
282 2479 315 2522 ad.
325 2476 352 2518 4·
366 2490 416 2529 pag.
425 2477 473 2526 247,
480 2481 578 2520 Ferraria
587 2483 627 2520 art.
639 2481 837 2530 confraternitates,
849 2482 912 2532 (tum.

165 2539 244 2592 Ἆρες.
255 2540 396 2595 eoa—tat),
410 2545 448 2586 ubl
457 2544 552 2584 habetur
560 2545 647 2594 integra
654 2545 794 2585 celeberrima
804 2546 913 2586 constitu·

162 2609 196 2648 tio
205 2606 250 2652 115.
262 2609 449 2651 clamantisVIII.
462 2611 608 2662 Qsmacamque,
619 2612 700 2652 Archiv
714 2611 730 2651 i.
738 2611 799 2651 irath.
807 2613 913 2652 Ktrchau·

163 2675 226 2714 recht
236 2675 391 2726 com.v1.pag.
400 2671 531 2725 {ihi-842,
538 2681 560 2715 at
568 2677 624 2716 Acta
632 2687 659 2716 ex
669 2676 696 2715 iis
706 2679 810 2724 axcarpta
819 2680 859 2720 etc.
869 2676 912 2716 vol.

162 2741 193 2784 11.
205 2751 256 2790 pag.
265 2739 298 2786 st.
312 2745 335 2781 at
348 2739 390 2792 28„
405 2741 443 2782 ubi
456 2742 551 2782 habetur
565 2743 675 2782 decretum
685 2742 705 2781 s,
714 2741 736 2783 0,
744 2741 831 2790 Indulg.
848 2751 914 2791 super

166 2808 343 2849 institutionibus
356 2819 395 2849 sau
410 2808 557 2848 erectionibus
577 2811 599 2848 et
620 2807 814 2857 aggregationibus
828 2809 914 2848 conha-

167 2873 299 2914 tamitetum
309 2883 349 2914 san
359 2873 554 2924 congregationum
565 2875 593 2913 ab
602 2873 714 2913 ordinibus
724 2873 861 2920 regularibus
871 2874 913 2914 ato.
