2146 3234
312 171 369 212 Ordo
384 173 581 214 commendationis
594 177 687 215 animas.
856 173 897 218 tte

132 273 241 343 Libera,
259 273 382 343 Domine,
401 274 516 328 animam
534 275 672 344 servitui,
691 277 760 332 sicut
776 277 897 335 liberasti
943 295 944 304 ¹

96 344 187 400 David
205 343 239 399 de
257 345 427 414 manuregis
446 342 519 416 Saul,
539 346 618 402 etde
636 362 717 402 mauu
735 347 837 408 dobes.

133 416 384 556 ffuminum,
403 487 517 544 sumam
536 490 608 544 seru
625 451 674 559 tur,
691 489 760 544 usuc
777 489 898 546 rueram

16 639 20 648 ¹
98 559 209 614 Petrum
227 565 254 614 et
270 558 383 614 Paulum
402 558 435 614 de
454 561 614 616 carceribus.
633 591 667 600 —
685 560 720 614 R.
738 560 833 614 Amen.

135 630 174 685 Et
191 630 259 685 sicut
276 630 458 688 beatissimam
475 631 611 701 Theclam,
633 632 765 700 virginem
783 638 811 686 et
827 647 896 688 mar-

100 707 188 770 tyrem
205 708 279 756 tuam
297 701 331 756 de
348 703 435 758 tribus
454 703 625 759 atrocissimis
642 703 782 758 tormentis
799 703 896 757 libera·

100 772 143 841 sti,
163 773 201 828 sic
219 772 334 828 liberare
353 773 470 841 dignans
489 775 603 830 animam
615 775 695 830 huius
713 774 785 829 servi
802 775 849 845 tui,
869 781 897 829 et

98 842 288 969 tecssmbfffm
305 845 334 898 in
351 845 429 900 bonis
448 846 616 914 congaudere
633 844 803 902 coelestibus.

162 955 169 969 .
240 930 283 971 en.

136 985 239 1040 Oratio.
258 986 478 1043 Commendamus
495 987 552 1058 tibi,
570 988 693 1056 Domine,
717 988 833 1042 animam
855 987 895 1042 fa-

99 1057 164 1110 muli
181 1057 221 1111 tui
239 1057 273 1111 N.
292 1073 485 1126 precemurque
502 1066 538 1128 te,
562 1059 677 1114 Domine
695 1059 762 1114 Jesu
781 1059 895 1129 Christe,

99 1126 224 1182 Salvator
241 1129 340 1198 mundi,
365 1137 403 1197 ut,
417 1136 533 1198 propter
551 1145 630 1197 quam
649 1129 684 1185 ad
700 1136 800 1184 terram
818 1131 896 1186 mise·
963 1169 966 1178 -

98 1199 241 1254 ricorditer
259 1199 428 1269 descendisti,
446 1201 662 1256 Patriarcbarnm
674 1209 780 1256 tucrum
794 1201 895 1258 sinibus

78 1269 235 1324 insinuare
253 1286 307 1325 non
324 1283 432 1328 renuas.
449 1271 581 1340 Aminnea,
605 1271 727 1341 Domine,
746 1281 895 1328 creaturam

99 1348 181 1409 tuam,
200 1356 254 1395 non
272 1357 289 1396 a
307 1341 357 1396 diis
371 1341 465 1402 alienis
479 1349 604 1411 creatam,
622 1341 671 1396 sed
688 1357 705 1396 a
722 1350 749 1396 te
763 1344 820 1400 solo
834 1344 894 1399 Deo

13 1469 15 1480 γ
100 1411 163 1465 vivo
182 1418 210 1466 et
226 1427 307 1478 ver03
333 1413 396 1480 quia
418 1428 473 1467 non
496 1420 537 1467 est
555 1413 622 1467 alius
640 1413 715 1468 Deus
732 1421 841 1481 praeter
857 1422 894 1486 te,

13 1495 15 1522 ὲ
70 1499 74 1510 ·
101 1487 129 1536 et
146 1496 200 1536 non
214 1489 256 1538 est
268 1483 413 1538 secundum
430 1497 514 1551 opera
531 1490 586 1538 tua.
615 1482 752 1552 Laetifica,
770 1485 893 1556 Domina,

100 1552 215 1607 animam
233 1554 290 1609 eius
307 1555 336 1608 in
354 1561 500 1622 conspectu
517 1560 573 1623 tuo,
592 1561 620 1608 et
636 1556 831 1610 nememineris
847 1557 897 1610 ini-

101 1623 233 1691 quitatum
246 1625 304 1680 cius
317 1626 493 1694 annonarum,
512 1633 540 1680 et
553 1625 719 1694 ebrietatum,
739 1641 806 1693 quas
815 1627 897 1682 susci·

13 1743 15 1756 ,
100 1695 169 1750 tavit
186 1695 269 1765 furor,
294 1696 350 1752 sive
374 1696 466 1752 fervor
483 1696 547 1751 mali
564 1695 696 1752 desiderii.
732 1696 810 1751 Licet
827 1697 897 1750 enim

13 1757 15 1818 l
99 1768 262 1837 peccaverit,
284 1774 375 1822 tamen
399 1769 515 1837 Patrem,
539 1774 568 1822 et
585 1767 691 1836 Filium,
719 1774 747 1821 et
769 1766 897 1836 Spiritum

13 1871 14 1876 κ
100 1844 221 1893 sanctum
238 1854 293 1894 non
310 1840 427 1908 negavit,
445 1837 494 1894 sed
511 1837 631 1906 credidit,
650 1845 677 1894 et
694 1838 781 1892 zelum
799 1839 852 1892 Dei
868 1839 896 1893 in

99 1923 131 1966 se
147 1909 250 1981 habuit,
268 1918 296 1966 et
312 1911 408 1980 Deum,
427 1911 474 1978 qui
490 1908 555 1965 fecit
573 1909 668 1979 omnia,
693 1907 808 1964 fideliter
832 1909 896 1965 ado·

96 1981 176 2036 ravit.

137 2051 239 2109 Orattu
273 2052 380 2108 Delicta
403 2051 557 2120 iuventutis,
581 2057 609 2107 et
638 2051 803 2120 ignorantias
830 2052 895 2122 eius,

99 2137 270 2193 quaesumus,
292 2139 327 2178 ne
345 2124 504 2193 memineris,
523 2124 651 2192 Domine;
676 2123 725 2178 sed
751 2122 897 2179 secundum

98 2209 222 2263 magnam
239 2193 447 2251 misericordiam
470 2201 544 2250 tuam
567 2209 669 2249 memor
692 2201 750 2250 esto
773 2194 844 2250 illius
867 2195 897 2248 in

98 2265 186 2334 gloria
203 2267 331 2322 claritatis
353 2274 425 2322 tuae.
460 2266 624 2334 Aperiantur
649 2265 674 2320 ei
698 2265 775 2334 coeli,
798 2265 896 2320 oollae-

101 2343 196 2392 tentur
207 2338 247 2392 illi
264 2338 369 2406 Angeli.
404 2338 437 2392 In
453 2353 565 2406 regnum
583 2344 666 2406 tuum,
692 2337 815 2405 Domine,
839 2351 896 2400 aar·

98 2423 161 2462 vum
179 2415 254 2464 tuum
272 2410 387 2478 suscipe.
424 2408 559 2476 Suscipiat
577 2423 637 2463 eum
655 2416 762 2464 sanctus
779 2407 896 2462 Micbnbl

98 2478 283 2548 Archangelus
299 2481 360 2550 Dei,
379 2479 425 2548 qui
442 2479 552 2534 militiae
570 2478 694 2534 coelestis
711 2479 811 2533 memit
823 2479 896 2546 prin·

100 2548 225 2616 cipamm.
257 2552 374 2607 Veniant
390 2551 432 2623 illi,
447 2551 554 2618 obviam
571 2551 658 2606 sancti
675 2550 772 2618 Angeli
788 2549 850 2618 Dei,
869 2555 896 2604 et

99 2619 249 2688 perducant
272 2637 333 2678 eum
355 2623 385 2677 in
409 2623 544 2678 civitatem
571 2621 714 2677 coelestem
736 2621 919 2676 Jerusalem„

100 2689 234 2760 Suscipiat
251 2708 311 2748 eum
328 2693 424 2749 beatus
448 2695 545 2748 Petrus
562 2693 718 2762 Apostolus,
744 2693 787 2748 cui
805 2690 896 2746 aDeo

100 2762 189 2820 claves
205 2764 283 2832 regni
300 2765 424 2821 coelestis
448 2764 564 2820 traditae
587 2771 656 2820 sunt
691 2764 810 2818 Adiuvat
835 2776 896 2816 eum

13 2897 14 2906 χ
100 2841 209 2891 sanctus
227 2834 335 2906 Paulus,
354 2836 510 2906 Apostolus,
529 2835 575 2904 qui
588 2835 683 2905 dignus
700 2834 751 2891 init
769 2847 830 2890 esse
846 2848 898 2888 vas
