2138 3226
353 161 409 202 Ordo
423 162 483 202 ritae
496 161 644 204 mordemus.
859 159 898 202 1⁹1

100 267 166 323 satio
184 265 241 319 Dei
255 264 420 334 familiarior,
439 265 511 321 salus
530 265 656 334 securior,
675 264 897 337 adsolltadinem‚

101 344 230 406 quantum
256 337 321 390 licet
344 337 444 390 homini
470 337 505 390 ad
526 335 762 392 sanctificationem
787 337 899 392 aliorum

9 445 10 470 t
101 409 216 477 addicto,
242 407 335 462 intime
354 408 479 475 aspirato.
505 407 656 462 Secundum
683 407 710 462 S.
733 408 900 464 Bernardum

101 479 229 536 sacerdos
249 486 326 532 extra
344 478 512 532 solitudinem
538 479 599 550 (nisi
617 479 746 547 sanitatis,
771 479 898 549 caritatis,

101 561 146 606 aut
164 551 208 606 sui
233 550 351 604 muueris
375 551 480 604 ratione
504 551 533 604 in
559 551 694 619 publicum
718 549 899 633 producatur),

9 644 10 652 ¹
102 631 143 678 est
161 622 241 690 quasi
271 621 353 690 pistis
371 629 448 675 exuo
474 637 579 688 aquam.
617 620 749 676 Sacerdos
776 621 822 674 vix
846 621 899 676 alro

101 709 182 761 quam
201 692 237 746 ad
255 692 348 761 altare,
367 691 402 746 ad
419 693 559 761 pulpitum,
578 691 613 746 ad
631 691 834 762 confessionale,
853 699 900 747 aut

9 783 10 842 J
101 765 135 819 ad
164 765 246 818 aliam
270 778 373 819 sacram
396 763 567 832 structionem,
596 779 625 819 ss
649 763 794 818 videndum
819 762 901 818 debet

101 837 246 903 exbibere;
265 835 360 902 quovis
379 835 431 889 alio
450 849 531 902 saepe
548 835 707 889 intuentium
720 835 811 889 oculos
828 833 900 888 male

101 907 190 976 afficit,
211 913 239 960 et
257 912 395 974 aspectum
413 905 530 960 offendit.
551 905 637 974 Saepe
657 906 808 961 saeculares
821 920 900 973 pras-

41 974 45 985 '
102 979 172 1034 senti
191 977 312 1032 arrident
329 984 357 1031 et
370 976 543 1046 applaudunt,
564 979 701 1032 absentem
711 993 777 1032 vero
786 977 901 1032 irrident

102 1057 129 1105 et
147 1047 304 1118 explodunt,
331 1063 348 1101 a
372 1048 442 1116 pede
467 1047 502 1102 ad
525 1049 653 1102 verticem
669 1047 773 1103 facetiis
792 1055 819 1103 et
836 1047 900 1102 ridi·

101 1122 168 1176 culis
187 1120 322 1174 coloribus
340 1125 426 1174 totum
444 1119 598 1188 depingunt.
617 1119 731 1174 Onimis
748 1119 781 1174 ab
799 1119 900 1190 ordinis

101 1194 143 1248 sui
162 1192 292 1260 dignitate
312 1190 466 1260 degeneres,
490 1207 617 1261 ocaecos
636 1198 663 1245 ot
676 1192 826 1246 insensatos
845 1207 900 1245 om·

100 1280 158 1331 nes,
184 1263 343 1330 quiricae
368 1261 443 1316 laicis
467 1261 617 1316 illudendos
642 1269 669 1316 et
691 1261 900 1317 contemnendos

99 1335 226 1390 madunt!
240 1333 375 1388 internam
386 1333 554 1388 solitudinem
562 1333 639 1388 vobis
648 1334 677 1386 in
686 1333 765 1389 corde
775 1332 900 1402 effingdte,

101 1421 215 1473 eamque
234 1403 591 1473 quocumquecircumferte3
610 1405 804 1473 quantumlibet
822 1419 900 1458 occu·

100 1479 167 1546 pati,
188 1491 223 1530 ex
241 1476 351 1530 oonsilio
371 1475 397 1529 S.
416 1474 547 1530 Bernardi
564 1482 733 1544 mementote,
751 1491 801 1529 vos
818 1476 900 1528 inter·

100 1549 166 1603 dum
182 1546 382 1615 vobismetipsis
399 1545 521 1600 reddere.
545 1546 681 1616 „Obsecro
699 1553 735 1615 te,
756 1546 900 1614 carissime,

100 1628 131 1674 ut
148 1617 345 1673 multitudinem
370 1618 507 1671 hominum
533 1625 560 1672 et
578 1617 663 1672 officia
681 1623 708 1671 et
726 1616 901 1672 salutationes

103 1699 131 1746 et
149 1690 274 1745 convivia
292 1689 376 1742 veluti
401 1688 529 1756 quasdam
547 1697 656 1744 catenas
673 1687 761 1756 fugias
778 1687 901 1754 volupta-

101 1771 167 1817 tum.
183 1811 191 1828 ,
206 1760 336 1815 Convivia
360 1759 410 1813 tibi
434 1759 544 1814 vitanda
566 1767 628 1815 sunt
655 1758 846 1826 saecularium,
874 1763 902 1811 et

101 1833 218 1888 maxime
239 1847 342 1900 eorum,
370 1831 415 1898 qui
432 1831 578 1886 honoribus
602 1836 713 1885 tument.
750 1829 841 1897 Turpe
860 1833 902 1884 est

102 1912 165 1960 ante
188 1903 264 1958 foras
294 1901 441 1957 sacerdotis
465 1902 564 1956 Christi
581 1900 700 1957 crucifixi
719 1907 746 1955 et
763 1900 900 1970 pauperis,

102 1983 130 2031 et
149 1976 196 2043 qui
215 1975 274 2028 cibo
292 1988 399 2041 quoque
416 1973 575 2028 vescebatur
593 1973 688 2042 alieno,
712 1973 820 2027 lictores
839 1987 901 2026 con·

101 2048 191 2102 sulum
197 2053 227 2100 et
234 2045 340 2114 milites,
355 2045 487 2099 excubare
499 2043 665 2112 iudicemque
679 2043 832 2112 provinciae
845 2057 901 2096 me·
951 2081 959 2098 .

100 2119 154 2172 lius
180 2116 253 2186 apud
270 2123 298 2170 to
316 2115 457 2185 prandere,
482 2131 561 2183 quom
584 2115 612 2169 in
635 2115 745 2182 palatio.
782 2113 903 2182 Quodsi

102 2188 266 2256 obtenderis,
293 2194 321 2242 te
348 2186 436 2241 facere
461 2186 544 2255 haec,
571 2194 602 2241 ut
623 2201 703 2254 roges
725 2201 774 2254 pro
796 2185 902 2240 miseris

102 2267 184 2328 atque
212 2258 354 2327 subiectis,'v
376 2257 458 2312 iudex
486 2257 586 2312 saeculi
609 2256 670 2324 plus
696 2256 783 2311 defert
805 2256 902 2310 clerico

103 2332 259 2399 continenti,
281 2345 361 2398 quam
379 2329 463 2396 diviti,
490 2335 518 2382 et
535 2328 620 2395 magis
645 2328 812 2382 sanctitatem
828 2333 903 2381 tuam

101 2402 284 2470 venerabitur,
303 2416 383 2469 quam
401 2415 476 2469 opes.
514 2399 554 2466 (S.
568 2399 751 2468 Hieronymus
770 2399 849 2466 epist
867 2395 903 2452 ad

101 2471 302 2542 Nepotianum.)

137 2545 186 2598 XI.
222 2545 340 2598 Peccata
358 2543 449 2610 defleto
466 2547 491 2596 et
508 2541 700 2596 tentatioacbos
716 2540 842 2595 resistite.
864 2537 902 2607 Si,

105 2615 179 2684 quod
206 2622 312 2670 avertat
337 2614 422 2684 Deus,
446 2615 474 2668 in
497 2613 602 2681 culpam
627 2627 736 2681 gravem
763 2609 904 2676 contigerit

105 2686 168 2756 labi,
189 2687 280 2741 statim
299 2685 410 2754 elapsu
429 2683 592 2740 confidenter
605 2684 752 2750 resurgita3
771 2680 806 2735 ad
818 2693 903 2734 reme·

108 2757 182 2811 dium
201 2756 387 2825 conscientiae,
406 2757 507 2812 scilicet
525 2755 558 2809 ad
569 2755 753 2809 contritionem
769 2752 849 2819 illico,
869 2748 904 2803 ad

107 2828 310 2885 confessionem
341 2828 534 2898 quamprimum
551 2826 689 2895 recurrite,
713 2835 905 2888 necunquam
