<?xml version="1.0" encoding="UTF-8"?>
<!DOCTYPE html PUBLIC "-//W3C//DTD XHTML 1.0 Transitional//EN"
    "http://www.w3.org/TR/xhtml1/DTD/xhtml1-transitional.dtd">
<html xmlns="http://www.w3.org/1999/xhtml" xml:lang="en" lang="en">
 <head>
  <title>
</title>
<meta http-equiv="Content-Type" content="text/html;charset=utf-8" />
  <meta name='ocr-system' content='tesseract 3.04.00' />
  <meta name='ocr-capabilities' content='ocr_page ocr_carea ocr_par ocr_line ocrx_word'/>
</head>
<body>
  <div class='ocr_page' id='page_1' title='image "./manualesacerdot00schngoog_0480.png"; bbox 0 0 2130 3242; ppageno 0'>
   <div class='ocr_carea' id='block_1_1' title="bbox 0 1802 4 2943">
    <p class='ocr_par' dir='ltr' id='par_1_1' title="bbox 0 1802 4 2943">
     <span class='ocr_line' id='line_1_1' title="bbox 0 1802 4 2943; baseline 0 0"><span class='ocrx_word' id='word_1_1' title='bbox 0 1802 4 2943; x_wconf 95' lang='lat' dir='ltr'><strong> </strong></span> 
     </span>
    </p>
   </div>
   <div class='ocr_carea' id='block_1_2' title="bbox 154 169 792 212">
    <p class='ocr_par' dir='ltr' id='par_1_2' title="bbox 154 169 792 212">
     <span class='ocr_line' id='line_1_2' title="bbox 154 169 792 212; baseline 0 -2"><span class='ocrx_word' id='word_1_2' title='bbox 154 169 195 212; x_wconf 76' lang='lat' dir='ltr'><strong>tta</strong></span> <span class='ocrx_word' id='word_1_3' title='bbox 341 171 374 211; x_wconf 84' lang='lat' dir='ltr'><strong>De</strong></span> <span class='ocrx_word' id='word_1_4' title='bbox 388 171 580 212; x_wconf 73' lang='lat' dir='ltr'><strong>sacramentorum</strong></span> <span class='ocrx_word' id='word_1_5' title='bbox 593 169 792 210; x_wconf 68' lang='lat' dir='ltr'><strong>administratione.</strong></span> 
     </span>
    </p>
   </div>
   <div class='ocr_carea' id='block_1_3' title="bbox 154 271 962 2120">
    <p class='ocr_par' dir='ltr' id='par_1_3' title="bbox 154 271 958 1479">
     <span class='ocr_line' id='line_1_3' title="bbox 191 271 957 342; baseline 0.001 -16"><span class='ocrx_word' id='word_1_6' title='bbox 191 272 221 326; x_wconf 84' lang='lat' dir='ltr'><strong>Si</strong></span> <span class='ocrx_word' id='word_1_7' title='bbox 238 272 378 340; x_wconf 84' lang='lat' dir='ltr'><strong>poenitens</strong></span> <span class='ocrx_word' id='word_1_8' title='bbox 397 271 535 328; x_wconf 88' lang='lat' dir='ltr'><strong>confessus</strong></span> <span class='ocrx_word' id='word_1_9' title='bbox 550 273 585 327; x_wconf 90' lang='lat' dir='ltr'><strong>sit</strong></span> <span class='ocrx_word' id='word_1_10' title='bbox 602 272 742 342; x_wconf 84' lang='lat' dir='ltr'><strong>superiori,</strong></span> <span class='ocrx_word' id='word_1_11' title='bbox 761 278 789 326; x_wconf 89' lang='lat' dir='ltr'><strong>et</strong></span> <span class='ocrx_word' id='word_1_12' title='bbox 806 272 957 342; x_wconf 88' lang='lat' dir='ltr'><strong>inculpabi-</strong></span> 
     </span>
     <span class='ocr_line' id='line_1_4' title="bbox 154 343 957 413; baseline 0 -15"><span class='ocrx_word' id='word_1_13' title='bbox 154 345 217 398; x_wconf 80' lang='lat' dir='ltr'><strong>liter</strong></span> <span class='ocrx_word' id='word_1_14' title='bbox 234 343 332 398; x_wconf 90' lang='lat' dir='ltr'><strong>obiitus</strong></span> <span class='ocrx_word' id='word_1_15' title='bbox 351 344 386 398; x_wconf 88' lang='lat' dir='ltr'><strong>sit</strong></span> <span class='ocrx_word' id='word_1_16' title='bbox 403 344 507 411; x_wconf 84' lang='lat' dir='ltr'><strong>peccati</strong></span> <span class='ocrx_word' id='word_1_17' title='bbox 524 345 663 413; x_wconf 83' lang='lat' dir='ltr'><strong>reservati,</strong></span> <span class='ocrx_word' id='word_1_18' title='bbox 683 358 717 398; x_wconf 84' lang='lat' dir='ltr'><strong>ex</strong></span> <span class='ocrx_word' id='word_1_19' title='bbox 733 345 868 399; x_wconf 84' lang='lat' dir='ltr'><strong>sententia</strong></span> <span class='ocrx_word' id='word_1_20' title='bbox 886 361 957 398; x_wconf 86' lang='lat' dir='ltr'><strong>com·</strong></span> 
     </span>
     <span class='ocr_line' id='line_1_5' title="bbox 155 414 957 483; baseline 0.002 -14"><span class='ocrx_word' id='word_1_21' title='bbox 155 415 314 470; x_wconf 67' lang='lat' dir='ltr'><strong>muuiaumo</strong></span> <span class='ocrx_word' id='word_1_22' title='bbox 337 416 437 483; x_wconf 90' lang='lat' dir='ltr'><strong>poterit</strong></span> <span class='ocrx_word' id='word_1_23' title='bbox 462 415 557 468; x_wconf 90' lang='lat' dir='ltr'><strong>deinde</strong></span> <span class='ocrx_word' id='word_1_24' title='bbox 576 415 684 469; x_wconf 84' lang='lat' dir='ltr'><strong>cuilibet</strong></span> <span class='ocrx_word' id='word_1_25' title='bbox 700 414 767 468; x_wconf 89' lang='lat' dir='ltr'><strong>illud</strong></span> <span class='ocrx_word' id='word_1_26' title='bbox 786 414 910 470; x_wconf 87' lang='lat' dir='ltr'><strong>confiteri</strong></span> <span class='ocrx_word' id='word_1_27' title='bbox 929 424 957 471; x_wconf 91' lang='lat' dir='ltr'><strong>et</strong></span> 
     </span>
     <span class='ocr_line' id='line_1_6' title="bbox 156 486 958 555; baseline 0 -15"><span class='ocrx_word' id='word_1_28' title='bbox 156 486 273 555; x_wconf 77' lang='lat' dir='ltr'><strong>absolvi,</strong></span> <span class='ocrx_word' id='word_1_29' title='bbox 299 500 333 539; x_wconf 85' lang='lat' dir='ltr'><strong>ex</strong></span> <span class='ocrx_word' id='word_1_30' title='bbox 358 487 491 540; x_wconf 88' lang='lat' dir='ltr'><strong>sententia</strong></span> <span class='ocrx_word' id='word_1_31' title='bbox 513 501 579 541; x_wconf 90' lang='lat' dir='ltr'><strong>vero</strong></span> <span class='ocrx_word' id='word_1_32' title='bbox 603 486 631 542; x_wconf 87' lang='lat' dir='ltr'><strong>S.</strong></span> <span class='ocrx_word' id='word_1_33' title='bbox 649 487 770 554; x_wconf 80' lang='lat' dir='ltr'><strong>Liguorii</strong></span> <span class='ocrx_word' id='word_1_34' title='bbox 783 487 958 554; x_wconf 68' lang='lat' dir='ltr'><strong>probabilius</strong></span> 
     </span>
     <span class='ocr_line' id='line_1_7' title="bbox 155 555 955 628; baseline 0.001 -17"><span class='ocrx_word' id='word_1_35' title='bbox 155 574 209 612; x_wconf 92' lang='lat' dir='ltr'><strong>non</strong></span> <span class='ocrx_word' id='word_1_36' title='bbox 222 564 313 626; x_wconf 87' lang='lat' dir='ltr'><strong>potest</strong></span> <span class='ocrx_word' id='word_1_37' title='bbox 327 555 422 611; x_wconf 89' lang='lat' dir='ltr'><strong>deinde</strong></span> <span class='ocrx_word' id='word_1_38' title='bbox 437 557 546 612; x_wconf 84' lang='lat' dir='ltr'><strong>cuilibet</strong></span> <span class='ocrx_word' id='word_1_39' title='bbox 559 557 722 612; x_wconf 78' lang='lat' dir='ltr'><strong>confessario</strong></span> <span class='ocrx_word' id='word_1_40' title='bbox 740 557 807 611; x_wconf 89' lang='lat' dir='ltr'><strong>illud</strong></span> <span class='ocrx_word' id='word_1_41' title='bbox 821 557 955 628; x_wconf 88' lang='lat' dir='ltr'><strong>confiteri,</strong></span> 
     </span>
     <span class='ocr_line' id='line_1_8' title="bbox 155 627 958 697; baseline 0.001 -15"><span class='ocrx_word' id='word_1_42' title='bbox 155 644 205 683; x_wconf 90' lang='lat' dir='ltr'><strong>nec</strong></span> <span class='ocrx_word' id='word_1_43' title='bbox 224 628 334 697; x_wconf 87' lang='lat' dir='ltr'><strong>absolvi,</strong></span> <span class='ocrx_word' id='word_1_44' title='bbox 360 629 422 695; x_wconf 91' lang='lat' dir='ltr'><strong>quia</strong></span> <span class='ocrx_word' id='word_1_45' title='bbox 440 628 476 682; x_wconf 84' lang='lat' dir='ltr'><strong>ed</strong></span> <span class='ocrx_word' id='word_1_46' title='bbox 494 627 666 683; x_wconf 88' lang='lat' dir='ltr'><strong>auferendam</strong></span> <span class='ocrx_word' id='word_1_47' title='bbox 683 630 896 683; x_wconf 81' lang='lat' dir='ltr'><strong>reservationem</strong></span> <span class='ocrx_word' id='word_1_48' title='bbox 913 644 958 684; x_wconf 91' lang='lat' dir='ltr'><strong>re-</strong></span> 
     </span>
     <span class='ocr_line' id='line_1_9' title="bbox 156 699 958 770; baseline 0.002 -16"><span class='ocrx_word' id='word_1_49' title='bbox 156 701 278 768; x_wconf 88' lang='lat' dir='ltr'><strong>quiritur,</strong></span> <span class='ocrx_word' id='word_1_50' title='bbox 304 706 335 753; x_wconf 91' lang='lat' dir='ltr'><strong>ut</strong></span> <span class='ocrx_word' id='word_1_51' title='bbox 351 708 490 767; x_wconf 89' lang='lat' dir='ltr'><strong>peceatum</strong></span> <span class='ocrx_word' id='word_1_52' title='bbox 509 700 664 754; x_wconf 88' lang='lat' dir='ltr'><strong>subiiciatur</strong></span> <span class='ocrx_word' id='word_1_53' title='bbox 681 699 779 754; x_wconf 89' lang='lat' dir='ltr'><strong>iudicio</strong></span> <span class='ocrx_word' id='word_1_54' title='bbox 799 701 958 770; x_wconf 90' lang='lat' dir='ltr'><strong>superioris,</strong></span> 
     </span>
     <span class='ocr_line' id='line_1_10' title="bbox 157 768 958 840; baseline 0.001 -15"><span class='ocrx_word' id='word_1_55' title='bbox 157 787 189 826; x_wconf 91' lang='lat' dir='ltr'><strong>eo</strong></span> <span class='ocrx_word' id='word_1_56' title='bbox 208 771 282 838; x_wconf 89' lang='lat' dir='ltr'><strong>quod</strong></span> <span class='ocrx_word' id='word_1_57' title='bbox 297 768 358 824; x_wconf 86' lang='lat' dir='ltr'><strong>finis</strong></span> <span class='ocrx_word' id='word_1_58' title='bbox 375 772 566 826; x_wconf 79' lang='lat' dir='ltr'><strong>reservationis</strong></span> <span class='ocrx_word' id='word_1_59' title='bbox 585 777 634 840; x_wconf 90' lang='lat' dir='ltr'><strong>est,</strong></span> <span class='ocrx_word' id='word_1_60' title='bbox 653 770 751 826; x_wconf 88' lang='lat' dir='ltr'><strong>nedum</strong></span> <span class='ocrx_word' id='word_1_61' title='bbox 768 776 799 825; x_wconf 94' lang='lat' dir='ltr'><strong>ut</strong></span> <span class='ocrx_word' id='word_1_62' title='bbox 815 772 958 839; x_wconf 90' lang='lat' dir='ltr'><strong>poeniten-</strong></span> 
     </span>
     <span class='ocr_line' id='line_1_11' title="bbox 155 843 956 910; baseline -0.001 -12"><span class='ocrx_word' id='word_1_63' title='bbox 155 849 198 898; x_wconf 88' lang='lat' dir='ltr'><strong>tes</strong></span> <span class='ocrx_word' id='word_1_64' title='bbox 216 859 233 896; x_wconf 90' lang='lat' dir='ltr'><strong>a</strong></span> <span class='ocrx_word' id='word_1_65' title='bbox 250 849 360 910; x_wconf 88' lang='lat' dir='ltr'><strong>peccato</strong></span> <span class='ocrx_word' id='word_1_66' title='bbox 380 843 593 910; x_wconf 81' lang='lat' dir='ltr'><strong>absterreantur,</strong></span> <span class='ocrx_word' id='word_1_67' title='bbox 621 843 670 896; x_wconf 90' lang='lat' dir='ltr'><strong>sed</strong></span> <span class='ocrx_word' id='word_1_68' title='bbox 688 843 782 910; x_wconf 88' lang='lat' dir='ltr'><strong>etiam,</strong></span> <span class='ocrx_word' id='word_1_69' title='bbox 808 849 839 896; x_wconf 90' lang='lat' dir='ltr'><strong>ut</strong></span> <span class='ocrx_word' id='word_1_70' title='bbox 857 857 956 897; x_wconf 89' lang='lat' dir='ltr'><strong>conve·</strong></span> 
     </span>
     <span class='ocr_line' id='line_1_12' title="bbox 155 912 958 981; baseline 0 -13"><span class='ocrx_word' id='word_1_71' title='bbox 155 915 273 968; x_wconf 83' lang='lat' dir='ltr'><strong>rientem</strong></span> <span class='ocrx_word' id='word_1_72' title='bbox 286 912 443 966; x_wconf 88' lang='lat' dir='ltr'><strong>medicinam</strong></span> <span class='ocrx_word' id='word_1_73' title='bbox 457 921 484 967; x_wconf 89' lang='lat' dir='ltr'><strong>et</strong></span> <span class='ocrx_word' id='word_1_74' title='bbox 497 914 688 981; x_wconf 86' lang='lat' dir='ltr'><strong>poenitentiam</strong></span> <span class='ocrx_word' id='word_1_75' title='bbox 698 914 838 981; x_wconf 87' lang='lat' dir='ltr'><strong>recipiant.</strong></span> <span class='ocrx_word' id='word_1_76' title='bbox 866 914 958 981; x_wconf 79' lang='lat' dir='ltr'><strong>Quare</strong></span> 
     </span>
     <span class='ocr_line' id='line_1_13' title="bbox 156 983 958 1054; baseline 0.002 -16"><span class='ocrx_word' id='word_1_77' title='bbox 156 1001 210 1039; x_wconf 93' lang='lat' dir='ltr'><strong>non</strong></span> <span class='ocrx_word' id='word_1_78' title='bbox 228 990 352 1038; x_wconf 87' lang='lat' dir='ltr'><strong>censetur</strong></span> <span class='ocrx_word' id='word_1_79' title='bbox 371 983 461 1038; x_wconf 87' lang='lat' dir='ltr'><strong>ablata</strong></span> <span class='ocrx_word' id='word_1_80' title='bbox 478 985 634 1053; x_wconf 88' lang='lat' dir='ltr'><strong>reservatio,</strong></span> <span class='ocrx_word' id='word_1_81' title='bbox 653 985 705 1039; x_wconf 85' lang='lat' dir='ltr'><strong>nisi</strong></span> <span class='ocrx_word' id='word_1_82' title='bbox 723 999 757 1038; x_wconf 84' lang='lat' dir='ltr'><strong>ex</strong></span> <span class='ocrx_word' id='word_1_83' title='bbox 775 985 865 1052; x_wconf 88' lang='lat' dir='ltr'><strong>aliquo</strong></span> <span class='ocrx_word' id='word_1_84' title='bbox 884 986 958 1054; x_wconf 89' lang='lat' dir='ltr'><strong>posi-</strong></span> 
     </span>
     <span class='ocr_line' id='line_1_14' title="bbox 155 1055 958 1124; baseline 0.002 -14"><span class='ocrx_word' id='word_1_85' title='bbox 155 1057 211 1110; x_wconf 87' lang='lat' dir='ltr'><strong>tivo</strong></span> <span class='ocrx_word' id='word_1_86' title='bbox 230 1055 327 1109; x_wconf 88' lang='lat' dir='ltr'><strong>indicio</strong></span> <span class='ocrx_word' id='word_1_87' title='bbox 345 1055 477 1110; x_wconf 87' lang='lat' dir='ltr'><strong>habeatur</strong></span> <span class='ocrx_word' id='word_1_88' title='bbox 494 1056 684 1124; x_wconf 88' lang='lat' dir='ltr'><strong>praesumptio,</strong></span> <span class='ocrx_word' id='word_1_89' title='bbox 703 1055 821 1110; x_wconf 90' lang='lat' dir='ltr'><strong>voluisse</strong></span> <span class='ocrx_word' id='word_1_90' title='bbox 835 1057 958 1124; x_wconf 89' lang='lat' dir='ltr'><strong>superio·</strong></span> 
     </span>
     <span class='ocr_line' id='line_1_15' title="bbox 156 1126 958 1194; baseline 0.002 -14"><span class='ocrx_word' id='word_1_91' title='bbox 156 1141 214 1180; x_wconf 90' lang='lat' dir='ltr'><strong>rem</strong></span> <span class='ocrx_word' id='word_1_92' title='bbox 231 1126 443 1180; x_wconf 85' lang='lat' dir='ltr'><strong>reservationem</strong></span> <span class='ocrx_word' id='word_1_93' title='bbox 467 1126 587 1193; x_wconf 86' lang='lat' dir='ltr'><strong>auferre,</strong></span> <span class='ocrx_word' id='word_1_94' title='bbox 615 1127 660 1180; x_wconf 89' lang='lat' dir='ltr'><strong>vel</strong></span> <span class='ocrx_word' id='word_1_95' title='bbox 683 1127 735 1181; x_wconf 86' lang='lat' dir='ltr'><strong>nisi</strong></span> <span class='ocrx_word' id='word_1_96' title='bbox 759 1128 902 1194; x_wconf 87' lang='lat' dir='ltr'><strong>poenitens</strong></span> <span class='ocrx_word' id='word_1_97' title='bbox 921 1127 958 1182; x_wconf 88' lang='lat' dir='ltr'><strong>ad</strong></span> 
     </span>
     <span class='ocr_line' id='line_1_16' title="bbox 156 1196 957 1266; baseline 0.002 -16"><span class='ocrx_word' id='word_1_98' title='bbox 156 1198 227 1250; x_wconf 90' lang='lat' dir='ltr'><strong>hunc</strong></span> <span class='ocrx_word' id='word_1_99' title='bbox 240 1196 320 1251; x_wconf 87' lang='lat' dir='ltr'><strong>finem</strong></span> <span class='ocrx_word' id='word_1_100' title='bbox 333 1197 447 1252; x_wconf 87' lang='lat' dir='ltr'><strong>adiverit</strong></span> <span class='ocrx_word' id='word_1_101' title='bbox 465 1199 632 1266; x_wconf 89' lang='lat' dir='ltr'><strong>superiorem</strong></span> <span class='ocrx_word' id='word_1_102' title='bbox 649 1198 693 1251; x_wconf 93' lang='lat' dir='ltr'><strong>vel</strong></span> <span class='ocrx_word' id='word_1_103' title='bbox 710 1197 854 1252; x_wconf 80' lang='lat' dir='ltr'><strong>habentem</strong></span> <span class='ocrx_word' id='word_1_104' title='bbox 871 1197 957 1252; x_wconf 86' lang='lat' dir='ltr'><strong>facul·</strong></span> 
     </span>
     <span class='ocr_line' id='line_1_17' title="bbox 155 1268 957 1338; baseline 0.001 -15"><span class='ocrx_word' id='word_1_105' title='bbox 155 1274 246 1338; x_wconf 89' lang='lat' dir='ltr'><strong>tatem,</strong></span> <span class='ocrx_word' id='word_1_106' title='bbox 264 1275 296 1322; x_wconf 91' lang='lat' dir='ltr'><strong>ut</strong></span> <span class='ocrx_word' id='word_1_107' title='bbox 313 1269 346 1322; x_wconf 90' lang='lat' dir='ltr'><strong>ab</strong></span> <span class='ocrx_word' id='word_1_108' title='bbox 366 1270 487 1323; x_wconf 90' lang='lat' dir='ltr'><strong>omnibus</strong></span> <span class='ocrx_word' id='word_1_109' title='bbox 503 1269 649 1334; x_wconf 86' lang='lat' dir='ltr'><strong>reservatis</strong></span> <span class='ocrx_word' id='word_1_110' title='bbox 661 1268 825 1338; x_wconf 86' lang='lat' dir='ltr'><strong>absolvatur,</strong></span> <span class='ocrx_word' id='word_1_111' title='bbox 844 1275 872 1323; x_wconf 89' lang='lat' dir='ltr'><strong>et</strong></span> <span class='ocrx_word' id='word_1_112' title='bbox 885 1271 957 1324; x_wconf 90' lang='lat' dir='ltr'><strong>hanc</strong></span> 
     </span>
     <span class='ocr_line' id='line_1_18' title="bbox 157 1339 958 1410; baseline 0.004 -17"><span class='ocrx_word' id='word_1_113' title='bbox 157 1355 233 1394; x_wconf 90' lang='lat' dir='ltr'><strong>suam</strong></span> <span class='ocrx_word' id='word_1_114' title='bbox 258 1339 433 1394; x_wconf 88' lang='lat' dir='ltr'><strong>intentionem</strong></span> <span class='ocrx_word' id='word_1_115' title='bbox 457 1340 496 1393; x_wconf 91' lang='lat' dir='ltr'><strong>illi</strong></span> <span class='ocrx_word' id='word_1_116' title='bbox 513 1339 731 1396; x_wconf 82' lang='lat' dir='ltr'><strong>manifestaverit.</strong></span> <span class='ocrx_word' id='word_1_117' title='bbox 769 1339 810 1408; x_wconf 78' lang='lat' dir='ltr'><strong>(S.</strong></span> <span class='ocrx_word' id='word_1_118' title='bbox 828 1341 891 1410; x_wconf 79' lang='lat' dir='ltr'><strong>Lip.</strong></span> <span class='ocrx_word' id='word_1_119' title='bbox 910 1341 958 1397; x_wconf 82' lang='lat' dir='ltr'><strong>bb.</strong></span> 
     </span>
     <span class='ocr_line' id='line_1_19' title="bbox 157 1413 722 1479; baseline -0.004 -15"><span class='ocrx_word' id='word_1_120' title='bbox 157 1413 182 1466; x_wconf 87' lang='lat'><strong>6.</strong></span> <span class='ocrx_word' id='word_1_121' title='bbox 200 1427 228 1464; x_wconf 84' lang='lat' dir='ltr'><strong>u.</strong></span> <span class='ocrx_word' id='word_1_122' title='bbox 246 1413 306 1465; x_wconf 81' lang='lat'><em>597.</em></span> <span class='ocrx_word' id='word_1_123' title='bbox 326 1427 370 1479; x_wconf 76' lang='lat' dir='ltr'><strong>qu.</strong></span> <span class='ocrx_word' id='word_1_124' title='bbox 388 1413 427 1479; x_wconf 83' lang='lat'><strong>2.)</strong></span> <span class='ocrx_word' id='word_1_125' title='bbox 718 1441 722 1462; x_wconf 63' lang='grc' dir='ltr'>ι</span> 
     </span>
    </p>

    <p class='ocr_par' dir='ltr' id='par_1_4' title="bbox 154 1480 962 2120">
     <span class='ocr_line' id='line_1_20' title="bbox 192 1480 960 1552; baseline 0.003 -16"><span class='ocrx_word' id='word_1_126' title='bbox 192 1482 246 1536; x_wconf 88' lang='lat' dir='ltr'><strong>Per</strong></span> <span class='ocrx_word' id='word_1_127' title='bbox 259 1482 461 1537; x_wconf 79' lang='lat' dir='ltr'><strong>confessionem</strong></span> <span class='ocrx_word' id='word_1_128' title='bbox 472 1480 624 1552; x_wconf 85' lang='lat' dir='ltr'><strong>invalidam,</strong></span> <span class='ocrx_word' id='word_1_129' title='bbox 643 1481 741 1536; x_wconf 90' lang='lat' dir='ltr'><strong>factam</strong></span> <span class='ocrx_word' id='word_1_130' title='bbox 759 1482 894 1550; x_wconf 87' lang='lat' dir='ltr'><strong>superiori</strong></span> <span class='ocrx_word' id='word_1_131' title='bbox 912 1484 960 1538; x_wconf 90' lang='lat' dir='ltr'><strong>vel</strong></span> 
     </span>
     <span class='ocr_line' id='line_1_21' title="bbox 157 1552 960 1622; baseline 0.004 -15"><span class='ocrx_word' id='word_1_132' title='bbox 157 1553 276 1608; x_wconf 88' lang='lat' dir='ltr'><strong>eiusdem</strong></span> <span class='ocrx_word' id='word_1_133' title='bbox 294 1552 426 1622; x_wconf 81' lang='lat' dir='ltr'><strong>delegato,</strong></span> <span class='ocrx_word' id='word_1_134' title='bbox 444 1554 472 1607; x_wconf 90' lang='lat' dir='ltr'><strong>in</strong></span> <span class='ocrx_word' id='word_1_135' title='bbox 493 1569 546 1621; x_wconf 92' lang='lat' dir='ltr'><strong>qua</strong></span> <span class='ocrx_word' id='word_1_136' title='bbox 563 1564 702 1622; x_wconf 82' lang='lat' dir='ltr'><strong>peccatum</strong></span> <span class='ocrx_word' id='word_1_137' title='bbox 720 1560 888 1608; x_wconf 87' lang='lat' dir='ltr'><strong>reservatum</strong></span> <span class='ocrx_word' id='word_1_138' title='bbox 906 1554 960 1610; x_wconf 81' lang='lat' dir='ltr'><strong>fuit</strong></span> 
     </span>
     <span class='ocr_line' id='line_1_22' title="bbox 157 1623 961 1694; baseline 0.002 -16"><span class='ocrx_word' id='word_1_139' title='bbox 157 1623 335 1694; x_wconf 89' lang='lat' dir='ltr'><strong>declaratum,</strong></span> <span class='ocrx_word' id='word_1_140' title='bbox 364 1641 398 1678; x_wconf 84' lang='lat' dir='ltr'><strong>ex</strong></span> <span class='ocrx_word' id='word_1_141' title='bbox 416 1625 547 1679; x_wconf 91' lang='lat' dir='ltr'><strong>communi</strong></span> <span class='ocrx_word' id='word_1_142' title='bbox 571 1640 602 1679; x_wconf 88' lang='lat' dir='ltr'><strong>ac</strong></span> <span class='ocrx_word' id='word_1_143' title='bbox 625 1625 799 1692; x_wconf 85' lang='lat' dir='ltr'><strong>probabiliori</strong></span> <span class='ocrx_word' id='word_1_144' title='bbox 824 1627 961 1680; x_wconf 86' lang='lat' dir='ltr'><strong>sententia</strong></span> 
     </span>
     <span class='ocr_line' id='line_1_23' title="bbox 156 1696 961 1766; baseline 0.001 -16"><span class='ocrx_word' id='word_1_145' title='bbox 156 1697 259 1751; x_wconf 90' lang='lat' dir='ltr'><strong>tollitur</strong></span> <span class='ocrx_word' id='word_1_146' title='bbox 267 1697 423 1765; x_wconf 85' lang='lat' dir='ltr'><strong>reservatio,</strong></span> <span class='ocrx_word' id='word_1_147' title='bbox 439 1698 465 1750; x_wconf 84' lang='lat' dir='ltr'><strong>si</strong></span> <span class='ocrx_word' id='word_1_148' title='bbox 481 1696 617 1763; x_wconf 78' lang='lat' dir='ltr'><strong>Confessio</strong></span> <span class='ocrx_word' id='word_1_149' title='bbox 628 1701 667 1750; x_wconf 78' lang='lat' dir='ltr'><strong>eat</strong></span> <span class='ocrx_word' id='word_1_150' title='bbox 675 1697 753 1750; x_wconf 78' lang='lat' dir='ltr'><strong>nulla</strong></span> <span class='ocrx_word' id='word_1_151' title='bbox 766 1697 865 1764; x_wconf 72' lang='lat' dir='ltr'><strong>alaprie</strong></span> <span class='ocrx_word' id='word_1_152' title='bbox 876 1698 961 1766; x_wconf 70' lang='lat' dir='ltr'><strong>eulpae</strong></span> 
     </span>
     <span class='ocr_line' id='line_1_24' title="bbox 154 1766 961 1837; baseline 0.002 -16"><span class='ocrx_word' id='word_1_153' title='bbox 154 1769 317 1837; x_wconf 79' lang='lat' dir='ltr'><strong>poenitentia</strong></span> <span class='ocrx_word' id='word_1_154' title='bbox 329 1784 354 1821; x_wconf 94' lang='lat' dir='ltr'><strong>v.</strong></span> <span class='ocrx_word' id='word_1_155' title='bbox 368 1784 392 1836; x_wconf 81' lang='lat' dir='ltr'><strong>g.</strong></span> <span class='ocrx_word' id='word_1_156' title='bbox 408 1769 432 1822; x_wconf 91' lang='lat' dir='ltr'><strong>si</strong></span> <span class='ocrx_word' id='word_1_157' title='bbox 441 1766 638 1836; x_wconf 88' lang='lat' dir='ltr'><strong>inculpabiliter</strong></span> <span class='ocrx_word' id='word_1_158' title='bbox 652 1773 757 1821; x_wconf 89' lang='lat' dir='ltr'><strong>erretur</strong></span> <span class='ocrx_word' id='word_1_159' title='bbox 770 1767 798 1821; x_wconf 92' lang='lat' dir='ltr'><strong>in</strong></span> <span class='ocrx_word' id='word_1_160' title='bbox 813 1768 961 1823; x_wconf 85' lang='lat' dir='ltr'><strong>absolutio-</strong></span> 
     </span>
     <span class='ocr_line' id='line_1_25' title="bbox 157 1838 962 1907; baseline 0.002 -15"><span class='ocrx_word' id='word_1_161' title='bbox 157 1854 207 1907; x_wconf 89' lang='lat' dir='ltr'><strong>ne;</strong></span> <span class='ocrx_word' id='word_1_162' title='bbox 234 1855 296 1893; x_wconf 89' lang='lat' dir='ltr'><strong>nam</strong></span> <span class='ocrx_word' id='word_1_163' title='bbox 314 1853 348 1892; x_wconf 87' lang='lat' dir='ltr'><strong>ex</strong></span> <span class='ocrx_word' id='word_1_164' title='bbox 365 1854 420 1892; x_wconf 87' lang='lat' dir='ltr'><strong>una</strong></span> <span class='ocrx_word' id='word_1_165' title='bbox 442 1846 520 1906; x_wconf 88' lang='lat' dir='ltr'><strong>parte</strong></span> <span class='ocrx_word' id='word_1_166' title='bbox 544 1839 667 1906; x_wconf 84' lang='lat' dir='ltr'><strong>superior</strong></span> <span class='ocrx_word' id='word_1_167' title='bbox 690 1838 804 1893; x_wconf 87' lang='lat' dir='ltr'><strong>intendit</strong></span> <span class='ocrx_word' id='word_1_168' title='bbox 818 1840 962 1894; x_wconf 77' lang='lat' dir='ltr'><strong>aemeliter</strong></span> 
     </span>
     <span class='ocr_line' id='line_1_26' title="bbox 158 1910 961 1979; baseline 0.001 -15"><span class='ocrx_word' id='word_1_169' title='bbox 158 1917 186 1964; x_wconf 90' lang='lat' dir='ltr'><strong>et</strong></span> <span class='ocrx_word' id='word_1_170' title='bbox 215 1911 336 1965; x_wconf 86' lang='lat' dir='ltr'><strong>absolute</strong></span> <span class='ocrx_word' id='word_1_171' title='bbox 364 1911 545 1979; x_wconf 87' lang='lat' dir='ltr'><strong>poenitentem</strong></span> <span class='ocrx_word' id='word_1_172' title='bbox 570 1910 685 1964; x_wconf 87' lang='lat' dir='ltr'><strong>liberare</strong></span> <span class='ocrx_word' id='word_1_173' title='bbox 712 1916 768 1964; x_wconf 89' lang='lat' dir='ltr'><strong>tam</strong></span> <span class='ocrx_word' id='word_1_174' title='bbox 793 1924 810 1962; x_wconf 86' lang='lat' dir='ltr'><strong>a</strong></span> <span class='ocrx_word' id='word_1_175' title='bbox 836 1915 961 1979; x_wconf 86' lang='lat' dir='ltr'><strong>peccato,</strong></span> 
     </span>
     <span class='ocr_line' id='line_1_27' title="bbox 158 1981 961 2049; baseline 0.002 -15"><span class='ocrx_word' id='word_1_176' title='bbox 158 1995 238 2048; x_wconf 85' lang='lat' dir='ltr'><strong>quam</strong></span> <span class='ocrx_word' id='word_1_177' title='bbox 257 1997 273 2034; x_wconf 88' lang='lat' dir='ltr'><strong>a</strong></span> <span class='ocrx_word' id='word_1_178' title='bbox 290 1982 487 2048; x_wconf 75' lang='lat' dir='ltr'><strong>reservatione,</strong></span> <span class='ocrx_word' id='word_1_179' title='bbox 507 1997 541 2034; x_wconf 84' lang='lat' dir='ltr'><strong>ex</strong></span> <span class='ocrx_word' id='word_1_180' title='bbox 559 1981 612 2034; x_wconf 84' lang='lat' dir='ltr'><strong>alia</strong></span> <span class='ocrx_word' id='word_1_181' title='bbox 625 1988 702 2049; x_wconf 88' lang='lat' dir='ltr'><strong>parte</strong></span> <span class='ocrx_word' id='word_1_182' title='bbox 714 1981 855 2049; x_wconf 88' lang='lat' dir='ltr'><strong>poenitens</strong></span> <span class='ocrx_word' id='word_1_183' title='bbox 870 1982 961 2037; x_wconf 87' lang='lat' dir='ltr'><strong>subie-</strong></span> 
     </span>
     <span class='ocr_line' id='line_1_28' title="bbox 158 2051 962 2120; baseline 0.004 -15"><span class='ocrx_word' id='word_1_184' title='bbox 158 2052 194 2106; x_wconf 90' lang='lat' dir='ltr'><strong>cit</strong></span> <span class='ocrx_word' id='word_1_185' title='bbox 208 2052 340 2120; x_wconf 88' lang='lat' dir='ltr'><strong>superiori</strong></span> <span class='ocrx_word' id='word_1_186' title='bbox 358 2060 497 2119; x_wconf 89' lang='lat' dir='ltr'><strong>peccatum</strong></span> <span class='ocrx_word' id='word_1_187' title='bbox 516 2060 543 2106; x_wconf 89' lang='lat' dir='ltr'><strong>et</strong></span> <span class='ocrx_word' id='word_1_188' title='bbox 557 2052 590 2106; x_wconf 86' lang='lat' dir='ltr'><strong>ab</strong></span> <span class='ocrx_word' id='word_1_189' title='bbox 606 2051 701 2106; x_wconf 90' lang='lat' dir='ltr'><strong>eodem</strong></span> <span class='ocrx_word' id='word_1_190' title='bbox 718 2053 914 2120; x_wconf 85' lang='lat' dir='ltr'><strong>poenitentiam</strong></span> <span class='ocrx_word' id='word_1_191' title='bbox 932 2061 962 2108; x_wconf 88' lang='lat' dir='ltr'><strong>et</strong></span> 
     </span>
    </p>
   </div>
   <div class='ocr_carea' id='block_1_4' title="bbox 158 2115 1062 2192">
    <p class='ocr_par' dir='ltr' id='par_1_5' title="bbox 158 2115 1062 2192">
     <span class='ocr_line' id='line_1_29' title="bbox 158 2115 1062 2192; baseline 0 -14"><span class='ocrx_word' id='word_1_192' title='bbox 158 2123 310 2178; x_wconf 87' lang='lat' dir='ltr'><strong>necessaria</strong></span> <span class='ocrx_word' id='word_1_193' title='bbox 334 2124 434 2178; x_wconf 85' lang='lat' dir='ltr'><strong>monita</strong></span> <span class='ocrx_word' id='word_1_194' title='bbox 457 2124 568 2192; x_wconf 90' lang='lat' dir='ltr'><strong>accepit.</strong></span> <span class='ocrx_word' id='word_1_195' title='bbox 615 2123 643 2176; x_wconf 90' lang='lat' dir='ltr'><strong>Si</strong></span> <span class='ocrx_word' id='word_1_196' title='bbox 668 2138 733 2177; x_wconf 90' lang='lat' dir='ltr'><strong>vero</strong></span> <span class='ocrx_word' id='word_1_197' title='bbox 760 2121 900 2178; x_wconf 79' lang='lat' dir='ltr'><strong>Confessio</strong></span> <span class='ocrx_word' id='word_1_198' title='bbox 925 2124 962 2179; x_wconf 92' lang='lat' dir='ltr'><strong>sit</strong></span> <span class='ocrx_word' id='word_1_199' title='bbox 1061 2115 1062 2130; x_wconf 58' lang='lat'>¹</span> 
     </span>
    </p>
   </div>
   <div class='ocr_carea' id='block_1_5' title="bbox 158 2192 962 2264">
    <p class='ocr_par' dir='ltr' id='par_1_6' title="bbox 158 2192 962 2264">
     <span class='ocr_line' id='line_1_30' title="bbox 158 2192 962 2264; baseline 0.002 -16"><span class='ocrx_word' id='word_1_200' title='bbox 158 2194 328 2261; x_wconf 78' lang='lat' dir='ltr'><strong>culpabiliter</strong></span> <span class='ocrx_word' id='word_1_201' title='bbox 344 2195 435 2261; x_wconf 70' lang='lat' dir='ltr'><strong>uuio,</strong></span> <span class='ocrx_word' id='word_1_202' title='bbox 454 2211 501 2249; x_wconf 81' lang='lat' dir='ltr'><strong>aru</strong></span> <span class='ocrx_word' id='word_1_203' title='bbox 517 2194 663 2264; x_wconf 77' lang='lat' dir='ltr'><strong>saortlepa,</strong></span> <span class='ocrx_word' id='word_1_204' title='bbox 690 2192 778 2248; x_wconf 87' lang='lat' dir='ltr'><strong>adbuc</strong></span> <span class='ocrx_word' id='word_1_205' title='bbox 795 2194 854 2248; x_wconf 91' lang='lat' dir='ltr'><strong>tolli</strong></span> <span class='ocrx_word' id='word_1_206' title='bbox 872 2209 962 2250; x_wconf 85' lang='lat' dir='ltr'><strong>reser-</strong></span> 
     </span>
    </p>
   </div>
   <div class='ocr_carea' id='block_1_6' title="bbox 158 2265 1062 2340">
    <p class='ocr_par' dir='ltr' id='par_1_7' title="bbox 158 2265 1062 2340">
     <span class='ocr_line' id='line_1_31' title="bbox 158 2265 1062 2340; baseline 0.003 -23"><span class='ocrx_word' id='word_1_207' title='bbox 158 2265 293 2319; x_wconf 91' lang='lat' dir='ltr'><strong>vationem</strong></span> <span class='ocrx_word' id='word_1_208' title='bbox 311 2267 474 2320; x_wconf 87' lang='lat' dir='ltr'><strong>communius</strong></span> <span class='ocrx_word' id='word_1_209' title='bbox 501 2274 529 2321; x_wconf 91' lang='lat' dir='ltr'><strong>et</strong></span> <span class='ocrx_word' id='word_1_210' title='bbox 546 2281 599 2319; x_wconf 94' lang='lat' dir='ltr'><strong>non</strong></span> <span class='ocrx_word' id='word_1_211' title='bbox 612 2265 824 2334; x_wconf 87' lang='lat' dir='ltr'><strong>improbabiliter</strong></span> <span class='ocrx_word' id='word_1_212' title='bbox 840 2265 903 2324; x_wconf 85' lang='lat' dir='ltr'><strong>DD.</strong></span> <span class='ocrx_word' id='word_1_213' title='bbox 922 2265 962 2320; x_wconf 87' lang='lat' dir='ltr'><strong>af·</strong></span> <span class='ocrx_word' id='word_1_214' title='bbox 1060 2325 1062 2340; x_wconf 52' lang='lat'><strong>,</strong></span> 
     </span>
    </p>
   </div>
   <div class='ocr_carea' id='block_1_7' title="bbox 157 2333 962 2902">
    <p class='ocr_par' dir='ltr' id='par_1_8' title="bbox 157 2333 962 2902">
     <span class='ocr_line' id='line_1_32' title="bbox 157 2333 962 2406; baseline 0.006 -18"><span class='ocrx_word' id='word_1_215' title='bbox 157 2333 278 2404; x_wconf 65' lang='lat' dir='ltr'><strong>firmana</strong></span> <span class='ocrx_word' id='word_1_216' title='bbox 305 2337 368 2404; x_wconf 87' lang='lat' dir='ltr'><strong>quia</strong></span> <span class='ocrx_word' id='word_1_217' title='bbox 386 2336 454 2392; x_wconf 79' lang='lat' dir='ltr'><strong>alim</strong></span> <span class='ocrx_word' id='word_1_218' title='bbox 472 2344 514 2391; x_wconf 90' lang='lat' dir='ltr'><strong>est</strong></span> <span class='ocrx_word' id='word_1_219' title='bbox 531 2336 591 2390; x_wconf 91' lang='lat' dir='ltr'><strong>finis</strong></span> <span class='ocrx_word' id='word_1_220' title='bbox 611 2336 800 2404; x_wconf 82' lang='lat' dir='ltr'><strong>Confessionis,</strong></span> <span class='ocrx_word' id='word_1_221' title='bbox 828 2337 855 2406; x_wconf 77' lang='lat' dir='ltr'><strong>(i.</strong></span> <span class='ocrx_word' id='word_1_222' title='bbox 875 2351 899 2392; x_wconf 89' lang='lat' dir='ltr'><strong>e.</strong></span> <span class='ocrx_word' id='word_1_223' title='bbox 917 2352 962 2393; x_wconf 89' lang='lat' dir='ltr'><strong>re·</strong></span> 
     </span>
     <span class='ocr_line' id='line_1_33' title="bbox 158 2406 961 2482; baseline 0.005 -22"><span class='ocrx_word' id='word_1_224' title='bbox 158 2407 227 2460; x_wconf 88' lang='lat' dir='ltr'><strong>mitti</strong></span> <span class='ocrx_word' id='word_1_225' title='bbox 239 2407 396 2475; x_wconf 83' lang='lat' dir='ltr'><strong>peccatum),</strong></span> <span class='ocrx_word' id='word_1_226' title='bbox 416 2414 444 2462; x_wconf 91' lang='lat' dir='ltr'><strong>et</strong></span> <span class='ocrx_word' id='word_1_227' title='bbox 457 2408 525 2461; x_wconf 87' lang='lat' dir='ltr'><strong>alius</strong></span> <span class='ocrx_word' id='word_1_228' title='bbox 538 2415 581 2463; x_wconf 86' lang='lat' dir='ltr'><strong>eet</strong></span> <span class='ocrx_word' id='word_1_229' title='bbox 593 2406 654 2463; x_wconf 87' lang='lat' dir='ltr'><strong>finis</strong></span> <span class='ocrx_word' id='word_1_230' title='bbox 667 2409 868 2482; x_wconf 80' lang='lat' dir='ltr'><strong>reservationis,</strong></span> <span class='ocrx_word' id='word_1_231' title='bbox 887 2409 915 2478; x_wconf 85' lang='lat' dir='ltr'><strong>(i.</strong></span> <span class='ocrx_word' id='word_1_232' title='bbox 936 2425 961 2464; x_wconf 88' lang='lat' dir='ltr'><strong>e.</strong></span> 
     </span>
     <span class='ocr_line' id='line_1_34' title="bbox 158 2477 962 2548; baseline 0.005 -16"><span class='ocrx_word' id='word_1_233' title='bbox 158 2477 262 2532; x_wconf 86' lang='lat' dir='ltr'><strong>subiicii</strong></span> <span class='ocrx_word' id='word_1_234' title='bbox 278 2486 418 2546; x_wconf 89' lang='lat' dir='ltr'><strong>peccatum</strong></span> <span class='ocrx_word' id='word_1_235' title='bbox 442 2480 575 2546; x_wconf 88' lang='lat' dir='ltr'><strong>superiori</strong></span> <span class='ocrx_word' id='word_1_236' title='bbox 595 2480 640 2533; x_wconf 90' lang='lat' dir='ltr'><strong>vel</strong></span> <span class='ocrx_word' id='word_1_237' title='bbox 665 2479 787 2548; x_wconf 81' lang='lat' dir='ltr'><strong>delegato</strong></span> <span class='ocrx_word' id='word_1_238' title='bbox 814 2479 849 2533; x_wconf 84' lang='lat' dir='ltr'><strong>ad</strong></span> <span class='ocrx_word' id='word_1_239' title='bbox 866 2481 962 2548; x_wconf 86' lang='lat' dir='ltr'><strong>poeni·</strong></span> 
     </span>
     <span class='ocr_line' id='line_1_35' title="bbox 158 2548 962 2618; baseline 0.006 -16"><span class='ocrx_word' id='word_1_240' title='bbox 158 2549 268 2602; x_wconf 90' lang='lat' dir='ltr'><strong>tentiam</strong></span> <span class='ocrx_word' id='word_1_241' title='bbox 287 2555 314 2603; x_wconf 90' lang='lat' dir='ltr'><strong>et</strong></span> <span class='ocrx_word' id='word_1_242' title='bbox 331 2548 557 2617; x_wconf 80' lang='lat' dir='ltr'><strong>redargutionem)</strong></span> <span class='ocrx_word' id='word_1_243' title='bbox 585 2551 646 2618; x_wconf 86' lang='lat' dir='ltr'><strong>qui,</strong></span> <span class='ocrx_word' id='word_1_244' title='bbox 673 2551 736 2605; x_wconf 89' lang='lat' dir='ltr'><strong>licet</strong></span> <span class='ocrx_word' id='word_1_245' title='bbox 759 2566 794 2605; x_wconf 86' lang='lat' dir='ltr'><strong>ex</strong></span> <span class='ocrx_word' id='word_1_246' title='bbox 820 2550 962 2606; x_wconf 88' lang='lat' dir='ltr'><strong>voluntate</strong></span> 
     </span>
     <span class='ocr_line' id='line_1_36' title="bbox 158 2619 961 2690; baseline 0.007 -19"><span class='ocrx_word' id='word_1_247' title='bbox 158 2619 361 2687; x_wconf 85' lang='lat' dir='ltr'><strong>interpretativa</strong></span> <span class='ocrx_word' id='word_1_248' title='bbox 375 2620 476 2674; x_wconf 89' lang='lat' dir='ltr'><strong>nollent</strong></span> <span class='ocrx_word' id='word_1_249' title='bbox 494 2620 600 2674; x_wconf 85' lang='lat' dir='ltr'><strong>auferre</strong></span> <span class='ocrx_word' id='word_1_250' title='bbox 619 2622 844 2690; x_wconf 81' lang='lat' dir='ltr'><strong>reservationem,</strong></span> <span class='ocrx_word' id='word_1_251' title='bbox 874 2622 898 2676; x_wconf 92' lang='lat' dir='ltr'><strong>si</strong></span> <span class='ocrx_word' id='word_1_252' title='bbox 917 2639 961 2677; x_wconf 88' lang='lat' dir='ltr'><strong>sa·</strong></span> 
     </span>
     <span class='ocr_line' id='line_1_37' title="bbox 159 2689 962 2760; baseline 0.009 -18"><span class='ocrx_word' id='word_1_253' title='bbox 159 2689 296 2758; x_wconf 81' lang='lat' dir='ltr'><strong>crilegium</strong></span> <span class='ocrx_word' id='word_1_254' title='bbox 314 2698 503 2760; x_wconf 80' lang='lat' dir='ltr'><strong>agnoscerent,</strong></span> <span class='ocrx_word' id='word_1_255' title='bbox 531 2698 621 2746; x_wconf 90' lang='lat' dir='ltr'><strong>tamen</strong></span> <span class='ocrx_word' id='word_1_256' title='bbox 646 2707 681 2746; x_wconf 88' lang='lat' dir='ltr'><strong>ex</strong></span> <span class='ocrx_word' id='word_1_257' title='bbox 703 2692 841 2747; x_wconf 87' lang='lat' dir='ltr'><strong>voluntate</strong></span> <span class='ocrx_word' id='word_1_258' title='bbox 861 2693 962 2748; x_wconf 83' lang='lat' dir='ltr'><strong>actuali</strong></span> 
     </span>
     <span class='ocr_line' id='line_1_38' title="bbox 158 2761 959 2833; baseline 0.005 -19"><span class='ocrx_word' id='word_1_259' title='bbox 158 2767 221 2814; x_wconf 90' lang='lat' dir='ltr'><strong>tunc</strong></span> <span class='ocrx_word' id='word_1_260' title='bbox 238 2762 292 2815; x_wconf 89' lang='lat' dir='ltr'><strong>iam</strong></span> <span class='ocrx_word' id='word_1_261' title='bbox 310 2761 434 2816; x_wconf 87' lang='lat' dir='ltr'><strong>auferunt</strong></span> <span class='ocrx_word' id='word_1_262' title='bbox 451 2763 670 2818; x_wconf 86' lang='lat' dir='ltr'><strong>reservationem.</strong></span> <span class='ocrx_word' id='word_1_263' title='bbox 708 2762 771 2832; x_wconf 83' lang='lat' dir='ltr'><strong>(Gir.</strong></span> <span class='ocrx_word' id='word_1_264' title='bbox 791 2763 820 2818; x_wconf 83' lang='lat' dir='ltr'><strong>S.</strong></span> <span class='ocrx_word' id='word_1_265' title='bbox 834 2763 896 2833; x_wconf 77' lang='lat' dir='ltr'><strong>Dip.</strong></span> <span class='ocrx_word' id='word_1_266' title='bbox 912 2765 959 2819; x_wconf 79' lang='lat' dir='ltr'><strong>leb.</strong></span> 
     </span>
     <span class='ocr_line' id='line_1_39' title="bbox 159 2833 958 2902; baseline 0.005 -17"><span class='ocrx_word' id='word_1_267' title='bbox 159 2833 184 2885; x_wconf 86' lang='grc'><strong>6.</strong></span> <span class='ocrx_word' id='word_1_268' title='bbox 202 2847 230 2888; x_wconf 82' lang='lat' dir='ltr'><strong>u.</strong></span> <span class='ocrx_word' id='word_1_269' title='bbox 248 2834 307 2886; x_wconf 85' lang='grc'><em>598.</em></span> <span class='ocrx_word' id='word_1_270' title='bbox 326 2849 372 2901; x_wconf 76' lang='lat' dir='ltr'><strong>pu.</strong></span> <span class='ocrx_word' id='word_1_271' title='bbox 388 2835 427 2899; x_wconf 79' lang='lat'><strong>4.)</strong></span> <span class='ocrx_word' id='word_1_272' title='bbox 460 2833 563 2902; x_wconf 85' lang='lat' dir='ltr'><strong>Excipe</strong></span> <span class='ocrx_word' id='word_1_273' title='bbox 584 2835 613 2889; x_wconf 90' lang='lat'><strong>1⁰</strong></span> <span class='ocrx_word' id='word_1_274' title='bbox 631 2835 654 2890; x_wconf 89' lang='lat' dir='ltr'><strong>si</strong></span> <span class='ocrx_word' id='word_1_275' title='bbox 671 2835 813 2902; x_wconf 87' lang='lat' dir='ltr'><strong>poenitens</strong></span> <span class='ocrx_word' id='word_1_276' title='bbox 832 2850 887 2890; x_wconf 92' lang='lat' dir='ltr'><strong>non</strong></span> <span class='ocrx_word' id='word_1_277' title='bbox 909 2835 958 2889; x_wconf 86' lang='lat' dir='ltr'><strong>ba·</strong></span> 
     </span>
    </p>
   </div>
   <div class='ocr_carea' id='block_1_8' title="bbox 0 0 1077 3242">
    <p class='ocr_par' dir='ltr' id='par_1_9' title="bbox 0 0 1077 3242">
     <span class='ocr_line' id='line_1_40' title="bbox 0 0 1077 3242; baseline 0 0"><span class='ocrx_word' id='word_1_278' title='bbox 0 0 1077 3242; x_wconf 95' lang='lat' dir='ltr'><strong> </strong></span> 
     </span>
    </p>
   </div>
  </div>
 </body>
</html>
