2130 3242
330 170 363 210 lle
377 171 519 212 wmto
532 173 647 222 nepum
848 171 892 215 stt

88 270 175 328 mou
191 285 246 326 uuo
265 277 293 326 et
311 271 406 328 eodem
423 279 555 344 temporo,
579 289 633 342 pso
648 273 681 329 fit
699 275 809 347 ablutio,
828 291 891 346 pro-

88 341 239 398 susumus
256 349 326 400 sunt.
335 343 353 413 ¹)

128 416 154 470 9.
172 413 288 469 Latinus
305 414 447 483 presbyter
463 415 548 470 lutino
565 414 652 470 forme
668 431 775 486 semper
791 425 892 477 utetm.

128 484 195 540 Gum
209 484 377 553 Baptismum
387 487 486 542 iterare
503 487 672 543 nullomodo
688 488 776 556 lioeet,
795 489 892 556 siquis

14 599 15 604 ,
90 555 142 612 sub
160 554 313 610 conditione
339 555 382 625 (de
401 573 454 625 quo
471 557 553 626 inire)
578 559 613 615 sit
630 557 830 628 baptizandus,
859 573 893 616 eo

90 626 211 686 obeditio
229 627 388 695 expliesudu
401 629 509 686 esthon
520 629 615 684 modo:
635 630 671 684 st·
684 645 740 684 non
753 636 792 684 est
805 631 894 699 bapti·

89 703 178 766 sotus,
198 713 245 768 epo
264 704 290 752 te
307 699 415 767 boptrbo
432 701 463 754 in
479 702 589 755 omnine
605 702 709 768 Palosis,
728 707 755 756 et
769 702 848 769 lille,
867 707 893 756 et

91 768 215 838 &pitines
231 771 328 824 sanet.
362 770 421 825 Ην,
438 777 528 826 tomen
546 772 717 828 conditionali
734 772 892 828 formation

89 841 192 908 possim
211 847 259 896 eut
275 841 373 896 leviter
389 843 429 896 uti
446 843 516 911 licet,
544 843 593 898 sed
611 844 765 913 prudenter,
791 852 820 899 et
837 844 892 914 ubi,

89 927 121 968 re
131 911 274 980 diligenter
282 913 471 982 pervestigste,
490 914 636 982 probabilis
649 915 892 985 subaemulatio,

88 982 221 1040 infantem
238 999 293 1037 non
309 983 392 1038 fuisse
410 985 582 1052 baptizatum.

127 1057 172 1110 10.
189 1053 344 1124 Baptismus
357 1055 420 1110 lieet
432 1055 492 1110 fieri
504 1057 592 1125 possit
609 1063 657 1111 eut
669 1072 719 1126 per
731 1055 892 1113 infusionem

91 1139 189 1193 equae,
208 1131 255 1180 eut
273 1141 323 1193 per
339 1127 544 1196 immersionem,
570 1134 616 1182 eut
633 1143 683 1196 per
701 1129 891 1197 aspersionem,
962 1149 964 1156 ’

15 1255 18 1258 ,
90 1197 195 1266 primus
215 1203 306 1252 umen
324 1198 368 1251 vel
386 1197 517 1254 seeundns
533 1198 639 1267 modus,
663 1201 710 1267 qui
727 1201 812 1268 megin
830 1207 894 1256 suot

90 1269 120 1322 in
138 1284 205 1336 usu,
231 1284 286 1335 pro
307 1268 479 1324 ecelesiarum
503 1269 696 1326 consuetudine
712 1272 892 1340 retinemtm3

92 1339 132 1394 ito
149 1346 181 1394 ut
198 1339 270 1393 tuine
288 1340 422 1394 ablutione
442 1346 522 1408 ceput
535 1341 690 1408 baptizandi
706 1341 892 1412 peritmdotur,

91 1410 137 1468 vel
149 1411 325 1478 immmgumr
336 1411 365 1464 in
384 1411 492 1466 modum
504 1412 589 1466 munis
609 1427 663 1466 uno
677 1419 705 1468 et
718 1412 813 1466 eodem
825 1420 892 1468 tem-

91 1496 246 1608 illitsql‘l
256 1482 538 1621 leblllllllltft
553 1488 581 1536 ‘t
597 1481 669 1592 “¹5¹³
687 1483 722 1537 ⁸i‘
735 1499 834 1550 Μ
846 1483 892 1538 ⁸⁶*

191 1593 199 1622 ,
540 1593 548 1606 .

130 1628 173 1680 ll.
194 1623 248 1678 Ubi
263 1639 328 1680 vero
343 1625 498 1693 Baptismus
516 1623 547 1678 fit
564 1638 614 1691 per
626 1622 785 1678 infusionem
799 1639 894 1694 equae,

93 1693 244 1750 serendum
263 1701 312 1764 est,
330 1711 364 1750 ne
383 1711 455 1764 uque
471 1711 506 1750 ex
518 1693 628 1749 insontis
640 1695 728 1763 capite
740 1693 894 1764 insontem,

94 1766 143 1822 sed
157 1765 203 1822 vel
216 1767 245 1820 in
258 1768 403 1822 seoretium
416 1767 567 1835 baptisterii
580 1781 670 1834 ,prope
686 1766 779 1834 ipsum
793 1765 895 1820 fontem

93 1843 260 1892 exstructum
274 1837 382 1907 defluat,
396 1845 443 1892 sut
454 1839 482 1892 in
496 1838 585 1905 sliquo
599 1853 672 1906 vase,
688 1836 722 1891 ed
734 1837 806 1891 buno
816 1853 895 1892 usum
912 1862 917 1866 ·

91 1915 201 1977 persto,
216 1915 334 1978 recepte,
353 1909 381 1964 in
392 1910 477 1978 ipsius
490 1909 641 1978 baptisterii
659 1908 704 1963 vel
723 1909 751 1962 in
765 1909 894 1964 eeclesiae

92 1979 240 2040 sueresium
258 1979 418 2037 offmdstm.

128 2051 174 2104 De
191 2052 316 2106 msbietro
333 2052 484 2120 Baptiemi:
497 2081 532 2092 -
559 2054 600 2106 12.
619 2050 769 2119 Legitimos
788 2049 895 2119 quidem
967 2091 969 2096 .

94 2120 227 2190 Beptismi
238 2122 365 2178 'minister
383 2129 425 2178 est
442 2123 592 2192 peroobus,
620 2123 664 2176 rel
682 2122 750 2176 elius
768 2121 895 2177 sacerdos

95 2207 112 2246 e
124 2194 253 2262 parocho,
267 2194 311 2247 vel
325 2194 358 2248 ab
373 2193 513 2248 Ordinatio
527 2194 581 2247 loci
594 2192 749 2262 delegetus;
766 2193 814 2248 sed
829 2208 894 2261 quo-

93 2263 145 2319 ties
163 2264 252 2318 iniens
277 2271 323 2319 eut
347 2263 453 2320 adultus
475 2271 600 2318 versetur
624 2266 653 2318 in
675 2263 747 2318 vitoe
765 2264 894 2334 periculo,

93 2341 185 2402 potest
215 2335 272 2390 sine
298 2335 464 2392 solemnitate
485 2351 500 2389 e
519 2349 685 2404 quocumque
708 2334 840 2403 baptizari
866 2335 895 2388 in

97 2406 217 2474 quelibet
234 2407 333 2478 lingue,
361 2407 417 2462 sive
436 2407 541 2476 clerico,
567 2407 624 2461 sive
642 2405 719 2473 laico,
743 2406 824 2461 etiem
849 2420 894 2458 ex·

95 2478 297 2548 communicato,
317 2479 373 2534 sive
386 2477 467 2547 fideli,
486 2479 543 2534 sive
556 2477 665 2547 infideli,
684 2479 741 2532 sive
754 2473 895 2542 catholico,

95 2549 152 2605 live
162 2549 312 2618 haeretico,
332 2551 469 2619 siverim,
489 2549 546 2606 sive
559 2547 667 2618 femine„
684 2556 791 2614 servata
804 2555 895 2602 tumen

94 2617 182 2678 forme
200 2627 228 2676 et
244 2621 391 2677 intentione
411 2621 549 2676 eeclesiae.

133 2693 176 2749 13.
205 2691 259 2746 Sed
281 2693 305 2750 si
328 2692 401 2751 edsit
423 2691 558 2759 sacerdos,
583 2689 695 2746 decom
719 2687 896 2758 praesertim,

94 2799 255 2817 m

109 2852 131 2902 ¹)
145 2852 190 2896 cn.
203 2852 224 2896 S.
238 2852 284 2902 leia.
295 2852 332 2897 llo.
347 2850 367 2896 6.
383 2855 442 2894 truci.
457 2852 474 2896 1.
489 2850 538 2890 deo.
552 2848 574 2892 R
588 2857 642 2887 Μ.
658 2847 678 2890 θ’.
