2146 3234
160 167 201 212 618
335 171 366 210 De
381 171 572 212 sacramentorum
587 169 784 212 administratione.

161 271 221 330 licit
238 274 310 328 atius
327 274 460 340 sacerdos,
485 274 527 328 uei
545 290 564 327 a
581 289 617 342 ee,
635 274 676 328 oet
694 274 728 328 ab
749 273 896 330 Ordinatio
915 274 957 330 de-

160 345 270 414 iepatue,
289 345 497 399 Matrimonium
517 345 695 400 cctemauerit.

287 482 323 528 13.
346 483 383 528 Do
396 482 579 529 benedicendis
593 483 693 538 nuptiis
707 483 836 530 iubileets.

344 558 522 607 (lix,‚1nnrucc.
537 558 642 607 pistoru.
657 559 775 610 uyscctcf‘)

200 625 315 696 Quando
334 629 458 697 coniuqee
475 629 635 696 nuptianun
648 628 778 686 solennia
787 634 852 697 post
864 630 964 698 uiqinti

162 697 293 766 quinique,
323 699 365 752 oei
389 701 586 768 quinquaqinta
612 715 699 754 annor
715 706 832 768 repetere
857 705 882 754 et
900 717 963 756 etun

160 771 313 838 oratiarum
326 769 430 824 aetiotie
444 771 575 826 celebrare
584 771 725 838 notuerint,
738 771 874 838 parochus
883 772 964 838 fucta

161 841 329 894 conuenienti
341 841 538 908 adhortatione,
557 843 683 911 eoniuqes
691 843 781 909 faciat
788 845 964 911 propositum

160 927 291 965 tottooare
309 912 491 979 permanendi
521 929 581 966 cum
602 929 674 982 pace
697 913 792 968 diuina
814 929 898 982 usque
925 915 966 969 acl

161 987 272 1035 noitein
284 983 315 1034 in
328 984 452 1037 societate
466 984 594 1038 connubii
599 1004 609 1052 ,-
620 985 728 1038 iunctas
742 984 805 1038 dein
818 986 965 1055 conionum

163 1067 261 1106 nanus
278 1052 348 1106 stola
366 1055 556 1108 circumcolunt
574 1055 705 1108 dicendo:

197 1123 353 1177 Benedictio
379 1125 432 1180 Dei
457 1127 645 1195 omnipotentis
663 1126 751 1181 Petris
770 1129 788 1192 †
807 1133 834 1181 et
852 1126 915 1181 Filii
937 1135 965 1183 et

161 1193 277 1262 Spiritus
295 1196 381 1249 suncti
399 1195 544 1252 descendet
562 1213 643 1266 super
660 1212 709 1252 vos
726 1205 753 1252 et
765 1205 873 1252 maneat
891 1213 963 1254 sem·

161 1279 211 1332 per
227 1265 373 1324 vobiscum.
403 1267 526 1322 Deinde:

161 1335 262 1459 in'ituit
298 1337 370 1392 Ecce
388 1339 426 1394 sic
444 1338 617 1394 benedicetur
635 1339 724 1408 homo,
746 1339 793 1407 qui
810 1341 887 1395 timet
905 1340 964 1397 Do·

189 1423 270 1461 mum.

198 1479 322 1534 Petimus
338 1483 394 1536 127.
421 1481 499 1536 Beeti
513 1496 613 1551 omnes,
632 1482 678 1550 qui
695 1481 790 1537 timent
808 1482 965 1553 Dominum,

161 1550 208 1618 qui
226 1550 362 1606 ambulent
379 1552 407 1605 in
424 1553 474 1608 viis
493 1553 559 1608 eius.

197 1621 318 1677 Labores
332 1638 457 1677 manuum
466 1631 573 1678 tuarum
587 1625 652 1692 quie
666 1624 848 1694 manducabis,
865 1623 965 1682 beccus

162 1707 201 1762 es,
221 1700 248 1748 et
266 1694 334 1748 bene
353 1695 402 1749 tibi
420 1696 479 1749 erit.

197 1763 273 1820 Uxor
290 1773 351 1835 tue,
379 1765 447 1821 sicut
464 1766 526 1822 vitis
548 1765 694 1834 abundans,
720 1765 748 1820 iu
766 1765 896 1822 luteribus
915 1765 965 1823 do·

161 1852 221 1890 mus
238 1843 310 1890 tuae.

197 1906 259 1960 Filii
276 1907 317 1962 tui
334 1907 403 1963 sicut
419 1907 542 1963 novellae
562 1908 692 1963 olivarum
709 1908 737 1963 in
756 1908 867 1964 circuitu
886 1925 961 1964 men·

162 1992 208 2033 sae
226 1984 298 2032 tuce.

159 2061 160 2075 ¹
196 2047 277 2117 Ecce,
296 2048 334 2103 sic
352 2049 527 2105 benedicetur
546 2050 635 2119 homo,
655 2051 701 2118 qui
718 2051 795 2105 timet
806 2050 961 2106 Dominum.
1056 2059 1057 2096 f

196 2119 343 2175 Benedicat
361 2121 411 2176 tibi
428 2122 557 2176 Dominus
577 2137 610 2176 ex
629 2121 708 2190 Sion3
731 2129 759 2176 ct
777 2121 870 2176 videns
889 2121 963 2178 bone

160 2190 324 2260 Jerusalem,
352 2193 473 2247 omnibus
496 2191 590 2247 diebus
613 2193 685 2248 vitae
708 2200 783 2261 tuce,
812 2200 840 2247 et
864 2192 960 2250 videas

160 2259 229 2316 filios
246 2259 494 2333 tiliorum-tuorum,
513 2279 607 2332 pacem
626 2279 708 2332 super
725 2262 819 2318 Israel.

196 2331 288 2387 Gloria
302 2334 378 2388 Petri
397 2337 424 2390 'et
441 2335 511 2389 Filio
531 2342 558 2389 et
577 2335 687 2404 Spiritui
706 2343 806 2404 sancto,

197 2403 271 2458 Sicut
289 2410 347 2458 eret
364 2406 392 2459 in
408 2407 539 2474 principio
564 2413 591 2460 et
614 2422 684 2461 nunc
710 2413 738 2461 et
756 2420 861 2474 semper
886 2406 962 2460 etin

160 2474 268 2529 saeculo
286 2476 461 2534 saeculorum.
497 2483 592 2530 Amen,
698 2475 709 2498 ⁹

189 2545 261 2627 Μ.
288 2547 360 2601 Ecce
378 2548 416 2602 sic
434 2548 606 2603 benedicetur
623 2548 721 2616 homo,
747 2547 792 2616 qui
809 2547 886 2602 timet
903 2545 960 2602 Do·

160 2631 267 2671 minum.

200 2687 231 2744 V.
249 2688 371 2756 Domine,
391 2687 489 2742 excudi
508 2690 656 2744 orationem
673 2704 768 2757 meam,
787 2696 837 2744 etc.

200 2758 230 2812 V.
248 2759 378 2813 Dominus
396 2759 541 2830 vobiscum,
561 2768 612 2816 etc.

198 2827 316 2884 Demus.
356 2828 529 2899 Omnipotens
554 2832 714 2900 sempiterne
730 2827 824 2905 Deus,
853 2829 960 2898 respice
