2146 3234
185 140 226 201 0⁰¹8
361 158 394 198 De
407 159 598 200 decrementorum
615 158 810 202 administratione.

222 259 318 328 Quoad
335 266 459 318 naturam
476 273 541 314 vero
559 257 740 326 impedimenti
762 256 835 312 ratio
860 258 989 314 habenda

185 338 239 387 est:
259 331 284 401 a)
303 336 392 386 utrum
410 345 444 385 er
462 330 560 385 delicto
579 330 668 398 aliquo
687 329 840 398 descendat,
861 346 888 385 v.
906 347 933 399 g.
953 345 985 386 er

185 402 282 472 copula
298 402 399 471 illicita,
417 416 451 456 ex
469 400 657 470 impedimento
682 401 798 455 criminis
823 399 868 454 vel
894 402 986 470 culpa·

184 473 232 528 bili
248 473 389 528 reticentia
400 473 429 527 in
442 472 641 540 dispensatione
659 471 776 540 obtenta,
795 487 830 525 an
848 486 885 526 ex
903 489 988 527 eausa

185 544 304 612 aloquin
321 558 375 598 non
387 543 545 610 inhonesta3
563 543 593 610 b)
610 550 699 598 utrum
712 543 748 597 sit
764 541 986 610 impedimentum

186 616 318 671 decidium
336 613 451 683 quidem,
469 613 518 670 sed
531 615 559 668 iu
570 613 629 669 foro
644 622 755 670 externo
768 612 862 669 forsan
876 614 986 670 demon·

178 686 304 756 ¹strobile,
322 703 348 740 v.
368 702 394 754 g.
412 685 628 754 impedimentum
642 685 881 753 consanguinitatis
900 693 931 741 et
949 685 985 742 al·

184 757 310 826 finitatis3
335 772 370 810 au
393 756 611 825 impedimentum
635 756 670 812 sit
693 756 773 825 plane
798 756 936 812 occultum
959 758 985 812 iu

185 844 268 885 sensu
293 827 428 897 canonico,
453 828 493 882 ita
514 834 547 883 ut·
572 843 606 883 ox
623 833 720 882 nature
746 842 796 882 sua
813 827 841 882 in
859 826 922 884 foro
942 843 986 884 ex·

185 907 263 956 terno
280 898 391 968 probari
407 906 531 966 nequeat.

221 971 302 1026 Hisce
327 969 527 1025 consideranter
549 975 576 1024 et
601 976 725 1024 accurate
747 970 908 1040 perspectis,
936 987 986 1040 pro

185 1042 264 1110 praxi
281 1047 424 1108 sequentes
441 1041 549 1110 regulas
567 1041 811 1096 subministramus:

223 1115 264 1166 la
272 1111 384 1179 Quando
394 1113 490 1167 eonium
500 1119 613 1180 uterque
620 1110 653 1165 de
660 1111 849 1180 impedimento
858 1127 985 1180 quocum·

186 1197 239 1250 que
249 1182 389 1238 dirimente
401 1190 429 1238 et
437 1183 559 1238 nullitate
573 1183 615 1240 sui
623 1182 787 1237 Matrimonii
799 1183 926 1238 uotiuum
939 1184 984 1239 ha·

185 1254 257 1320 beat,
277 1258 304 1308 et
322 1255 457 1322 separatio
475 1255 533 1310 siue
551 1252 677 1310 scandalo
699 1253 759 1308 fieri
776 1261 903 1322 nequeat,
923 1263 984 1310 aute

186 1325 275 1380 omnia
293 1324 418 1394 coniuges
428 1325 553 1380 monendi
570 1333 640 1394 eunt,
659 1332 690 1379 ut
708 1325 741 1378 ab
759 1341 811 1379 usu
819 1324 985 1381 Matrimonii

185 1410 246 1452 sese
260 1397 367 1451 omnino
382 1397 541 1466 abstineant,
558 1411 593 1451 ne
606 1394 789 1451 lomiieationir
802 1403 911 1450 reatum
925 1413 984 1460 cun·

185 1467 301 1534 traham,
329 1467 414 1522 donec
433 1467 596 1535 dispensatio
615 1468 726 1522 obtenta
741 1467 829 1534 nsque
847 1468 986 1536 impertite

185 1537 274 1594 luerit.
292 1538 465 1607 Dispensatio
484 1545 581 1607 autem,
599 1538 628 1592 iu
642 1553 706 1593 casu
719 1539 824 1598 occulto
838 1553 857 1593 a
869 1538 897 1593 S.
918 1540 983 1594 Poe

185 1609 339 1665 nitentiaria
356 1610 400 1665 vel
414 1610 448 1664 ab
457 1609 594 1678 Episcopo
608 1609 726 1679 obtenta,
744 1609 817 1678 parti
834 1610 984 1678 poenitenti

187 1680 293 1736 infore
312 1680 499 1749 conscientiae,
525 1680 617 1735 audita
639 1679 814 1735 Confessione
838 1681 985 1750 elargiatur

186 1767 246 1808 cum
263 1750 398 1820 mandato,
415 1758 446 1806 ut
464 1758 567 1807 secrete
586 1757 717 1806 renovent
735 1767 903 1807 eonsensum.

222 1826 264 1877 2a.
284 1822 313 1877 Si
330 1838 386 1877 una
401 1829 504 1876 tantum
521 1838 586 1891 pars
603 1821 786 1890 impedimenti
804 1838 836 1878 ae
854 1822 983 1878 nullitatia

184 1892 349 1948 Matrimonii
361 1894 482 1949 nonnam
494 1894 601 1962 habeat,
614 1892 833 1961 impedimentum
847 1909 914 1949 vero
928 1893 985 1948 nul·

185 1962 291 2019 latenus
318 1981 377 2018 cum
402 1963 498 2020 delicto
524 1971 552 2020 et
575 1963 685 2019 infamia
708 1963 789 2019 fuerit
807 1966 984 2033 coniunctum,

185 2035 313 2102 coniuges
330 2035 440 2104 iusuper
457 2034 567 2104 pacifice
585 2035 747 2104 cohabitent,
770 2035 810 2090 ite
833 2042 864 2091 ut
881 2037 985 2105 perieu-

185 2103 241 2158 lum
258 2105 333 2172 pacis
350 2106 421 2161 inter
438 2107 548 2162 maritos
562 2105 760 2174 perturbandae
774 2122 829 2162 nou
842 2107 879 2162 eit
892 2108 986 2162 dmen-

186 2173 257 2244 dum,
276 2176 417 2243 poenitens
434 2185 582 2246 monacum,
600 2184 631 2232 ut
650 2178 792 2232 certiorem
804 2177 903 2233 reddat
921 2177 986 2232 alte

185 2260 245 2300 rum
262 2246 402 2315 coniugem
416 2247 450 2303 de
464 2249 584 2303 mdlitate
598 2248 770 2317 Matrimonii,
789 2265 850 2304 cum
859 2247 986 2304 mandato

185 2330 247 2370 sese
266 2316 416 2372 abstinendi
435 2319 469 2374 ab
488 2319 607 2374 eiusdem
625 2335 684 2387 usu,
708 2318 794 2374 donec
818 2320 932 2376 obtenta
948 2319 986 2373 di·

184 2389 357 2455 speusatioue
376 2405 534 2445 consensum
552 2391 749 2445 renovaverint.

222 2459 264 2515 da
277 2458 304 2513 N
305 2475 475 2528 ennumquam
485 2461 588 2531 accidit7
602 2467 633 2516 ut
640 2460 821 2518 confessarius
830 2475 865 2516 ex
875 2461 986 2516 nnun-

186 2529 286 2583 etautia
303 2530 393 2597 aliqua
417 2532 446 2585 iu
472 2532 646 2588 confessione
671 2532 761 2601 allata,
784 2532 987 2588 Matrimonium

186 2596 333 2680 invalidum
346 2616 407 2656 esse
418 2601 560 2672 intelligat,
579 2604 643 2672 quin
656 2604 797 2672 poenitens
811 2604 846 2659 ob
860 2604 986 2672 ignoran-

185 2673 252 2722 tiam
269 2670 336 2726 iuris
357 2668 387 2724 id
403 2672 509 2728 resciat.
540 2674 569 2728 Si
585 2674 803 2742 impedimentum
822 2675 935 2730 obstans
953 2689 989 2729 ex

187 2744 285 2819 natura
302 2740 398 2822 suain
415 2740 474 2797 loro
493 2750 604 2800 externo
618 2745 728 2814 probari
737 2745 811 2800 nullo
829 2746 911 2801 modo
924 2760 988 2814 pos·

186 2813 229 2876 ut,
249 2813 278 2862 et
296 2809 373 2863 alteri
396 2813 469 2878 parti
495 2815 610 2870 revelari
635 2822 725 2886 quent,
750 2817 816 2884 quun
842 2817 869 2871 in
889 2815 990 2886 delicti,
