2108 3226
160 162 187 204 66
325 164 434 206 Materiae
447 164 602 204 nonnullorum
615 163 791 204 meditationum.

161 267 307 324 defendunt
320 267 483 335 apericulis,
502 273 596 320 curem
607 281 641 320 ue
655 265 774 332 offendat
787 265 825 320 ad
838 265 960 334 apicem

156 339 254 408 pedem
273 355 358 407 suum,
376 337 404 391 id
423 344 472 406 est,
496 354 530 392 ne
543 337 837 405 inpeccataimpingat.
868 335 897 392 si
910 338 961 392 im·

161 410 274 480 pegerit,
292 417 419 476 tanquam
437 409 514 462 amici
531 415 647 476 monent,
672 413 798 476 aequant,
817 409 963 476 increpant

161 483 192 535 iu
210 482 284 534 omui
296 482 449 549 patientia·
467 479 571 548 docent,
590 493 660 546 quae
672 479 825 532 necessarie
843 487 906 534 sunt
925 480 962 535 ad

162 553 289 622 salutem
307 559 416 620 praesto
430 559 492 606 sunt
504 550 635 617 morienti,
649 557 698 604 etc.
726 550 770 604 Ex
783 551 864 604 tentis
876 551 960 606 bene-

161 623 228 678 ficiis
247 640 327 691 quem
345 623 428 676 multa
446 623 586 691 accepisti!
618 621 670 676 Ubi
689 622 758 688 greti
772 620 851 674 enimi
869 638 961 678 recor·

162 695 256 750 detio?
289 695 384 748 Nonne
402 693 489 748 fecisti
502 694 609 761 saepius
622 693 716 746 rebelli
729 692 824 746 mentis
838 694 961 760 pervice-

162 767 217 834 cia,
243 765 331 820 cordis
354 765 449 818 duritie
474 766 676 832 erroribusque,
703 769 734 816 ut
758 763 858 832 Aiipeli
876 765 960 833 pacis

163 853 256 892 amare
271 834 412 903 fleverint?
442 835 596 904 Ingemiscc,
616 835 753 901 quiareus
768 849 805 888 cs.
837 834 963 892 Observa

162 908 288 975 deinceps
306 906 444 961 custodem
456 907 595 974 Angelum,
615 905 679 960 audi
690 920 783 960 vocem
799 905 864 960 eius.
897 905 935 962 Or

161 987 192 1034 ut
210 979 311 1032 calculo
329 978 412 1046 ignito
431 984 524 1044 tangat
542 977 614 1031 labie
631 985 686 1046 tue,
714 977 827 1030 maxime
847 994 908 1030 cum
927 923 964 1034 ed

162 1065 265 1106 sacram
284 1049 404 1117 synaxim
418 1047 545 1116 accedes3
565 1054 589 1102 et
605 1049 743 1114 auferetur
756 1049 889 1115 iniquitas
904 1054 962 1104 tua.

162 1119 216 1174 Sed
230 1135 288 1188 ege,
308 1120 374 1187 quid
387 1119 516 1172 retribues
529 1136 584 1188 pro
598 1120 727 1185 erunibus,
748 1135 816 1187 quae
834 1121 964 1178 retribuit

161 1189 232 1246 tibi?
266 1190 454 1244 Reverentiem
469 1206 519 1259 pro
533 1191 687 1258 praesentia
701 1191 796 1257 (inquit
810 1187 837 1243 S.
852 1191 963 1261 Bern.);
1046 1195 1047 1210 ³

162 1261 331 1319 devotionem
353 1277 403 1330 pro
427 1262 629 1329 benevolentia3
658 1259 781 1314 fiduciam
799 1277 849 1328 pro
872 1269 963 1318 custo·

162 1332 214 1386 die.
242 1333 345 1402 Angele
364 1340 455 1387 sancte
473 1333 517 1400 mi,
537 1333 559 1387 si
578 1332 725 1399 meipsum
742 1331 847 1385 tradam
865 1333 916 1387 tibi
934 1334 964 1390 iu

162 1419 276 1472 servum,
295 1403 413 1458 nondum
430 1419 477 1459 ero
496 1402 592 1472 dignus
610 1402 779 1471 providentie
797 1409 852 1457 tua

194 1529 242 1582 66.
261 1529 440 1581 Meditetio:
459 1527 516 1581 Pro
532 1527 600 1594 festo
619 1527 738 1580 omnum
756 1525 929 1597 Sanctorum,

311 1605 336 1653 et
350 1615 403 1668 pro
422 1599 536 1669 stupuiis
551 1599 628 1666 festu
646 1598 815 1655 Sanctorum.

199 1686 345 1744 Considera
362 1688 384 1742 Ι.
403 1695 540 1742 aeternam
558 1687 721 1756 electionem,
748 1693 774 1740 et
792 1687 864 1741 illius
885 1702 964 1744 exse·
1048 1685 1049 1690 ’

163 1759 285 1825 quendae
298 1760 438 1828 rationem,
452 1759 485 1814 de
500 1775 553 1826 qua
564 1758 710 1826 Apostolus
725 1757 811 1828 (Rom.
821 1757 856 1828 8.)
869 1777 875 1811 :
889 1759 965 1829 Quae

157 1830 386 1898 praedestinavit,
411 1831 459 1884 boe
477 1836 502 1884 et
519 1831 630 1896 occavit,
650 1834 674 1882 ct
693 1845 759 1896 quos
775 1831 897 1898 vocavit,
915 1831 966 1886 bas

163 1906 188 1954 ct
206 1901 378 1969 iustificat-d,-
397 1917 463 1969 quos
481 1906 570 1954 autem
587 1900 751 1968 iustificata,
764 1900 824 1955 iilos
838 1906 863 1954 et
880 1899 964 1970 plori-

161 1971 261 2038 ficaoit.
297 1971 387 2024 Prima
400 1972 481 2040 igitur
499 1979 540 2025 est
554 1971 644 2026 electio
657 1971 774 2040 gratuite
788 1977 850 2024 aute
864 1973 965 2028 muudi

162 2043 389 2109 eouetitutiouem,
418 2050 448 2096 ut
473 2050 563 2096 essent
585 2043 673 2096 saucii
697 2048 722 2096 et
744 2043 914 2096 immaculati
931 2045 963 2098 iu

162 2119 304 2181 conspectu
321 2113 383 2180 Dei,
406 2113 481 2168 utin
500 2114 538 2167 eis
558 2113 711 2168 ostenderet
730 2113 836 2168 divitias
856 2113 962 2182 gloriae

163 2199 236 2239 suae.
273 2185 343 2238 Nam
361 2201 420 2237 cum
438 2183 466 2237 id
485 2185 614 2251 omnibus,
634 2185 679 2252 qui
698 2185 842 2253 salventur,
862 2201 962 2240 eonve-

162 2255 233 2325 niat‚
257 2255 402 2323 praecipue
421 2255 488 2324 illie,
517 2271 584 2323 quos
605 2255 681 2310 Deus
707 2254 847 2310 mirificare
876 2257 965 2312 voluit
1047 2305 1049 2318 ,

163 2327 243 2380 etiem
268 2325 407 2382 interris.
445 2326 568 2382 Secunde
591 2334 633 2382 est
649 2329 768 2396 occatio,
797 2341 866 2393 quae
885 2327 965 2382 varie
1048 2369 1049 2384 ι

163 2397 266 2451 exstitit
283 2398 311 2450 in
330 2397 442 2452 diversis
462 2398 573 2467 Sanctis,
603 2405 631 2452 et
648 2397 742 2452 hebuit
759 2413 866 2464 semper
885 2397 964 2466 quid·

162 2469 235 2536 piem
254 2469 388 2537 singulare
414 2485 444 2523 ee
469 2469 622 2538 proprium;
651 2468 723 2536 quod
747 2469 775 2522 in
799 2485 966 2538 unoquoque

163 2540 214 2594 erit
233 2539 436 2596 observandum.
455 2539 548 2594 Tertia
566 2547 607 2594 est
625 2539 788 2609 iustificatio,
807 2539 854 2595 ubi
878 2541 966 2598 consi-

163 2610 282 2665 deranda
306 2619 368 2666 sunt
395 2611 521 2680 specialia
546 2611 674 2677 cuiusque
702 2610 773 2664 done
797 2618 825 2666 et
848 2612 968 2682 insignia

163 2683 320 2738 emetitatis.
357 2681 485 2751 Agendae
508 2698 589 2752 pone
615 2688 693 2736 erunt
711 2681 770 2736 Deo
790 2683 894 2750 gratim
913 2700 966 2754 pro
1048 2691 1049 2696 ’

163 2751 240 2808 donis
257 2755 286 2809 in
304 2769 350 2810 eos
369 2754 481 2822 collatis,
507 2751 746 2822 gratulantiumque
773 2753 890 2824 ipsimet,
918 2771 968 2812 no·

162 2824 204 2880 bis
222 2833 312 2882 eutem
330 2842 364 2882 ex
382 2825 529 2880 imitatione
543 2824 644 2880 fructus
658 2823 832 2896 colligendus.
860 2825 968 2894 auerte
