2138 3226
165 175 203 218 lid
349 177 428 218 Procae
442 178 494 216 anto
507 178 594 226 etpost
609 177 773 222 contessionem,

164 295 246 335 causa
262 278 341 333 nimis
358 277 512 346 frequenter
530 278 622 349 abes¹)
648 279 810 348 aparochia
827 295 888 334 cunr
898 280 964 336 ‘ani-

163 367 267 406 marum
285 349 390 419 damno,
409 355 456 404 aut
473 350 569 404 saltem
586 349 726 418 periculo?

199 421 245 476 IV.
265 419 744 489 otrcaottampraaatam:1.ntdes:
762 422 960 491 cogitationes?

164 493 317 559 colloquia?
332 492 481 547 lectiones?
493 491 631 562 (quasnam
640 492 825 561 ephemerides
838 493 961 550 lectitare

105 567 108 574 '
164 565 265 634 soles?)
284 563 420 618 studium?
457 567 483 619 2.
506 563 676 618 Obedieatic:
694 566 893 632 repugnantia?
914 566 963 620 cb-

163 635 358 690 murmuratio?
384 635 493 689 violatio
523 635 614 689 ieiunii
638 635 682 689 vel
701 636 900 691 abstinentiae?
934 640 961 694 3.

53 728 58 740 ·
165 706 299 762 moos.-
317 705 488 774 cogitando?
517 722 572 760 non
596 707 750 774 repellendo
775 707 962 763 tentationes?

164 775 364 833 desiderando?
392 777 600 845 interrogando?
634 778 789 846 loquendo?
822 778 961 834 videndo?

164 848 319 918 tangendo?
339 851 364 902 4.
377 849 620 916 Temperantiosin
635 848 717 904 cibo?
734 850 821 918 potu?
846 851 961 905 somno?

131 949 138 961 ·
163 919 244 975 lusu?
262 919 428 974 relaxatione
447 919 548 973 animi?
568 949 601 958 —
622 936 656 974 an
675 920 792 976 admissa
808 922 868 976 ira?
886 937 962 976 scur-

163 990 268 1045 rilitas?
294 990 411 1045 levitas?
448 992 473 1044 d.
508 989 632 1045 Caritas:
658 991 778 1046 invidia?
806 991 960 1049 detractio?

164 1061 331 1116 calumniae?
350 1061 435 1116 verba
443 1061 531 1115 dura?
551 1062 755 1133 eleemosynae?
775 1065 800 1117 6.
818 1063 960 1118 Modestia

163 1132 309 1188 obruatis:
332 1133 360 1186 in
378 1132 499 1186 custodia
517 1135 662 1187 sensuum?
680 1135 709 1188 in
734 1135 960 1190 conversatione?

163 1203 281 1258 vestitu?
299 1205 430 1259 tonsura?
449 1204 628 1272 supellectili?

177 1321 179 1326 .
199 1274 320 1342 Pactam,
337 1275 460 1344 Domine,
483 1283 622 1344 peccatum
638 1275 747 1345 grande,
771 1282 798 1331 et
815 1275 961 1331 multorum

163 1345 228 1399 mihi
246 1347 367 1401 conscius
385 1362 445 1402 sum
462 1345 634 1416 delictorum
654 1347 702 1403 sed
719 1361 769 1402 nec
787 1347 825 1402 sic
835 1345 959 1418 despero,

164 1417 289 1485 quoniam
298 1417 344 1471 ubi
357 1417 559 1474 abundaverunt
571 1418 675 1487 delicta,
689 1417 918 1486 superabundavit
932 1427 961 1474 et

163 1488 259 1556 gratia
292 1487 343 1554 Qui
361 1489 394 1542 de
412 1489 491 1542 venia
508 1497 678 1557 peccatorum
697 1505 805 1544 suorum
823 1488 958 1560 desporat,

163 1566 252 1630 negat,
265 1566 293 1614 te
306 1561 394 1614 Deum
404 1575 463 1615 esse
473 1560 677 1616 misericordem.
697 1561 822 1629 Magnam
835 1561 960 1616 iniuriam

163 1631 213 1686 tibi
229 1630 301 1699 iacit,
320 1633 366 1698 qui
384 1631 417 1686 de
435 1639 482 1686 tua
500 1632 681 1686 misericordia
699 1631 801 1690 diffidit
819 1631 883 1686 Non
896 1648 959 1702 poa·

164 1718 223 1757 sum
247 1703 344 1756 terreri
368 1702 536 1758 multitudine
563 1711 741 1772 peccatorum,
766 1703 790 1758 si
813 1719 886 1758 mors
904 1710 962 1774 tua,

163 1773 278 1828 Domine
303 1775 377 1843 Jesu‚
403 1775 432 1828 in
457 1782 573 1830 mentem
599 1775 663 1828 mihi
688 1774 799 1828 venerit.
838 1774 914 1828 Clavi
933 1782 961 1831 et

163 1843 257 1898 lancea
275 1843 391 1899 clamant
411 1845 484 1913 mihi,
510 1846 581 1913 quod
607 1846 657 1899 tibi
682 1845 868 1901 reconciliatus
893 1861 962 1903 sum.

163 1915 302 1984 Longinus
321 1917 426 1984 aperuit
444 1917 508 1970 milri
524 1918 687 1986 latustuum,
708 1923 735 1970 et
754 1931 804 1984 ego
822 1917 922 1971 intravi
935 1923 964 1972 et

163 1986 201 2040 ibi
217 1987 357 2053 requiesco
380 2002 505 2057 securus;
533 1987 633 2042 nullum
658 1994 714 2043 tam
738 1996 835 2056 potans
863 1989 962 2044 amoris

164 2071 229 2126 erga
246 2064 273 2112 te
292 2059 491 2113 incitamentum
510 2067 558 2128 est,
578 2075 657 2128 quam
674 2076 746 2114 mors
764 2067 818 2128 tua,
836 2059 960 2128 miJesu,

163 2141 218 2196 qua
243 2143 286 2182 me
312 2129 457 2186 redemisti.
493 2131 607 2185 inclinas
626 2137 706 2198 caput
723 2137 798 2184 tuum
815 2130 844 2183 in
861 2136 959 2200 morte,

163 2204 193 2254 ut
211 2199 330 2255 osculum
347 2201 420 2270 mihi,
437 2203 558 2268 quamvis
576 2202 720 2271 peccatori,
745 2201 807 2268 des;
837 2200 961 2256 extendis

162 2269 274 2324 brachia
281 2279 330 2326 tua
339 2272 367 2326 in
388 2288 466 2328 cruce
481 2281 508 2328 ot
517 2272 646 2342 expandis
658 2287 752 2327 manus
765 2279 835 2341 tuas,
848 2278 962 2340 paratus

162 2340 191 2395 in
209 2342 348 2410 amplexus
366 2359 448 2399 meos.
467 2345 541 2400 Inter
553 2344 662 2399 brachia
671 2350 719 2398 tua
737 2349 765 2396 et
782 2343 874 2397 vivere
887 2343 962 2415 volo,

164 2418 192 2466 et
209 2413 277 2467 mori
295 2416 381 2483 cupio.
418 2417 512 2471 Amen.
550 2415 590 2484 (S.
609 2415 799 2485 Ammaous.)

182 2593 202 2648 ¹)
217 2597 339 2638 Paroohnm
357 2611 402 2639 non
422 2611 486 2650 posse
504 2601 582 2640 abesse
601 2611 640 2650 por
659 2599 818 2640 hebdomadam
832 2609 875 2639 non
889 2599 962 2649 petita

216 2663 252 2702 vol
265 2673 309 2703 non
322 2666 413 2706 obtenta
426 2667 522 2715 licentia,
547 2666 615 2706 etlam
634 2665 709 2704 rolloto
728 2664 816 2703 Vlcarlo
833 2663 911 2703 ldonso
933 2663 962 2703 ab

217 2730 332 2771 Ordlnarlo
345 2732 476 2782 approbato,
490 2733 609 2773 doclaravlt
622 2731 642 2773 8.
657 2731 677 2773 d.
693 2731 714 2771 0.
730 2729 748 2773 7.
758 2730 826 2769 ouon.
843 2729 903 2772 1604.
918 2730 964 2773 Ost.

216 2796 273 2837 liber
285 2807 360 2838 mous:
382 2801 490 2840 Lectione·
508 2800 642 2851 quotidiam
660 2798 686 2836 da
699 2799 753 2846 aaa,
772 2797 876 2836 tanam
894 2800 913 2836 et
927 2797 963 2847 os·

212 2865 272 2914 ficita
285 2867 412 2906 modelam
426 2869 466 2910 eto.
480 2875 531 2916 pag.
545 2860 660 2907 dil-8⁰⁰.
681 2861 825 2915 (reustum
839 2857 911 2914 1870.)
987 2881 994 2906 ,
