2152 3234
281 189 314 228 De
328 189 470 230 strumento
485 191 595 230 extremos
607 191 730 231 Unuttonts.
865 189 906 234 515

108 287 222 358 dulgeut
238 289 287 344 tibi
304 287 444 362 Dominus,
464 291 593 360 quidquid
609 307 659 361 per
672 293 821 370 lumlrorum
839 293 910 352 dele-

109 362 256 416 utationem
275 359 417 429 deliquisti.
453 363 548 416 Amen.

148 436 191 486 11.
210 432 289 486 Haeo
307 439 397 487 autem
409 436 501 488 unctio
519 434 557 488 ud
570 434 680 502 lumbos,
697 440 729 488 ut
744 435 846 489 dmum
863 442 910 505 ast,

107 504 245 558 omittitur
262 517 365 572 semper
382 505 545 574 inseruistis,
573 511 598 559 et
615 507 696 568 etium
712 507 744 559 in
761 507 835 575 uiris,
862 509 911 575 qui

7 575 9 578 ’
107 575 141 628 ob
160 574 345 640 iofimroa'tatem
361 577 423 646 os'oe,
453 581 502 630 aut
519 579 577 631 siue
589 577 713 646 periculo
736 579 839 631 moveri
854 593 910 632 ooo

126 650 229 699 assunt.

102 661 125 714 p
145 719 188 769 12.
211 715 314 786 Quotus
332 717 456 771 omuibus
468 719 596 786 peractis,
615 718 741 773 soemo
758 717 841 772 dicit:

143 787 226 856 Kyrie
254 787 363 842 eleison.
410 789 514 844 Christo
540 790 648 845 eleison.
691 789 775 859 Kyrio
798 789 908 850 eleison.

104 859 192 913 Pater
208 866 301 912 noster
318 866 367 914 eto.
562 872 565 878 ·

149 929 181 985 V.
198 929 236 983 Et
253 945 287 984 ne
305 945 355 984 nos
374 929 485 986 inducas
501 932 530 984 in
547 932 730 1002 tentationem,
750 939 801 988 eto.

147 1000 180 1057 V.
199 999 307 1054 Salvum
325 1001 368 1054 fao
386 1016 493 1056 servum
509 1010 592 1073 tuum,
612 1003 689 1074 eta1)

142 1071 179 1126 R.
197 1071 273 1126 Dens
291 1087 366 1127 mens
384 1081 536 1142 sperantem
553 1075 581 1128 in
599 1079 635 1129 te.

147 1142 180 1198 V.
198 1142 277 1197 Mitte
296 1145 329 1211 ei,
347 1144 469 1214 Domine,
487 1146 614 1200 auxilium
632 1145 666 1200 de
685 1153 786 1217 saneto,
805 1153 855 1202 eto.

141 1213 178 1268 lt.
196 1214 234 1268 Et
252 1213 285 1268 do
304 1215 368 1269 Sion
386 1222 462 1269 tuere
480 1231 549 1271 eum.

146 1285 178 1338 V.
196 1285 264 1340 Esto
284 1286 317 1354 ei,
336 1285 460 1356 Domine,
478 1288 560 1342 turris
578 1287 749 1358 tortitudinis,
768 1291 818 1343 oto.

141 1355 178 1410 R.
196 1356 222 1410 A
239 1355 307 1410 faeie
325 1357 431 1412 inimici.
476 1373 479 1380 ⁴

147 1427 178 1480 V.
197 1427 271 1482 Nihil
288 1427 412 1496 protioiat
428 1428 550 1482 inimious
567 1429 596 1482 in
609 1442 656 1497 «eo,
674 1436 727 1486 eto.

143 1497 179 1551 R.
196 1498 234 1552 Et
251 1498 321 1554 filius
339 1500 477 1567 inquitatis
494 1515 549 1553 non
567 1507 687 1568 apponat
703 1515 801 1556 nouere
820 1502 853 1561 ei.

146 1568 178 1622 V.
197 1569 319 1640 Domine,
339 1570 436 1624 exaudi
453 1571 601 1625 orationem
617 1571 713 1641 meum,
732 1573 783 1628 ete.

146 1639 178 1692 V.
195 1640 325 1696 Dominus
343 1642 487 1710 vobiscum,
506 1649 557 1696 ete.

146 1709 264 1766 Oremus.
283 1713 396 1767 Domine
415 1713 498 1781 Deus,
523 1712 568 1780 qui
585 1725 635 1779 per
652 1710 812 1780 Apostolum
829 1719 905 1769 mum
924 1741 926 1744 ·
1001 1713 1005 1720 '

108 1780 241 1836 Jacobum
258 1783 363 1839 loeutus
382 1799 425 1838 es:
444 1783 595 1838 Infirmatur
609 1782 667 1850 quis
685 1783 713 1836 in
725 1784 810 1856 vobis,
828 1784 904 1839 indu·

106 1859 152 1908 oet
170 1853 342 1924 presbyteros
361 1855 498 1924 eeclesiae,
526 1861 553 1908 et
571 1860 648 1908 orent
666 1869 748 1922 super
766 1871 835 1929 eum,
855 1873 905 1910 un-

104 1931 201 1992 gentes
220 1940 280 1979 enm
298 1926 358 1980 oleo
376 1927 404 1979 in
421 1927 527 1980 nomine
544 1925 661 1994 Domini,
691 1935 718 1981 et
736 1929 822 1982 oratio
840 1926 905 1982 fidei

106 1995 222 2050 sulvabit
239 1995 379 2066 infirmum,
401 2004 428 2052 et
446 1997 582 2052 alleviabit
600 2012 660 2051 eum
677 1996 816 2068 Dominus,
833 2005 862 2054 et
879 1999 904 2054 si

103 2066 133 2120 in
150 2067 268 2135 pereatis
294 2069 342 2137 sit,
372 2069 540 2123 remittentur
563 2068 603 2136 ei;
630 2083 702 2139 aura,
733 2085 903 2140 quaesumus,

104 2135 272 2208 Redemptor
289 2146 389 2208 noster,
417 2141 504 2208 gratio
522 2139 607 2195 saneti
627 2139 741 2208 Spiritus
759 2142 903 2210 languores

104 2209 185 2264 istius
203 2209 307 2280 infirmi,
325 2211 435 2278 eiusque
454 2225 520 2266 sana
537 2211 656 2280 vulnero,
675 2217 703 2266 et
721 2211 822 2267 dimitte
840 2226 902 2280 peo-

104 2286 180 2349 esta,
208 2288 289 2348 atque
309 2280 415 2337 dolores
435 2289 543 2337 cunctos
570 2283 666 2336 mentis
685 2289 712 2337 et
730 2284 850 2352 eorporis
868 2282 902 2337 ab

104 2365 138 2405 eo
158 2353 270 2421 expelle,
289 2353 449 2421 plenamque
462 2354 574 2408 interius
588 2359 616 2406 et
629 2354 746 2409 exterius
760 2355 902 2410 sonituram

103 2421 312 2478 misericorditer
324 2423 416 2493 redde,
431 2431 461 2478 ut
475 2439 526 2493 ope
539 2424 738 2480 misericordiae
749 2431 812 2480 tuae
825 2426 903 2480 resti·

103 2499 186 2562 tutus,
206 2493 240 2548 ad
257 2496 371 2564 pristina
387 2503 530 2564 reparetur
547 2494 640 2553 offitia.
674 2495 725 2563 Qui
743 2512 803 2550 oum
820 2497 902 2550 Patre

104 2572 132 2618 et
151 2563 251 2632 Spiritu
275 2573 369 2622 saneto
393 2563 462 2623 rivis
487 2575 515 2622 et
536 2581 633 2636 regnas
652 2567 727 2623 Deus
748 2569 777 2622 in
795 2568 903 2624 saecula

102 2636 277 2692 soeculorum.
313 2637 407 2692 Amen.

602 2723 612 2743 ⁶
641 2727 645 2754 Ι

116 2799 139 2853 ¹)
153 2782 239 2848 uosque
252 2799 347 2840 varistlo
362 2799 448 2848 generis
466 2799 567 2840 ferienda
588 2803 629 2851 est,
652 2801 739 2850 qnando
758 2801 866 2842 versiculi
880 2803 902 2842 et

156 2864 272 2906 Orationes
286 2866 407 2906 rsottuntur
419 2873 460 2915 pro
473 2865 571 2910 mullera.
