2098 3222
358 200 391 240 De
405 201 598 244 benedictionibus.
786 175 790 186 ’
840 200 879 244 781

85 317 121 356 ne
141 301 254 355 maisons
272 300 413 370 discedatis
439 314 551 356 monem
575 309 669 358 tenere
696 309 745 360 ant
764 305 886 373 inperite

85 387 210 440 ananam
227 377 354 440 seminet
367 365 484 441 {scapeia
501 374 668 428 andbeitais.
895 403 896 406 =

122 444 160 498 In
177 444 252 496 omni
268 443 448 497 benedictione
466 449 543 497 cena
551 445 675 512 Missam,
694 445 820 500 sacerdes
832 447 885 500 sab

86 519 139 578 icen
156 514 346 582 sapapeiticeo
364 520 389 568 et
406 515 476 568 stola
489 518 664 582 coerctione
681 518 809 585 temporie
825 523 885 571 nta-

85 591 140 651 tnr,
158 586 215 639 nisi
232 585 311 639 aliter
329 587 359 638 in
376 586 488 640 Missati
505 592 619 640 notetur.

123 656 229 710 Stando
246 671 349 724 semper
366 657 513 724 benedicat,
533 663 559 711 et
576 664 669 726 operto
688 660 783 726 canite.

118 728 155 782 In
167 728 306 797 principio
325 729 452 796 oniasque
470 729 661 784 benedictionis
680 729 764 784 dicei:

124 798 155 855 V.
174 798 343 853 Adiutorium
360 808 481 854 nostrum
501 801 529 854 in
546 802 653 856 nomine
671 800 779 856 Domini
797 807 847 856 etc.

124 870 156 926 V.
174 870 304 926 Dominus
321 871 459 932 vobiscum
478 878 528 926 etc.

120 941 227 994 Deinde
246 941 353 996 dnatnr
373 942 467 997 Oratio
481 945 599 1010 macria
609 943 628 1013 ¹)
646 958 712 1010 nna,
730 943 772 996 oei
779 943 882 1013 plnres,

81 1017 167 1080 proni
184 1027 233 1066 eno
250 1013 308 1066 ioca
325 1018 449 1066 natatem
464 1014 556 1080 faerit

119 1084 219 1137 Postea
236 1099 292 1138 rein
308 1090 434 1153 moneat
448 1101 521 1152 aona
534 1085 684 1152 benedicia‚·
702 1090 727 1138 et
744 1084 793 1138 nbi
804 1089 882 1138 nata·

84 1159 142 1207 iam
158 1155 251 1221 faerit,
265 1156 373 1221 pariter
391 1157 519 1223 incensat,
538 1157 607 1209 nitsii
624 1156 747 1210 dicendo.

124 1224 192 1278 Gneo
203 1225 328 1278 sacerdos
342 1224 447 1292 aiiqaid
460 1226 646 1280 benedicionis
659 1233 705 1293 eet,
723 1227 821 1280 babeat
833 1227 882 1280 mi·

84 1295 201 1348 nobum
220 1311 279 1348 cum
296 1310 359 1349 case
376 1312 463 1364 aquae
480 1296 632 1352 benedictae
651 1303 675 1351 et
688 1298 839 1368 asperydio,
857 1302 883 1352 et

86 1381 147 1418 cnm
165 1365 274 1419 iiitnali
291 1366 367 1430 libro,
385 1382 432 1420 sen
449 1368 567 1420 Miseati.

124 1434 231 1505 Caveat,
245 1453 279 1490 nc
291 1437 482 1492 benedictionis
494 1455 578 1492 caasa
587 1444 676 1506 ponat
689 1439 795 1507 aliquid
808 1439 882 1492 inde·

86 1521 148 1560 cens
165 1523 247 1574 saper
264 1508 364 1574 atione,
387 1509 471 1562 cetnti
488 1510 634 1577 eseaienta;
660 1509 707 1562 sed
725 1509 797 1578 qnod
814 1511 882 1564 eins·

85 1577 219 1647 medicei,
235 1584 358 1646 panacea
371 1594 451 1648 snper
462 1596 589 1648 mensam,
609 1579 745 1635 commoda
764 1581 820 1634 iaco
829 1597 882 1650 pa-

82 1654 181 1702 rotam.

138 1754 203 1801 nent;
218 1754 332 1802 posthaec
342 1753 460 1793 identidem
470 1754 583 1794 distribuit
596 1757 618 1794 et
628 1758 740 1796 enumeret
749 1755 881 1795 benedictio·

137 1827 176 1856 nes
186 1817 214 1857 sb
223 1819 347 1868 episeopis,
363 1819 398 1858 vel
408 1820 457 1859 eliis
466 1821 593 1860 iscultstem
607 1824 738 1862 habentibus
747 1822 881 1862 iaciendos.“

138 1883 284 1933 (Barnffaldsss
297 1886 321 1924 ts
333 1885 353 1924 b.
368 1885 392 1934 1.)

99 1945 122 1998 1)
137 1947 159 1987 S.
174 1949 199 1988 B.
215 1949 239 1990 o.
253 1951 398 2000 interrogate.
422 1953 471 2001 ,oin
481 1953 586 2002 famniae
600 1955 770 2002 benedictionem,
784 1965 835 2004 euos
848 1955 881 1993 is·

135 2016 245 2054 vestustae·
268 2017 291 2054 ia
317 2017 378 2056 libris
400 2019 426 2057 ab
449 2019 567 2058 ordinariis
589 2022 669 2058 tantum
689 2019 779 2058 iocorum
799 2023 818 2058 et
839 2030 881 2058 nan

134 2079 257 2130 Apostolica
270 2081 321 2122 Sede
338 2084 467 2134 approbatis,
481 2084 600 2125 redinendae
613 2085 656 2122 sissi
669 2085 732 2132 adeo,
750 2087 772 2122 nt
785 2086 809 2123 in
822 2084 881 2124 bess-
943 2096 945 2101 ·

134 2146 262 2186 dictionibus
279 2149 414 2198 perficiendis
436 2150 510 2188 iisdem
524 2151 555 2188 nii
568 2150 650 2188 valeam
667 2150 782 2188 sacerdotes
795 2149 849 2189 siolo
862 2151 881 2187 ei

133 2215 188 2250 coita
201 2212 298 2251 indutii“
312 2207 347 2253 23.
358 2213 411 2252 binii
426 2209 495 2263 1835„
509 2214 631 2262 respondit:
647 2214 716 2253 Detur
728 2214 843 2253 Decretum
857 2213 882 2254 in

133 2277 243 2320 Arminen,
259 2275 278 2321 7,
293 2278 374 2327 Aprilis
386 2275 444 2320 1832.
460 2279 507 2328 (Ilii
522 2280 563 2319 soli
577 2280 628 2319 libri
645 2279 760 2318 adhibendi
772 2281 825 2318 etin
836 2279 880 2319 iliis

132 2344 219 2382 tentum
232 2343 430 2393 benedictionibus,
449 2355 506 2394 quae
520 2345 602 2384 Bituoii
615 2345 714 2384 Rcmsno
728 2346 780 2387 suni
794 2345 880 2384 contor-

132 2418 186 2456 mes,
201 2420 241 2448 nec
257 2409 314 2450 eliae
328 2411 483 2458 adhibeantur,
497 2411 613 2450 dummodo
627 2421 670 2450 nou
684 2413 777 2460 constet,
796 2413 824 2451 sb
837 2412 880 2451 bec

133 2472 153 2514 S.
169 2471 248 2522 congr.
263 2475 331 2514 tuisse
347 2475 498 2525 approbatos.)

160 2537 187 2575 in
202 2540 303 2582 omnibus
318 2541 417 2589 ossibus,
439 2551 479 2590 pre
494 2541 575 2589 quibus
589 2541 724 2590 approbasse
738 2551 783 2582 non
796 2544 878 2584 boben-

134 2603 170 2640 tur
180 2603 293 2655 iormulse,
309 2607 397 2656 sufficit,
412 2608 437 2652 si.
454 2607 537 2656 absque
551 2617 614 2646 cereo
628 2617 720 2648 occense
734 2620 799 2648 menn
814 2621 880 2660 super

133 2679 180 2706 rem
193 2669 362 2712 benedicendam
376 2672 485 2712 iarnretur
499 2684 560 2723 crux,
578 2675 681 2714 dicende:
704 2675 731 2716 ia
744 2678 827 2716 somine
839 2678 881 2716 Pa-

133 2734 174 2772 in's
187 2737 207 2772 et
220 2735 274 2774 Filii
293 2741 311 2776 et
325 2737 416 2787 spernus
435 2741 502 2778 sandi
519 2743 541 2778 et
564 2740 699 2788 secernendo
718 2749 776 2788 sque
793 2741 882 2782 lustrali

134 2809 184 2838 cum
198 2799 319 2841 intentione
338 2814 385 2842 esur
400 2805 540 2852 benedicendi
560 2808 582 2844 et
595 2805 745 2855 indulgentis·
758 2806 829 2846 eidem
841 2817 881 2857 sp-

134 2864 239 2912 puesndi.
267 2865 296 2915 (d.
311 2867 337 2907 R·
350 2867 371 2911 C.
386 2868 419 2913 12.
432 2869 487 2920 Ana.
501 2869 571 2922 1854.)

718 2944 753 2996 22
758 2942 788 2976 b*
