2108 3226
171 137 206 205 74·
404 139 588 190 Praeparaticnes
601 141 630 182 ai
638 141 740 188 ‚niuem

399 297 629 366 Praeparsttonee
643 296 745 352 variae.

251 383 379 430 Prima
392 385 617 438 praeparatio
631 384 669 439 (ex
682 385 766 426 Missali
779 385 895 436 Romano).

207 459 399 521 Antiphone.
418 457 461 511 Ne
475 455 662 525 reminiscaris,
674 455 797 523 Domine,
812 455 908 510 delicto
921 471 973 512 no·

171 535 239 597 stre,
251 528 443 596 velparentum
453 533 614 596 nostrorum,
628 542 715 594 neque
724 526 868 580 vindictam
877 543 972 584 sumas
1037 537 1038 606 j

172 600 207 656 de
225 601 343 669 peccatis
360 598 467 654 nostris.
486 607 600 661 (Tempore
614 608 713 658 paschali
726 607 814 646 sdtlltur
831 597 970 670 Alleluia.)

207 683 267 731 Quae
280 683 405 732 Antiphone
418 682 482 722 festis
496 683 619 732 duplloibns
633 683 720 722 tantum
734 681 871 731 duplicatum
888 683 969 724 deludo
1037 677 1038 688 ¹

170 749 273 790 dicuntur
286 748 368 788 Psalmi
382 750 508 798 sequentes:
541 771 546 782 ·

207 815 352 866 Psalmus
370 813 418 867 83.
438 812 524 879 Quam
542 811 639 866 dilecte
651 811 824 866 tabernaculo
836 818 892 882 tua,
912 813 972 868 Do·

172 884 242 938 mine
260 883 403 937 virtutm:
425 883 589 953 concupiscit
607 891 635 939 et
652 881 741 938 deficit
758 883 846 937 anima
862 899 923 938 mea
939 885 973 940 in

172 955 241 1010 atria
257 953 374 1012 Domini.

190 1023 260 1109 'Gor
277 1040 366 1079 meum
385 1031 413 1080 et
430 1041 492 1081 caro
510 1040 583 1080 mes:
612 1025 812 1080 exsultavenmt
833 1025 862 1079 in
878 1025 971 1082 Deum

170 1113 269 1150 vivum.

201 1167 314 1222 'Etenim
330 1182 426 1236 passer
442 1168 543 1223 invenit
561 1167 612 1222 sibi
626 1167 748 1224 domum:
775 1173 803 1222 et
819 1175 908 1224 turtum
924 1169 970 1224 ni·

171 1238 234 1294 dum
251 1238 310 1307 sibi,
329 1239 375 1293 ubi
391 1246 475 1308 ponat
492 1239 580 1308 pullos
598 1253 669 1294 suos.

206 1310 311 1364 Altaria
327 1316 384 1380 tus,
401 1309 515 1366 Domine
528 1311 670 1366 virtutum:
688 1325 738 1364 rex
750 1325 827 1366 meus
846 1316 874 1366 et
890 1309 968 1368 Deus

169 1383 260 1436 meust

205 1452 291 1521 Beati,
310 1452 356 1519 qui
372 1452 494 1507 habitunt
506 1453 534 1506 in
548 1451 626 1507 domo
639 1459 695 1522 tus,
712 1452 839 1508 Domine:
858 1452 887 1506 in
905 1467 967 1508 sse·

170 1523 231 1578 cula
248 1524 414 1579 saeculorum
431 1523 578 1578 laudabunt
595 1530 631 1578 te.

206 1594 307 1650 Beatus
320 1596 369 1665 vir,
384 1595 458 1650 cuius
473 1601 521 1665 est,
537 1595 664 1649 auxilium
674 1593 722 1649 abs
736 1601 779 1649 te:
793 1594 967 1652 ascensiones

169 1665 198 1720 in
211 1665 292 1721 corde
306 1683 355 1722 suo
368 1665 507 1737 disposuit,
525 1667 553 1720 in
565 1665 635 1720 valle
647 1666 832 1735 lacrymarum,
849 1667 877 1719 in
895 1666 966 1736 loco,

168 1751 248 1805 quem
265 1737 363 1807 posuit.

203 1809 311 1864 Etenim
333 1808 545 1863 benedictionem
567 1807 640 1862 debit
657 1807 808 1878 legislator,
835 1807 913 1862 ibunt
930 1807 966 1864 do

167 1878 267 1934 vi1tute
280 1880 308 1933 in
320 1879 462 1935 virtutem:
481 1880 615 1935 videbitur
627 1880 703 1934 Deus
717 1878 827 1933 deornm
847 1880 877 1932 in
891 1879 965 1934 Sion.

202 1949 326 2019 Domine,
343 1950 419 2006 Deus
432 1951 568 2020 virtutum
590 1951 687 2005 exaudi
705 1951 852 2006 emtionem
864 1965 965 2006 meam:

168 2021 277 2076 auribus
295 2021 403 2090 percipe
420 2021 496 2077 Deus
513 2021 608 2078 Jscob.

203 2091 344 2148 Protector
361 2099 453 2148 noster
475 2094 565 2163 aspice
583 2093 673 2148 Deus:
699 2099 727 2147 et
748 2091 853 2160 respice
877 2092 906 2147 in
923 2091 964 2148 ia·

167 2163 235 2218 ciem
253 2163 351 2218 Christi
368 2164 416 2218 tui.

167 2234 274 2360 missiiuia
290 2235 385 2289 melior
411 2240 452 2290 est
470 2233 528 2291 dies
554 2250 609 2290 uns
633 2235 662 2288 in
689 2234 763 2290 striis
785 2233 854 2289 tuis:
883 2249 968 2304 super

234 2321 258 2360 a.

204 2377 283 2445 Elegi
306 2376 424 2432 abiectus
452 2392 513 2433 esse
540 2376 569 2431 in
596 2375 674 2432 domo
698 2376 752 2432 Dei
777 2375 841 2431 mei:
871 2377 967 2448 magis,

169 2463 249 2516 quam
266 2447 388 2503 habitare
405 2449 434 2502 in
450 2447 630 2503 tabernaculis
647 2455 826 2516 peccatorum.

205 2519 274 2586 Quis
301 2519 519 2576 misericordiam,
537 2525 565 2574 et
590 2519 731 2574 venitatem
765 2518 851 2588 diligit
876 2519 966 2575 Deus:

169 2589 283 2659 gratiam
301 2598 329 2646 et
346 2591 458 2660 gloriam
476 2590 550 2646 dabit
567 2590 705 2645 Dominus.

206 2662 269 2718 Non
283 2662 399 2731 privabit
414 2662 491 2718 bonis
508 2677 569 2731 eos,
588 2662 634 2730 qui
649 2662 785 2717 ambulant
801 2662 829 2716 in
840 2661 966 2718 innocen·

170 2733 221 2790 tie:
239 2734 353 2790 Domine
360 2735 496 2805 virtutum,
507 2735 602 2789 beatus
617 2733 707 2804 homo,
724 2734 771 2802 qui
783 2739 877 2803 sperat
887 2734 915 2788 in
928 2740 966 2790 te.

207 2805 298 2864 Gloria
316 2806 390 2862 Petri
408 2813 458 2862 etc.
495 2805 569 2862 Sicut
586 2811 645 2860 erat
664 2811 715 2862 etc.
