2130 3242
153 142 195 216 412
327 177 361 216 1>e
373 177 566 218 sacramentorum
579 177 778 223 administratione.

186 276 239 345 Qui
247 278 331 334 hebet
337 266 491 334 facultatem
498 278 654 335 absolvendi
665 279 810 335 ecensurie
816 280 955 350 Episcopo

153 350 307 420 reservatis,
325 365 379 405 uon
397 357 488 418 potest
505 351 533 404 vi
550 351 621 406 illius
635 350 775 405 absolvere
794 367 810 406 a
827 367 953 408 reserva·

153 421 189 476 tis
207 421 309 490 Papae.
346 421 386 488 (S.
404 421 466 491 Lep.
485 421 530 476 leb.
551 423 575 476 7.
593 423 712 485 et.109.)

191 490 243 558 Qui
261 491 376 548 obtinuit
392 491 547 547 facultatem
565 493 722 548 absolventi
735 493 887 562 maximam,
906 495 952 550 vel

152 563 323 631 privilegium
341 564 546 634 amplissimum,
571 580 625 618 nen
648 571 739 618 tamen
756 571 847 632 potest
865 565 954 621 ubsol-

152 649 218 689 vere
236 635 270 688 ab
288 635 322 690 iis
340 635 454 704 casibus,
479 651 547 702 quoe
566 635 667 689 Summi
684 634 829 692 Pontifices
847 652 957 706 semper

153 706 507 832 t¹i¹³t¹¹¹i³1i1⁸⁹t⁰³³
527 706 696 831 [wll
712 706 814 832 3111·
825 707 954 833 illud·

153 817 232 904 1'745'.
246 793 397 916 ffletole'ci
406 793 546 918 taum
555 793 878 916 notuimpotgsetmubszlve're
891 795 955 920 petrei:

59 938 61 946 ’
152 919 241 988 prium
259 919 413 986 complicem
431 919 460 973 in
477 920 590 974 materia
607 921 687 988 turpi.
699 921 719 990 1)

189 990 240 1056 Qui
264 989 379 1044 obtinuit
403 989 556 1046 facultatem
583 991 736 1060 generalem
760 990 955 1047 absolvendia

153 1061 259 1115 casibus
272 1061 427 1130 Papelibus,
447 1077 502 1116 non
519 1061 580 1116 ideo
601 1063 741 1117 absolvere
765 1069 857 1131 potest
875 1078 892 1117 e
910 1078 954 1118 ca·

70 1198 73 1204 ,
153 1131 227 1186 sibus
244 1132 273 1184 in
291 1131 496 1188 Constitutione.
532 1133 722 1203 „Apostolteae
736 1133 814 1188 Sedes
831 1133 955 1188 medea·

152 1202 239 1256 tieui“
254 1203 409 1270 speciali
422 1203 521 1259 modo
535 1205 688 1272 reservatis,
702 1201 755 1260 nisi
763 1205 791 1258 id
801 1205 955 1276 specialiter

154 1273 333 1342 exprimetur3
353 1275 415 1342 quia
433 1275 495 1330 illae
514 1290 642 1331 censurae
661 1283 723 1330 sunt
741 1276 894 1344 specialiter
910 1291 954 1330 re·

154 1351 293 1414 servatam
320 1346 449 1413 specialia
470 1353 517 1402 aut
541 1363 595 1401 non
613 1347 782 1402 continentur
808 1362 859 1415 per
876 1362 908 1403 se
924 1348 955 1402 in

128 1441 129 1444 ¹
153 1417 326 1472 concessione
351 1417 477 1486 generali.
514 1417 578 1488 (Otr.
596 1417 625 1472 S.
643 1419 705 1488 Dip.
724 1418 769 1472 itt.
788 1421 813 1472 7.
832 1435 860 1474 a.
879 1421 953 1486 110.)

190 1487 242 1554 Qui
269 1489 352 1542 habet
380 1487 533 1544 facultatem
559 1489 716 1545 absolvendi
740 1505 758 1543 a
782 1489 903 1545 censuris
926 1491 957 1544 in

155 1557 350 1614 Constitutione
375 1561 567 1629 „Apoembcm
591 1560 670 1615 Series
686 1561 885 1615 mutassent
912 1577 956 1618 re·

155 1631 278 1701 servatis,
291 1630 353 1686 ideo
363 1647 417 1687 non
432 1632 515 1687 habet
532 1633 612 1686 etiam
626 1631 781 1686 facultatem
796 1632 957 1688 absolvendi

166 1799 187 1854 ²)
195 1801 348 1843 confessarius
364 1801 424 1840 earet
439 1799 498 1839 omni
510 1799 660 1840 iurisdictione
674 1809 727 1848 erge
741 1799 869 1848 complicem
883 1809 957 1852 suurn,

204 1867 273 1906 donec
286 1865 323 1906 bic
337 1866 365 1906 eb
380 1865 424 1905 elio
439 1865 555 1905 obsoletus
569 1865 648 1914 suerit,
672 1865 706 1904 ita
723 1865 750 1904 ut
763 1865 860 1905 inventa
873 1867 904 1906 eii
918 1867 957 1907 nb·

204 1932 285 1972 solutio
300 1933 328 1972 ab
341 1933 391 1982 ipro
404 1931 519 1981 impertite
528 1941 573 1970 non
585 1931 658 1971 solum
672 1931 745 1980 quoti
753 1933 877 1982 peceatum,
892 1933 957 1974 cuins

202 1997 378 2046 luitpertum,
397 1998 436 2037 sed
450 1997 517 2036 etlam
529 1997 603 2046 quoad
617 1999 690 2036 cetere
703 1999 803 2046 peccota,
823 2007 919 2045 quornm
932 1999 957 2038 in

203 2063 280 2104 eedem
294 2063 435 2104 coniectione
450 2073 473 2104 re
493 2065 595 2112 accursu
619 2063 657 2112 qni
675 2065 749 2103 eutem
763 2063 878 2104 absolvere
890 2075 955 2115 pree·

202 2130 278 2178 sumit,
293 2131 342 2179 ipro
357 2131 416 2170 recto
430 2130 525 2170 incurrit
534 2129 782 2170 excommunicationem
796 2130 871 2180 Papae
884 2143 956 2172 reser-

202 2195 284 2234 vetem.
314 2194 403 2245 (Bened.
418 2189 477 2238 XIV.
497 2195 589 2236 (irretit.
609 2195 764 2236 &momentum
776 2196 920 2236 Poeetteettee
933 2199 957 2236 et

200 2259 320 2309 Apostolus
333 2262 426 2300 muneris
441 2261 502 2300 etde
517 2260 566 2310 spe.
581 2260 647 2299 dioec.
662 2260 699 2304 itt.
713 2259 733 2303 i.
747 2273 793 2310 oep.
808 2260 851 2308 14.)
878 2263 957 2304 Potest

202 2323 290 2372 quidem
313 2326 416 2365 sacerdos
431 2325 558 2375 complicem
571 2325 600 2364 ab
613 2325 663 2364 aliie
677 2327 775 2374 peccatis
788 2325 831 2365 sibl
844 2329 957 2370 extraneis

200 2390 322 2440 absolvere,
341 2394 459 2440 postquem
473 2391 510 2432 ille
525 2391 592 2431 semei
606 2391 635 2431 ab
650 2391 695 2430 elio
709 2391 752 2430 rlte
765 2391 808 2431 tuit
823 2393 954 2445 abeoiatus3

199 2465 283 2506 verum,
298 2457 330 2496 eit
343 2457 366 2500 P.
382 2457 450 2506 orry,
466 2457 484 2497 ei
499 2457 548 2506 quie
563 2458 634 2507 pudor
643 2459 734 2496 moueat
743 2457 766 2497 ln
777 2459 901 2508 secerdote,
916 2460 955 2510 qul

200 2521 326 2562 miserande
339 2521 462 2570 fragilitate
477 2525 592 2570 peecatum
611 2524 677 2571 turpe
700 2533 750 2562 cum
764 2523 808 2562 elio
822 2525 956 2575 patraverit,

200 2589 219 2627 ei
230 2587 279 2636 quie
288 2587 360 2626 honor
370 2588 510 2627 Saeremento
519 2587 613 2634 debitur,
624 2597 739 2636 nunquam
746 2588 769 2628 ln
775 2589 889 2638 posterum
894 2601 955 2631 com·

199 2651 263 2701 plicis
283 2651 450 2691 Confessionem
471 2653 572 2702 excipiet.
602 2653 629 2692 In
650 2653 761 2693 nonnuliis
776 2653 914 2696 dioecesibus
928 2655 956 2698 do

200 2717 248 2757 iure
264 2719 395 2766 particulari
410 2717 512 2758 sacerdos
531 2729 644 2768 nunquam
659 2721 759 2770 excipere
779 2722 853 2770 potest
864 2723 955 2766 conier-

200 2785 284 2823 etonem
296 2784 414 2834 complicis.
425 2783 479 2834 (Gir.
489 2785 547 2835 (terp
557 2785 588 2826 ΙΙ.
598 2785 648 2827 584.
659 2789 681 2826 et
691 2787 738 2828 587.
744 2799 752 2836 ς
765 2787 895 2833 amantii.
902 2801 955 2841 pou.

202 2846 254 2896 15&
269 2848 347 2888 Boeoti.
362 2849 398 2888 xi
400 2849 423 2888 V.
437 2849 463 2888 de
476 2849 523 2898 spot.
537 2851 602 2891 dioec.
616 2851 653 2890 itt.
668 2851 687 2896 7.
701 2863 747 2903 cup.
761 2849 806 2898 14.)
