2124 3230
277 161 342 202 Bitu·
355 161 480 202 eristi-andi
491 161 586 202 nisum
599 162 715 210 privatius
858 161 901 204 ιιι

90 279 204 334 manus,
233 262 297 318 iioit
319 278 387 318 voce
411 262 603 331 aliquantidum
629 262 784 333 (paniolum)
810 264 898 320 elata:

93 335 187 403 Οιαιι,
213 336 324 403 fratrea,
353 341 381 389 et
398 341 502 392 secreto
521 349 688 402 prosequens
711 339 742 388 ιιι
759 350 847 389 meum
864 353 898 392 oo

89 413 213 462 owmm
230 407 394 472 saonfioium
412 413 463 462 eto.
491 404 596 475 perficit
614 405 741 460 circulum
758 413 897 462 revertens

88 479 191 534 innotis
210 477 333 532 mamitus
351 484 413 532 ante
431 485 527 545 pectus
546 493 562 530 a
581 493 661 530 manu
677 476 773 530 dextra
791 475 825 530 ad
843 493 897 532 me·

89 549 167 604 dium
177 549 272 604 altaris
282 549 315 618 (si
328 548 375 604 SS.
385 548 459 604 Saor.
474 547 625 617 expositum
639 555 688 617 est,
703 547 831 601 circulum
843 564 898 602 non

88 620 214 690 perficit,
244 619 294 674 sed
311 619 405 674 eadem
429 620 476 674 via
492 619 637 673 revertitur
655 627 682 674 et
698 620 797 673 iterum
816 634 898 687 genn·

88 691 185 760 fleotit,
205 691 288 747 Mem.
302 691 367 756 Rit,
381 691 466 744 Reor.
480 691 558 744 Mssa.
568 691 641 757 ferio
656 693 680 744 6.
694 691 807 744 maioris
819 689 897 749 teti.

88 763 218 819 (ianam
230 767 306 831 part.
320 763 362 816 II.
382 763 423 816 ot.
447 765 488 816 14.
509 779 536 818 ιι.
558 765 599 816 13.
618 762 746 828 Mirati).
790 761 827 816 Ει
854 776 897 816 re·

88 850 195 904 sponso
215 849 233 888 a
251 834 371 888 ministro
388 832 432 886 vel
447 849 464 886 a
477 833 708 888 circumstantibus
717 834 736 903 ¹)
756 831 896 901 Suaoa'piot

88 905 232 960 Domitios
250 911 301 960 etc.
324 905 383 973 ipse
407 904 546 959 celebrans
570 904 703 960 submissa
729 919 796 959 voce
815 903 894 959 dicit:

89 977 196 1045 Amet,
225 983 253 1030 et
270 976 392 1030 manibus
410 982 473 1030 ante
491 983 585 1044 pectus
604 976 735 1045 extensis,
763 983 794 1030 ut
810 974 842 1030 fit
859 975 895 1030 nd

89 1048 258 1114 Orationem,
287 1055 360 1102 stans
386 1047 414 1100 in
438 1045 526 1101 medio
551 1047 643 1102 aitaris
667 1053 761 1102 versus
789 1047 894 1115 librum,

46 1143 52 1154 ·
90 1119 155 1174 dicit
165 1117 299 1187 absolute,
313 1118 371 1172 sine
385 1117 496 1172 Ονιιιιιιι
510 1125 537 1172 et
549 1118 606 1172 sine
620 1118 673 1172 alia
685 1119 890 1186 interpositione

90 1190 249 1245 Orationem
273 1189 318 1242 vel
342 1188 483 1244 Orationes
509 1188 641 1248 Serretes.
678 1189 744 1243 Cum
762 1189 826 1244 dicit
840 1205 893 1259 per

90 1262 244 1316 Dominam
262 1260 348 1328 iungit
365 1275 468 1328 manus,
486 1276 549 1314 oum‘
564 1259 627 1314 dicit
648 1260 743 1314 Jeaam
757 1261 894 1315 Christum

91 1340 175 1401 caput
193 1331 318 1399 inclinat,
346 1331 418 1399 quod
435 1331 500 1386 faoit
524 1332 552 1385 in
570 1333 657 1399 prima
674 1330 801 1386 Oratione
820 1339 848 1386 et
865 1331 894 1386 in

91 1403 194 1472 ultima,
214 1403 238 1458 si
251 1403 343 1470 plnres
356 1403 410 1457 sini
424 1401 562 1458 dicendae.
598 1403 649 1458 Ubi
666 1410 756 1457 antem
769 1403 893 1471 pervenit

91 1475 119 1529 in
136 1474 310 1529 conclusione
334 1473 443 1528 ultimae
471 1473 596 1528 secretae
621 1472 656 1527 nd
674 1474 757 1527 verba
774 1475 821 1527 illa
838 1475 894 1528 Per

92 1547 185 1600 omnio
203 1545 312 1598 aoeoaia
329 1545 497 1600 saeculorum
517 1544 660 1613 exclusive,
679 1544 806 1600 sacerdos
820 1552 894 1600 stans

91 1617 120 1670 in
136 1615 227 1672 medio
247 1615 355 1684 altaris,
383 1614 513 1684 depositis
541 1631 622 1684 super
641 1631 673 1670 eo
692 1615 813 1670 menibus
831 1615 893 1669 hino

90 1687 153 1742 inde
173 1687 301 1755 extensis,
321 1686 385 1741 dieii
403 1687 571 1742 convenienti
586 1694 613 1741 et
625 1687 785 1755 intelligibiii
800 1685 891 1755 (olera)

94 1775 160 1814 vooe
180 1757 389 1815 Praefationem.

129 1830 198 1884 Cum
216 1828 280 1883 dioit
298 1829 413 1884 Sursum
431 1828 523 1896 cordo,
543 1829 631 1883 elevat
651 1843 745 1882 monus
758 1827 820 1883 hino
833 1825 896 1882 inde

95 1909 221 1956 extensas
236 1900 449 1968 (aliquantulum)
462 1908 547 1967 usq'ue
558 1899 593 1954 ad
602 1906 705 1968 peetus,
718 1899 757 1953 ita
770 1907 799 1952 ιιι
808 1899 898 1966 palma

94 1972 172 2028 unius
190 1987 286 2027 manua
303 1971 431 2040 respiciat
456 1971 575 2026 alteram.
613 1971 680 2025 Cum
698 1969 762 2025 dicit
783 1970 897 2025 Gratias

95 2057 209 2112 spamus
221 2043 355 2110 Domino,
382 2042 468 2110 iungit
485 2058 580 2097 manns
599 2042 670 2112 (ante
689 2042 808 2110 pectus);
837 2057 897 2096 oum
937 2091 938 2094 ,

97 2113 159 2168 dieii
171 2114 233 2168 Deo
242 2119 343 2180 nostro,
362 2112 455 2168 oeulos
469 2114 565 2181 elevat,
584 2120 612 2167 et
625 2113 715 2169 statim
729 2114 801 2167 ornei
815 2119 897 2180 caput

97 2185 213 2240 inclinat.
250 2185 391 2253 Responsa
409 2185 532 2253 Dipsium
549 2190 575 2238 et
591 2186 692 2238 ιἰιιιιιιιι
710 2191 756 2252 est,
785 2184 897 2240 elevatis

100 2263 126 2310 et
143 2256 272 2324 extensis,
298 2265 329 2310 ιιι
346 2256 429 2323 prins,
454 2255 576 2310 manibus
604 2255 740 2325 (disiungit
757 2271 851 2309 manns
870 2261 898 2310 et

98 2325 245 2383 disiunctas
262 2335 338 2382 tenet
350 2341 435 2400 nsque
449 2326 484 2380 od
497 2325 577 2380 finem
591 2325 787 2396 Praefationis),
805 2341 898 2394 prose·

100 2399 189 2465 quitur
206 2397 406 2452 Praefationem
430 2400 567 2466 propriam
594 2399 638 2452 vel
662 2413 841 2465 communem,
869 2402 900 2451 ut

100 2475 204 2538 tempus
228 2470 351 2537 requirit.
388 2468 453 2523 Cum
479 2467 543 2523 dioit
561 2468 692 2538 sanctos,
720 2469 817 2524 iunctis
836 2473 899 2522 ante

98 2549 193 2609 peetus
212 2539 334 2594 manibus
362 2545 390 2593 et
411 2539 552 2596 inclinatus
576 2555 642 2594 voce
660 2539 788 2594 mediocri
806 2553 898 2606 prose·

98 2613 202 2680 quitum
231 2612 353 2666 ministro
370 2611 478 2666 interim
502 2627 614 2679 parvam
638 2611 823 2681 campanulam
839 2609 899 2678 pul·

111 2775 132 2828 ²)
146 2776 251 2825 Alioquin
272 2776 320 2825 ipso
338 2776 441 2818 sacerdos
460 2777 577 2827 respondet
598 2776 693 2817 diosna.
710 2809 714 2819 .
730 2803 735 2816 .
750 2803 756 2816 .
771 2777 899 2826 maritatam

151 2842 178 2882 du
191 2841 289 2881 mentitu
302 2842 356 2881 meis
370 2845 410 2886 etc.
