2106 3228
168 167 196 211 86
340 170 446 210 noterius
460 169 615 209 nonnullorum
628 169 802 212 meditationum.

197 343 246 396 34.
264 342 444 394 Meditetio:
470 339 521 397 SS.
538 339 717 394 Eucharistia
735 345 773 394 est
792 340 948 394 memoriale

435 447 576 501 Passionis
596 443 702 501 Christi.

196 581 356 632 Quotiescunque
370 581 439 625 enim.
451 613 454 622 .
466 607 487 621 ..
501 582 586 619 mortem
605 579 690 618 Domini
708 579 859 618 annuntiabitis
879 581 945 622 donea
1047 609 1048 634 ,

447 657 521 696 neseiat.
546 653 574 704 (l.
590 657 639 697 cor.
653 651 694 706 11.)

204 749 225 803 Ι.
254 747 316 802 Hoc
335 745 538 800 Sacramentum
547 745 665 798 institnit
682 750 812 812 tanquam
828 745 973 802 Passionis

171 835 238 874 sune
255 817 407 872 memoriale
419 832 552 884 perenne..
566 815 603 884 (S.
623 817 718 880 Thom.
732 815 841 886 Aquin.)
862 817 974 873 Cruenti

170 889 292 945 sacrificii
310 895 340 942 ut
357 888 483 955 perennis
509 895 614 940 exteret
631 887 773 956 memorio,
803 887 973 944 incruentum

169 961 298 1027 instituit,
334 957 453 1026 quotidie
477 958 666 1026 peragendum.
704 958 792 1012 Semel
816 975 867 1027 pro
892 962 973 1018 nobis

169 1032 328 1097 immolatus,
343 1030 445 1083 invenit
458 1029 572 1096 modum,
588 1045 640 1096 quo
656 1029 762 1096 saepius
778 1030 972 1086 immolaretur.

168 1103 277 1170 Ergone
295 1100 443 1168 putandum
457 1107 498 1154 est
512 1100 646 1154 Christum
666 1101 746 1154 toties
760 1117 809 1168 pro
824 1117 867 1155 me
881 1104 973 1157 mori?

169 1174 293 1241 Agnosce
314 1188 440 1226 umorem.
473 1171 526 1224 Sed
544 1171 611 1224 nihil
628 1170 726 1240 reddis,
745 1171 797 1226 nisi
814 1178 844 1226 tu
863 1189 973 1242 quoque

170 1243 289 1312 quotidie
307 1243 460 1298 immoleris.
493 1242 546 1312 Qui
560 1243 633 1304 ,enim
651 1248 715 1295 sunt
735 1241 842 1311 Christi,
863 1261 974 1300 carnem
1047 1289 1048 1310 ,

169 1331 248 1370 snam
266 1315 457 1381 erneisinerunt
469 1325 529 1367 eum
544 1314 618 1366 vitiis
634 1319 659 1366 et
669 1315 891 1382 concupiscentiis
904 1319 972 1374 sues.
1047 1337 1048 1344 ¹

169 1386 239 1510 (Ἥ
255 1385 330 1510 4,llos
346 1456 429 1522 facite
447 1455 477 1508 in
494 1470 581 1507 meam
593 1457 874 1510 commemorationem.
895 1457 972 1527 (Luc.

169 1528 222 1597 22.)
265 1528 363 1594 Quanti
389 1527 447 1594 ipse
481 1541 556 1580 suum
583 1525 740 1580 Passionem
766 1526 875 1596 fecerit,
908 1529 972 1584 inde
1047 1589 1048 1602 χ

170 1599 289 1668 aestimo,
309 1597 380 1666 quod
394 1597 479 1651 voluit
492 1597 550 1665 ipse
565 1597 622 1650 eius
636 1612 695 1651 esse
711 1598 874 1652 memoriale.
897 1599 972 1654 Obli-

168 1677 215 1738 gat
231 1671 283 1724 hoc
301 1677 328 1724 te
352 1668 386 1722 ed
405 1669 554 1723 continuam
579 1669 646 1722 tenti
663 1668 786 1722 beneficii
804 1672 971 1740 memoriam,

168 1757 223 1795 non
237 1757 306 1808 quse
324 1742 352 1794 in
371 1740 429 1794 sola
446 1739 606 1806 cogitatione
626 1741 710 1808 sistet,
735 1740 783 1794 sed
802 1755 870 1808 quee
884 1743 913 1795 in
932 1741 972 1796 ni-

170 1811 269 1866 fectum
289 1818 316 1866 et
334 1827 402 1879 opus
420 1817 547 1864 transeat.
569 1810 622 1880 Qui
639 1813 709 1863 enim
720 1811 862 1865 Passionis
874 1811 973 1866 Domi-

171 1885 249 1936 nieae
266 1883 395 1951 mysteria
419 1881 593 1949 celebramus,
622 1879 746 1936 debemus
768 1883 874 1936 imitari
897 1885 974 1952 quod

169 1956 283 2024 agimus.
312 1953 348 2021 (S.
368 1953 448 2018 Greg.
466 1951 536 2004 Diel.
555 1951 576 2007 Ι.
595 1953 621 2004 4.
641 1967 663 2004 c.
683 1952 735 2021 59.)

205 2025 253 2078 ΙΠ.
275 2024 494 2094 Quotiescumque
511 2020 710 2076 manducabitis
722 2039 825 2091 panem
841 2023 924 2094 hune,
947 2032 974 2080 et

168 2096 276 2150 calicem
285 2095 386 2160 bibetis,
397 2098 506 2146 mortem
515 2093 630 2146 Domini
640 2093 847 2150 annuntiabitis.
858 2097 894 2164 (1.
909 2097 973 2154 Cor.

169 2166 221 2234 11.)
253 2167 364 2232 Quoties
382 2164 580 2218 Eucharistiam
599 2165 689 2232 sumis,
718 2165 850 2232 cogitate
871 2170 974 2222 mortui

169 2237 268 2290 Christi
287 2236 457 2303 sepulchrum
475 2250 543 2289 esse.
578 2234 639 2288 Non
659 2236 709 2289 erit
728 2235 845 2304 dignum,
863 2239 918 2294 nisi
937 2240 975 2294 sit

167 2324 281 2376 novum,
299 2307 385 2362 voluit
403 2306 473 2360 enim
490 2305 554 2373 poni
572 2305 599 2359 in
617 2318 788 2361 monumento
807 2325 888 2363 novo.
907 2309 974 2364 Non

167 2379 219 2432 eris
237 2394 332 2447 novus,
351 2377 402 2432 nisi
420 2385 539 2431 veterem
557 2377 691 2430 hominem
708 2377 823 2435 occidas.
856 2381 975 2436 Necesse

166 2455 211 2518 est,
230 2454 269 2517 ut,
289 2449 353 2502 dum
370 2449 436 2502 haec
454 2449 566 2517 agimus,
584 2450 758 2517 nosmetipsos
770 2450 976 2507 Deoincordis

167 2521 325 2574 contritione
343 2525 496 2574 mactemus.
516 2518 553 2587 (S.
573 2519 661 2588 Greg.)
695 2520 766 2586 Quid
784 2520 819 2574 ad
837 2523 891 2577 hoc
911 2524 975 2579 eis?
1047 2585 1048 2588 Ἴ

167 2589 264 2659 expedi
283 2607 365 2661 orme,
385 2597 457 2646 otte
474 2590 589 2645 hostium
608 2591 633 2644 ei
652 2591 758 2662 exhibe,
781 2593 828 2660 quui
846 2609 877 2648 se
898 2595 977 2650 dedit

165 2662 282 2718 hostium
299 2679 349 2731 pro
368 2669 404 2716 te.

201 2771 383 2821 Quotiescumque
405 2781 467 2812 snmo
489 2770 543 2810 hoec
567 2770 641 2810 divine
663 2772 784 2821 mysterio,
807 2771 975 2825 redemptionis

161 2843 255 2879 mostrue
270 2849 326 2889 opus
340 2841 405 2889 muta
419 2840 491 2877 mente
505 2837 639 2886 recogitabo.
