2128 3228
354 191 476 231 instructio
489 191 632 232 Clementiae.
855 190 894 234 'ill

91 294 182 350 velum
208 291 353 348 humerale.
397 292 582 348 incensatione
642 301 730 363 recta,
762 293 892 351 diaconus

7 389 8 392 ¹
91 380 153 422 cum
177 364 274 419 debitis
298 365 456 418 reverentiis
476 363 619 420 Sacramen
649 381 676 418 m
694 379 709 419 e
728 365 825 420 throno
853 367 892 421 le·

92 437 182 504 vobit,
207 435 349 502 statimque
367 441 471 490 erectus
490 442 564 490 stans
586 435 670 490 tradit
686 435 829 504 genuflexo
848 453 893 491 ce·

92 507 215 564 lebrauti.
259 505 363 560 Deinde
392 504 548 574 ,genuflectit
575 505 734 562 diaconus·
766 507 892 562 Ceterum

7 631 8 638 ,
93 576 262 639 observande
278 577 390 639 veniunt
412 579 564 646 respective
581 593 650 646 quae
669 593 765 647 supra,
796 578 842 633 ubi
860 577 894 634 de

7 695 8 716 ,
93 649 260 719 expositione
280 648 425 718 agebatur,
452 647 486 703 de
507 650 682 704 caeremoniis
708 665 740 704 ac
757 649 813 704 ritu
829 665 893 719 pro·

93 721 224 777 cessionis
242 719 313 774 dicta
330 727 400 774 sunt.

129 792 228 860 xliiii.
247 791 314 846 Post
332 791 540 862 processionem,
561 790 712 846 celebrante
727 789 762 845 ed
775 789 894 845 mfimum

93 863 187 919 altaris
201 863 313 931 medum
326 877 457 931 regresso,
471 862 600 918 diaconus
613 860 770 930 genuflexus
785 861 818 916 ab
832 863 894 930 ipso

93 941 183 991 stante
200 934 313 1002 recipiet
331 933 547 1004 succisanam,
574 949 663 989 coram
682 949 735 1002 quo
755 933 894 989 celebrans

92 1005 245 1060 immediate
264 1003 433 1073 genuflectet,
451 1006 593 1073 velumque
611 1005 749 1060 humerale
768 1003 895 1074 deponet.
973 1040 975 1042 -

93 1076 199 1132 Deinde
218 1076 357 1130 celebrans
370 1074 557 1144 genuflectitur
574 1077 602 1129 in
619 1075 710 1132 infimo
728 1075 814 1145 gradu
827 1076 894 1132 ulta·

92 1149 147 1216 ris3
166 1147 294 1202 decenus
313 1153 402 1200 autom
420 1146 466 1200 SS.
484 1147 683 1204 Sacramentum
701 1149 729 1200 iu
747 1147 835 1203 medio
855 1147 893 1202 ul·

93 1221 161 1275 iaris
179 1233 262 1286 supra
279 1216 421 1285 corporale
443 1223 571 1287 reponet,
599 1217 787 1286 genuflectitur
812 1225 840 1274 et
858 1217 893 1273 ed

95 1305 174 1345 snum
191 1289 278 1343 iocum
296 1287 397 1341 recedit
415 1286 450 1341 ed
469 1288 605 1342 dexteram
624 1289 791 1344 celebrantis.
818 1290 894 1345 Cele-

95 1360 177 1414 brans
194 1373 276 1426 vero,
301 1358 351 1414 sub
370 1357 534 1414 Genitori
552 1358 749 1428 (lenitoque
768 1375 828 1414 cum
845 1361 894 1415 mi·

95 1431 187 1484 nistris
206 1437 319 1498 erectus,
338 1428 438 1496 absque
452 1427 637 1484 benedictione
650 1431 787 1485 incensum
800 1436 892 1499 ponet,

94 1508 125 1556 ut
144 1517 233 1570 supra,
253 1507 280 1555 et
299 1499 498 1554 Sacramentum
515 1500 673 1558 incensabit.
706 1500 836 1556 Carteres
855 1500 894 1555 di·

94 1570 336 1627 oentVersiculum
353 1571 481 1624 Panem
498 1569 539 1626 de
558 1571 673 1641 coelo,
693 1578 742 1626 etc.
763 1572 815 1640 (cui
829 1571 895 1626 adii·
919 1592 941 1628 ¹.

95 1640 218 1698 ciendum
242 1640 358 1696 Alleluia
384 1648 506 1710 tempore
533 1642 654 1711 paschali
682 1657 713 1698 ac
737 1657 787 1710 per
811 1647 896 1696 totam

94 1721 218 1770 octavam
237 1713 363 1782 Corporis
382 1713 481 1768 Christi
503 1713 531 1768 in
556 1713 674 1781 quolibet
692 1712 868 1782 expositione,
875 1712 895 1781 ¹)

94 1793 152 1842 tum
170 1785 308 1840 celebrans
326 1785 426 1852 surgit,
454 1800 508 1839 non
532 1799 598 1840 vero
616 1785 713 1840 iterum
731 1782 895 1852 genuflectit,

95 1855 137 1925 (S.
150 1856 186 1911 R.
203 1854 231 1912 C.
242 1859 270 1910 2.
284 1857 355 1924 Aue.
366 1857 456 1924 1698.)
477 1862 505 1910 et
521 1856 713 1912 sustinentibus
730 1854 832 1909 librum
846 1854 894 1908 mi·

93 1927 186 1984 nistris
204 1927 312 1996 (omisso
330 1927 499 1982 Dominus
517 1927 714 1996 vobiscum,
733 1941 768 1980 ex
786 1924 894 1980 decreto

7 2001 8 2008 ’
95 1999 123 2055 S.
142 1999 176 2056 Β.
195 1998 244 2068 0.),
269 1997 411 2053 Orationes
428 1999 550 2054 manibus
568 1998 665 2052 iunctis
683 1997 817 2066 cantabit3
837 1996 894 2064 qui-

7 2119 8 2142 ,
93 2071 145 2126 bus
155 2069 238 2128 finitis
252 2067 409 2138 genuflexus
418 2070 556 2125 humerale
567 2069 657 2123 velum
670 2075 797 2136 assumet,
812 2073 893 2135 atquc

7 2151 8 2182 l
95 2141 169 2198 aolus
187 2141 222 2196 ad
240 2141 324 2195 altare
343 2139 498 2210 ascendens,
517 2140 613 2196 debitis
631 2139 709 2194 iactis
725 2138 893 2208 reverentiis,

94 2213 216 2268 manibus
242 2212 303 2266 velo
320 2212 452 2266 humerali
469 2211 560 2282 tectis,
588 2211 628 2266 uti
646 2210 745 2265 dictum
762 2211 816 2263 iam
835 2207 894 2278 fuit,

95 2283 273 2339 ostensorium
291 2283 400 2352 accipit,
428 2289 456 2337 et
480 2297 540 2341 cum
565 2282 660 2337 eodem
682 2279 896 2336 benedictionem
926 2327 937 2338 ,

95 2354 196 2424 populo
209 2354 374 2424 impertitum
393 2353 565 2409 sacramento
581 2353 643 2408 dein
657 2368 740 2421 supra
754 2351 894 2419 corporale

94 2426 223 2495 reposito,
242 2425 386 2495 descendit,
404 2425 493 2480 velum
511 2425 629 2494 deponit,
648 2437 751 2492 suoque
770 2422 831 2477 loco
851 2437 895 2490 ge-

94 2495 219 2551 nuflexus
243 2496 367 2552 mauebit.
410 2495 506 2552 Statim
528 2495 669 2565 macomus,
699 2501 747 2550 aut
773 2492 899 2548 sacerdos

113 2661 135 2714 1)
150 2663 178 2703 In
197 2664 332 2712 expositione
353 2665 387 2708 ss.
403 2664 538 2706 decrementi
551 2675 603 2716 per
625 2675 708 2706 annum
726 2659 844 2702 occasions
862 2659 901 2699 XL

150 2729 262 2778 horarum,
276 2731 363 2771 velulis
376 2731 454 2780 quevis
468 2731 494 2771 de
508 2741 575 2771 causa
589 2741 628 2771 seu
641 2728 779 2770 necessitate
788 2723 903 2764 Versiculo

151 2796 203 2836 huic
216 2795 339 2836 addendum
353 2801 387 2838 sat
394 2798 495 2848 Alleluia,
509 2799 607 2848 exceptis
619 2801 695 2838 temen
707 2790 905 2841 Quadrsgesimee.

149 2863 263 2904 Adventus
277 2865 299 2902 et
313 2863 438 2914 vigiliarum
449 2866 592 2916 temporibus.
613 2864 641 2916 (s.
653 2865 680 2904 Β.
690 2862 713 2902 C.
723 2857 762 2900 23.
773 2857 822 2898 qu.
834 2855 905 2909 1700.)
990 2869 992 2876 ¹
