2108 3226
143 140 184 184 114
322 141 355 182 De
368 141 491 191 granorum
500 141 592 180 ¹actione
606 142 657 190 post
669 140 768 184 Missam.

181 247 224 299 10.
241 243 285 297 Ad
298 241 382 311 pedes
394 243 503 296 Domini
524 257 625 296 summo
640 257 699 296 oum
713 241 813 296 doloris
826 249 853 297 et
867 257 946 298 amo-

144 316 181 371 ris
200 331 282 370 sensu
299 314 465 382 provolutus,
491 313 593 381 ignosci
617 313 666 367 tibi
684 313 839 382 suppliciter
858 328 948 368 exora

144 402 236 443 omnes
254 391 393 440 anteactae
411 385 482 439 vitae
500 394 563 439 tuae
580 384 742 453 iniquitates,
762 399 867 438 omnem
884 393 951 440 tor·.

106 498 108 502 -
144 473 238 528 porem
252 465 279 512 et
291 457 487 526 negligentiam,
502 471 659 523 omnemque
673 456 812 524 segnitiem
827 463 854 510 et
867 457 947 524 igna-

144 531 223 598 viam,
249 529 344 596 quibus
362 529 391 581 in
409 527 586 595 exsequendis
604 527 757 582 muneribus
780 527 841 594 tuis,
870 536 898 582 et
916 527 948 581 in

144 601 332 670 prosecutione
351 599 479 653 uantum
492 597 673 666 praepediris,
692 596 893 668 quodquidam,
914 606 948 652 ut

145 671 312 740 assequaris,
336 677 397 724 tuas
416 685 476 724 cum
492 670 577 739 ipsius
595 670 696 725 meritis
715 670 880 724 consociabis
899 685 945 725 sa·

145 743 319 799 tisfaetiones.
895 742 897 746 '

184 818 226 868 11.
253 814 427 866 Peramanter
453 811 533 866 etiam
557 827 616 866 cum
640 811 699 878 ipso
724 825 888 878 conquerere
909 810 945 866 de

147 883 308 954 quotidianis
325 884 379 937 tuis
397 883 550 940 excessibus
568 883 724 948 animaeque
749 888 813 936 tuae
831 883 945 950 languo-
1024 945 1027 953 .

146 957 220 1011 ribus
239 961 266 1008 et
283 954 412 1022 miseriis3
430 955 573 1022 ingemisce
588 960 615 1008 et
634 952 702 1022 dole,
721 952 867 1020 quodcum
884 954 946 1021 ipse

146 1029 195 1096 sit,
223 1025 268 1092 qui
286 1025 392 1079 venerit
407 1025 497 1093 ignem
515 1026 621 1080 mittere
639 1025 798 1093 interram,
823 1025 945 1092 nihilque

144 1104 286 1165 tantopere
304 1096 377 1165 velit,
401 1112 480 1164 quam
498 1103 528 1150 ut
546 1095 713 1164 accendatur,
733 1101 885 1150 concretum
903 1103 944 1149 ta·

146 1185 208 1224 men
221 1168 283 1236 gelu
297 1175 391 1236 pectus
405 1168 514 1236 habete,
537 1174 564 1222 et
577 1166 612 1221 ad
626 1165 750 1221 ardorem
761 1167 840 1220 huius
855 1167 944 1234 splen·

145 1239 275 1295 didissirui
292 1239 357 1294 solis
374 1254 428 1292 nou
445 1237 576 1306 liquefias.
611 1237 689 1306 Roga
707 1252 776 1306 eum,
803 1244 834 1292 ut
851 1238 941 1305 perlu-
1028 1237 1030 1242 ’

146 1318 213 1368 suet
230 1326 277 1364 oon
294 1317 369 1364 tuum
387 1316 415 1364 et
432 1311 521 1364 omnia
537 1309 667 1363 interiora
679 1315 734 1375 tua,
753 1310 890 1376 virtusque
906 1309 940 1364 de

147 1393 180 1438 eo
199 1389 279 1436 exeat
304 1381 340 1436 ad
365 1379 512 1436 sanandum
538 1388 566 1435 et
582 1379 783 1450 vivificandum,
812 1379 942 1448 quidquid

145 1453 295 1508 morbidum
313 1459 341 1506 et
358 1453 482 1507 vitiosum
499 1453 527 1506 in
545 1459 572 1506 te
589 1452 730 1518 repererit.

185 1529 226 1579 12.
244 1525 330 1592 Aperi
348 1525 373 1578 ei
391 1531 477 1578 totum
503 1530 642 1578 cortuum
660 1538 707 1591 ea,
734 1537 802 1590 quae
821 1523 943 1590 congruit

147 1597 260 1651 amicum
277 1597 348 1650 inter
361 1602 388 1649 et
402 1595 522 1662 amicum,
540 1593 624 1648 filium
638 1599 665 1647 et
678 1601 791 1662 patrem,
810 1591 943 1648 confiden-

145 1669 193 1737 tia,
212 1683 271 1722 cum
288 1668 347 1735 ipse
365 1667 461 1720 horum
475 1666 592 1720 omnium
604 1673 697 1733 partes
710 1665 750 1719 tui
764 1680 845 1720 causa
864 1666 942 1720 susti·

146 1746 218 1793 neat.
255 1738 353 1792 Omnes
371 1739 452 1806 igitur
479 1737 629 1791 anxietates
652 1743 713 1790 tuas
742 1743 769 1789 et
793 1751 941 1806 aerumnas,

147 1825 239 1864 omnes
258 1809 422 1862 calamitates
447 1815 475 1862 et
493 1809 644 1876 angustias,
672 1806 800 1874 quidquid
827 1806 943 1875 denique

147 1879 184 1934 ad
202 1880 315 1935 salutem
332 1887 389 1934 tum
408 1880 519 1948 animae,
544 1887 601 1933 tum
619 1879 738 1946 corporis
757 1877 878 1933 conferre
897 1894 941 1932 va-

146 1953 193 2020 let,
211 1951 250 2004 illi
267 1949 381 2004 fidenter
399 1965 526 2019 expones,
553 1957 626 2004 certo
644 1964 798 2018 persuasus,
818 1963 879 2003 eum
896 1950 944 2004 tibi

146 2038 202 2077 non
219 2021 385 2090 defuturum
412 2037 499 2090 neque
525 2021 595 2075 enim
622 2036 712 2075 amare
737 2027 827 2088 potest
854 2029 882 2076 et
900 2021 943 2075 de·

147 2108 246 2150 serere.

185 2167 226 2218 13.
247 2163 333 2230 Quum
352 2179 384 2218 eo
402 2163 571 2232 potissimum
588 2161 641 2217 fine
660 2162 855 2218 sanctissimum
872 2162 942 2217 istud

148 2233 348 2289 Sacramentum
367 2236 402 2289 sit
419 2235 583 2303 institutum,
610 2241 641 2288 ut
658 2249 766 2302 omnes,
795 2235 841 2302 qui
858 2234 940 2302 ipsius
1036 2233 1037 2288 ἶ

147 2304 941 2374 fuerintparticipes‚inJesumtransformeutur:„qoimoa-
1036 2337 1037 2374 ,

148 2377 232 2432 ducat
248 2393 296 2443 me,
314 2378 408 2444 inquit,
426 2382 452 2430 et
469 2379 527 2446 e'psc
544 2377 614 2430 vivet
627 2382 741 2444 propter
754 2377 821 2443 mc,“
840 2391 890 2443 per
902 2376 939 2429 ni·

147 2449 228 2502 miam
244 2449 317 2502 illam
336 2449 482 2516 caritatem,
502 2463 555 2515 qua
572 2454 599 2501 te
619 2447 725 2515 dilexit,
755 2447 867 2502 obsecra
885 2461 942 2500 eum

149 2525 177 2574 et
195 2520 338 2588 obtestare,
367 2525 397 2572 ut
422 2534 513 2573 omnes
538 2519 659 2586 virtutes,
685 2525 712 2571 et
728 2519 824 2586 omnia,
850 2518 942 2585 quibus

148 2590 274 2659 abundat,
294 2590 444 2659 spiritualia
462 2588 532 2657 dona
549 2589 577 2642 in
595 2597 622 2643 te
640 2587 826 2657 transfundat,
855 2597 883 2643 et
899 2588 943 2643 fiat

148 2661 269 2730 perfecta
283 2662 438 2730 studiorum,
453 2661 630 2729 consiliorum,
643 2660 862 2727 voluntatumque
877 2675 942 2714 com·

148 2734 248 2803 munio,
267 2733 335 2788 adeo
354 2741 392 2802 ut,
412 2733 501 2802 quoad
518 2733 603 2802 vivas,
620 2732 677 2786 ιάιη
689 2747 745 2785 aaa
762 2736 793 2786 to
805 2732 890 2799 olous,
907 2733 943 2786 oi·
1016 2779 1020 2789 .

147 2810 196 2859 eat
212 2821 274 2860 uero
291 2807 322 2860 iu
339 2811 364 2860 te
383 2805 512 2861 Circulos.
