2098 3222
203 201 321 241 l'ormulae
333 201 422 266 petendi
435 202 509 242 ramae
521 201 639 242 facultates
653 203 676 241 et
690 203 781 250 grallae.
854 199 896 243 831

97 301 151 356 lius
175 300 358 369 impetrandae
386 301 592 369 dispensationis
617 293 704 368 ducti,
728 299 842 369 turpiter
866 315 896 358 se

100 373 282 441 cognoverint,
309 379 337 426 et
354 373 406 426 nisi
423 372 622 426 Matrimonium
638 371 709 426 inter
727 385 773 426 eos
792 380 895 428 contra·

100 442 210 498 hereum
226 459 281 498 non
299 450 402 498 tantum
418 443 489 497 diota
507 443 602 497 mulier
620 441 756 496 diffamata
774 450 801 497 et
817 459 895 499 vero-

102 514 224 570 similiter
240 515 353 583 innupta
365 521 523 583 remaneret,
542 515 686 583 graviaque
701 513 826 568 scandala
844 516 896 572 ori·

101 592 202 656 rentur,
220 601 312 640 verum
336 587 416 640 etiam
433 585 580 654 pericnlum
605 592 684 654 esset,
709 599 743 638 ne
768 583 896 644 Oratores

103 628 202 711 afide
214 657 346 712 catholica
367 656 527 725 deficerent,
550 657 612 710 hino
635 655 896 712 Reverendissimum

100 728 263 783 vicariatum
281 729 439 783 Generalem
464 729 541 782 coire
559 743 679 797 rogo‚u
659 727 896 795 utApostolicam

103 799 328 869 dispensationem
347 814 429 868 super
453 799 576 868 exposito
595 798 783 882 impedimento
800 815 896 884 procu-

99 886 161 926 rare
179 871 291 940 relit3'
284 887 312 926 m
330 887 409 939 quern
426 869 507 925 finem
523 870 691 939 paupertatis
708 871 896 941 testimonium,

99 942 175 996 iuxta
193 941 265 1010 quod
274 941 402 998 Oratores
416 941 451 996 ad
469 958 599 996 summum
614 985 621 1000 .
636 981 642 996 .
659 981 665 994 .
681 983 687 1000 .
706 941 825 996 thaleros
843 942 895 996 Bo·

97 1014 214 1068 russicos
234 1011 362 1069 soluendo
382 1020 451 1082 sunt,
471 1013 594 1082 adiungo,
615 1028 694 1081 quam
712 1028 841 1067 summam
860 1014 894 1069 si·

98 1084 155 1138 mul
171 1085 200 1138 in
218 1083 345 1140 fasciculo
363 1084 416 1153 ‚‚G.
438 1083 488 1140 V.“
506 1085 610 1154 signato
630 1101 689 1138 cum
707 1083 780 1139 hisce
799 1085 895 1141 litteris

94 1155 255 1212 transmitto.

95 1297 133 1339 aa.
154 1292 279 1338 Formula
290 1303 429 1348 praessum
446 1291 625 1338 informatorll
640 1293 674 1338 ad
688 1294 893 1341 commlssorlnm

235 1358 263 1403 in
277 1369 356 1404 causa
369 1359 521 1414 praedictae
534 1357 743 1412 dispensationis.

169 1436 315 1491 Plurimum
333 1436 480 1492 reverende
497 1437 612 1492 Domine
636 1437 726 1492 Vicari
744 1437 895 1494 Generalis!

135 1507 180 1562 Ex
198 1507 318 1576 diligenti
335 1509 506 1575 inquisitione
523 1509 552 1562 in
570 1524 665 1562 causas
684 1508 717 1562 ab
737 1507 895 1565 Oratoribus

99 1579 253 1634 Hermanno
271 1578 305 1633 N.
321 1586 353 1633 et
370 1579 458 1634 Maria
474 1580 509 1637 N.
529 1580 563 1634 ad
580 1579 773 1648 impetrandam
791 1579 896 1647 dispen-

99 1650 231 1706 sationem
258 1650 439 1719 Apostolioam
467 1667 548 1720 super
569 1650 648 1720 primi
673 1651 793 1718 aequalis
813 1650 895 1704 affini·

99 1722 163 1776 tatis
181 1721 280 1790 gratim
303 1721 491 1791 impedimento
510 1723 648 1791 allegatas,
674 1722 749 1777 cuius
772 1721 813 1776 rei
839 1720 894 1776 offi-

100 1793 170 1848 cium
188 1793 329 1861 plurimum
346 1793 496 1848 reverenda
512 1794 636 1862 Dignitas
653 1792 752 1848 Vestra
769 1793 858 1849 die..

99 1863 165 1918 mihi
179 1863 338 1918 demandare
353 1864 462 1932 dignata
476 1872 525 1933 est,
542 1864 670 1933 intellexi,
685 1863 793 1918 eosdem
803 1879 895 1947 supra-

100 1935 171 1989 dicto
189 1934 323 1990 affinitatis
341 1935 425 2019 gradu
448 1951 545 2005 reapse
568 1934 730 2018 praepediri,
755 1937 896 2002 quominus

99 2005 272 2060 Matrimonio
291 2006 406 2060 valide·
398 2008 472 2076 rungi
490 2014 596 2076 queant,
614 2007 642 2060 i'n
661 2022 725 2060 casu
737 2021 802 2060 vero
816 2005 895 2060 dene-

99 2085 179 2148 gatae
198 2076 342 2146 dispensat
335 2078 403 2134 1onis
429 2095 483 2133 non
507 2078 593 2133 solum
612 2076 759 2132 Oratrieem
782 2077 896 2145 turpiter

99 2149 233 2217 cognitam
252 2149 285 2203 ab
301 2148 414 2204 Oratore
425 2149 588 2205 diffamatam
602 2155 629 2203 et
641 2149 779 2217 innuptam
792 2163 895 2203 reman-

98 2235 197 2290 suram,
215 2235 308 2274 verum
327 2221 407 2275 etiam
425 2219 665 2288 pertimescendum
678 2234 747 2288 esse,
765 2235 799 2273 ne
818 2218 895 2276 ambo

98 2307 116 2347 a
134 2261 197 2346 fide
206 2291 337 2346 catholica
355 2291 510 2347 desciscant.
541 2291 658 2359 Quarum
676 2291 816 2345 veritatem
834 2306 895 2345 cau·

98 2379 189 2419 sarum
207 2361 353 2418 testificans
372 2363 450 2417 simul
466 2362 546 2418 fidem
559 2362 639 2431 facio,
656 2361 764 2417 eosdem
775 2376 839 2416 vere
853 2377 895 2416 or·

97 2433 234 2488 thodoxae
252 2433 315 2488 fidei
334 2434 449 2490 cultores
468 2449 536 2503 esse,
556 2433 605 2490 sub
616 2432 768 2488 obedientia
786 2439 894 2488 sanctae

97 2505 235 2560 Romanae
253 2505 381 2562 ecclesiae
399 2505 498 2574 virere,
522 2505 687 2573 ulteriusque
712 2503 761 2559 sub
784 2504 831 2558 illa
857 2505 896 2558 vi·

98 2591 164 2629 vere
174 2582 201 2630 et
209 2577 277 2631 mori
286 2575 424 2632 intendere
435 2584 462 2630 et
470 2575 617 2631 Oratrieem
626 2582 731 2658 raptam
739 2591 793 2630 non
803 2574 895 2631 luisse.

97 2647 246 2701 Praeterea
262 2653 332 2704 testo
352 2647 460 2702 eosdem
490 2661 554 2702 rere
573 2648 698 2702 canonice
715 2661 849 2715 pauperes
868 2653 896 2701 et

97 2717 264 2774 miserabiles
283 2733 351 2788 esse,
374 2733 499 2773 mannum
523 2734 631 2774 sumum
657 2718 749 2773 labore
775 2725 803 2773 et
820 2716 896 2772 ιιιιιιι-

99 2788 167 2846 stria
191 2787 329 2844 dumtaxat
350 2790 451 2860 vivere,
475 2790 575 2858 ullique
599 2796 679 2844 tanae
702 2787 896 2857 persolvendae

64 2885 70 2892 ⁴
95 2862 215 2931 impares
234 2875 302 2916 esse.
338 2860 434 2916 Adhuc
453 2860 531 2933 addo,
557 2860 724 2930 supradictos
740 2859 896 2930 nupturien-
