2098 3222
194 227 311 268 Normulas
324 227 412 278 putandi
425 227 499 267 var-las
511 226 630 267 ιιιιιιιιιιι
644 229 666 266 ιι
680 227 771 276 gratias.
842 221 885 267 did

87 329 163 414 plere
181 335 317 396 nequeunt
335 328 437 396 absque
462 325 730 396 sedisapostolicae
749 327 886 430 dispensa·

86 401 169 468 tione,
187 399 339 469 supplicant
357 406 417 469 etc,
434 403 466 453 ιιι
482 413 577 468 sopra.

88 482 126 530 1⁷.
150 480 274 526 Far-mula
292 479 397 536 potandi
416 479 636 534 dispensationem
650 478 790 525 alitteris
808 482 902 536 supar'

129 546 314 603 impedimento
327 545 432 592 notorio
451 544 479 590 ln
492 544 606 590 secunda
620 548 647 590 at
659 545 740 639 turtio
753 546 848 602 gradu.

158 615 317 670 Beatissimo
335 614 431 669 Pater!

124 686 186 755 Exp
188 687 277 741 unitur
294 686 431 740 humiliter
449 683 590 740 sanctitati
607 633 723 739 Vestrae
741 700 791 754 pro
809 692 887 753 parto

87 758 246 813 devotorum
264 758 295 826 Ip
297 758 352 812 sius
377 755 529 824 Oratorum,
552 755 587 809 N.
606 762 634 810 et
651 756 694 824 N,
720 755 793 824 quod
810 771 888 824 prae·

68 829 152 884 dicti
170 775 298 884 Oratores
317 827 484 883 orthodoxae
501 825 564 880 fidei
582 826 707 895 cultores,
733 833 761 881 et
779 829 816 894 (ιι
832 829 888 884 siat

87 901 162 968 talea,
180 900 211 953 td
229 899 385 968 quodcum
401 914 505 968 semper
522 897 592 952 aaut
603 901 704 966 potest)
730 912 795 954 vere
821 914 887 967 pau·

88 985 169 1040 peres
187 987 219 1025 ac
237 971 411 1040 miserabiles,
430 971 539 1038 cupiant
555 969 786 1024 matrimonialiter
806 986 887 1039 copu-

87 1043 146 1111 lari,
166 1041 249 1109 quia.
265 1082 295 1097 ..
316 1043 439 1111 (portator
457 1042 564 1105 caasa).
597 1040 663 1095 Cum
681 1046 772 1095 autem
789 1041 888 1096 sintin

88 1113 206 1169 secundo
232 1120 259 1166 et
288 1113 369 1167 tertio
388 1111 624 1179 consanguinitatis
643 1111 728 1180 gradu
747 1112 888 1182 coniuncti,

88 1183 204 1251 ideoque
223 1182 383 1237 desiderium
402 1197 480 1238 suum
498 1182 574 1236 hac'
566 1197 594 1235 ιιι
611 1190 689 1250 parto
703 1183 815 1252 implere
833 1198 888 1239 non

88 1255 194 1324 possint
212 1254 313 1321 absque
323 1253 400 1308 Sedrs
410 1253 581 1322 Apostohcae
595 1251 803 1323 dispensatione,
825 1255 887 1310 hinc

88 1325 241 1393 supplicant
253 1325 388 1379 humiliter
402 1323 542 1379 Sanctitati
550 1322 665 1378 Vestrae
679 1324 809 1393 praedicti
822 1325 887 1381 Ora·

88 1405 171 1465 tores,
188 1402 219 1450 nt
238 1411 297 1450 cum
314 1396 444 1450 iisdem
436 1412 464 1449 ιιι
491 1393 620 1449 eiusmodi
643 1395 832 1463 impedimento
852 1412 886 1452 ex

89 1467 171 1523 tertio
190 1467 426 1535 consanguinitatis
445 1465 531 1550 gradu
549 1465 713 1534 dispensare,
731 1467 888 1536 prolemque

91 1537 187 1594 exinde
211 1536 407 1606 suscipiendam
431 1535 576 1606 legitimam
600 1538 754 1593 renuntiare
779 1539 889 1607 speciali

8 1615 9 1621 ’
90 1608 328 1734 gratiarggznotur,
347 1616 397 1664 etc.
415 1614 563 1676 utsupra:

160 1751 317 1806 Beatissimo
334 1750 429 1805 Paterl

126 1821 279 1891 Exponitur
295 1822 431 1877 humiliter
448 1821 588 1877 Sanctitati
605 1822 727 1891 Vestrae,
752 1821 824 1890 quod
842 1823 888 1878 Jo-

9 1895 10 1925 ³
90 1907 174 1948 annes
192 1893 226 1947 N.
246 1909 344 1948 annum
361 1893 526 1962 trigesimum
544 1907 634 1962 agens,
654 1901 680 1948 et
697 1894 777 1948 Anna
789 1893 824 1947 N
842 1909 887 1948 an·

89 1979 141 2020 nos
158 1965 252 2033 viginti
271 1964 387 2032 quinque
405 1971 477 2032 nata,
496 1963 627 2020 (ιιοιιιιιι
640 1964 675 2022 N.
694 1965 888 2032 etparochiani

89 2036 151 2104 mei,
169 2034 337 2090 orthodoxae
354 2033 418 2090 fidei
436 2035 560 2104 cultores,
579 2035 692 2090 invicem
706 2037 816 2104 cupiunt
832 2052 887 2090 ma·

89 2107 276 2162 trimonialiter
294 2106 426 2175 coniungi.
463 2108 500 2161 Αι
520 2122 585 2160 voro
605 2123 664 2161 cum
682 2106 800 2162 secundo
826 2122 887 2161 con-

10 2191 11 2194 ’
89 2178 276 2262 sanguinitatis
295 2177 380 2246 gradu
399 2177 486 2232 lineae
504 2183 674 2234 transversae
688 2177 814 2263 ⁸aequalis
833 2178 887 2234 sint

87 2250 178 2318 iuncti,
196 2249 236 2304 uti
255 2263 288 2303 ex
307 2248 442 2304 schemate
415 2255 479 2304 ιι
502 2247 581 2318 tergo
600 2249 724 2317 apposito
740 2249 886 2320 colligitur,

85 2320 138 2375 hoc
156 2320 319 2376 desiderium
338 2334 430 2374 eorum
448 2320 549 2387 absque
563 2319 641 2376 Sedis
654 2311 828 2388 Apostolicae
847 2319 885 2374 di·
950 2371 952 2376 .

89 2391 261 2460 sponsatione
281 2390 420 2460 adimpleri
437 2407 491 2450 non
500 2397 599 2459 potest
619 2391 722 2446 Causae
741 2397 830 2445 autem
848 2390 887 2445 di·

11 2495 12 2532 ι
86 2463 230 2530 spansandi
249 2470 311 2518 sunt
329 2469 486 2530 sequentes:

12 2559 13 2586 ι
124 2533 148 2602 1)
168 2532 304 2603 Oratores,
327 2548 382 2588 non
400 2533 507 2602 quidem
525 2533 574 2588 suh
592 2547 648 2618 'spe
675 2531 822 2588 facilitandi
848 2533 886 2587 di·

12 2631 14 2656 ι
88 2605 294 2674 speusuuonem,
313 2604 381 2659 adeo
400 2603 567 2658 familiariter
590 2603 661 2659 inter
687 2619 717 2659 se
735 2604 887 2660 conversati

12 2697 14 2722 ι
88 2679 160 2742 sunt,
179 2681 209 2729 ut
226 2675 287 2729 inda
307 2682 367 2730 orta
384 2676 419 2731 sit
438 2676 563 2745 suspicio,
590 2676 653 2730 licet
669 2674 746 2744 iulsa,
765 2675 837 2743 quod
856 2689 886 2729 se

88 2743 232 2799 carnaliter
245 2747 434 2815 cognoverint;
451 2746 522 2801 unde
536 2747 631 2802 merito
644 2717 800 2815 timentium,
814 2744 887 2813 quud

12 2827 16 2854 ι
87 2815 210 2885 Orsum,
235 2817 287 2871 nisi
316 2817 516 2874 Matrimonium
537 2817 607 2873 inter
632 2833 678 2873 cos
705 2817 887 2888 contrahatur,

13 2891 16 2922 ¹
83 2887 205 2958 gratita
222 2886 359 2944 diffamata
376 2897 404 2946 et
421 2890 534 2960 innupta
551 2896 697 2946 ramaneat.
