2138 3226
348 179 407 221 Ordo
420 181 479 220 vitae
493 180 643 221 sacerdotalis.
858 179 898 223 185

15 263 16 276 ¹
91 283 162 354 dum,
185 282 221 337 ad
240 281 377 338 terrorem
394 282 482 340 cordis
495 283 707 352 accendendum,
726 282 760 338 ad
778 283 899 340 devotio·

95 371 159 410 uem
175 355 259 408 animi
272 353 494 425 inflammandam,
509 355 543 410 ad
555 356 627 410 bona
636 371 719 424 opera
727 354 898 426 perficienda,

92 426 129 481 sd
145 427 250 566 misisti
260 425 431 564 >cumulanda
450 434 499 482 etc.
536 428 632 482 Pietas
655 426 694 480 od
711 427 803 482 omnio
820 427 898 482 atriis

93 503 140 554 ost.
221 497 258 550 i.

128 569 179 626 VL
219 565 349 623 Orationi
363 571 465 623 owote.
501 567 632 637 Orationi,
658 582 728 636 quae
745 567 839 622 intima
856 573 898 623 est

92 639 147 694 Dei
167 655 230 693 cum
247 639 363 708 homine,
381 639 496 694 hominis
514 655 574 694 cum
596 639 655 694 Deo
675 638 825 708 collocutio,
844 653 898 705 qua

91 710 236 765 hominum
262 718 327 765 vota
351 708 386 763 ad
410 711 498 765 Deum
523 710 686 780 defertmtur,
715 725 821 778 quaque
845 709 898 764 Dei

93 780 170 836 dona
190 780 225 836 ad
243 781 534 852 hominesreiertmtur,
554 782 672 849 qnotidie
691 781 785 838 saltem
796 796 845 850 per
856 795 897 836 se·

92 853 238 922 mihoram,
256 852 404 906 humillima
427 854 525 908 mentis
550 853 704 922 attentione,
724 852 896 908 devotissimo

95 923 182 979 animi
205 937 287 978 seusu
312 931 414 978 vacate.
441 923 526 978 Juxta
544 924 573 980 S.
591 926 661 993 Aug.
680 931 752 979 recte
771 925 846 979 novit
857 924 896 977 vi·

95 1011 174 1064 rere,
195 995 242 1062 qni
259 1001 334 1050 recte
351 996 426 1050 novit
444 1009 531 1062 orare,
560 1001 588 1050 et
612 1011 648 1050 ex
665 996 812 1050 Doctorum
836 1009 896 1050 seu·

96 1067 195 1134 tentia,
223 1066 269 1132 qui
287 1067 435 1121 orationem
452 1066 551 1135 abiicit,
581 1067 651 1120 viam
670 1067 763 1122 salutis
782 1066 896 1135 deserit3

95 1137 168 1192 diem
186 1137 270 1204 igitur
287 1137 344 1192 sine
363 1138 483 1192 oratione
501 1144 665 1192 aansactum
682 1139 807 1193 amissum
825 1137 896 1192 diem
965 1181 968 1186 .

93 1208 260 1264 existimate.
278 1208 353 1263 Inter
370 1215 461 1262 cetera
477 1209 550 1263 vitae
569 1209 711 1263 christiane
731 1216 758 1264 et
771 1209 895 1264 sacerdo·

95 1281 189 1335 taliter
198 1279 378 1334 instituendae
390 1279 479 1334 media
491 1279 629 1334 meditatio
647 1281 896 1335 excellentissimum

95 1357 125 1406 et
138 1350 211 1406 torte
230 1350 295 1404 viris
314 1351 397 1405 sacris
414 1351 537 1406 absolute
555 1352 743 1406 necessarium.
762 1351 847 1420 „Cum
856 1351 895 1404 vi·

97 1421 166 1477 dero
185 1421 338 1489 quempiam
355 1438 410 1476 non
428 1429 560 1476 amantem
585 1422 679 1477 orandi
704 1422 827 1490 studium,
845 1435 896 1476 uec

97 1493 180 1548 huius
196 1493 239 1546 rei
252 1491 356 1547 iervida
367 1492 572 1562 vehementique
584 1509 649 1547 cura
661 1494 755 1562 teuen',
771 1493 895 1547 contnuo

96 1564 163 1618 mihi
180 1563 271 1632 padam
289 1571 338 1633 est,
365 1579 425 1619 enm
442 1564 508 1618 nihil
527 1565 650 1633 egregiae
669 1564 739 1618 dotis
747 1563 894 1632 possidere.

95 1636 135 1690 Et
152 1635 275 1703 quisquis
298 1651 353 1690 nou
371 1643 430 1690 orat
447 1636 542 1704 Deum,
569 1652 619 1690 uec
644 1635 734 1689 divino
760 1633 894 1701 colloquio

96 1707 172 1775 cupit
190 1705 299 1761 assidue
317 1706 377 1776 irui,
401 1707 425 1762 is
449 1715 570 1762 mortuus
598 1712 640 1762 est
663 1713 690 1761 et
710 1706 767 1759 rita
790 1719 893 1774 carens,

98 1792 251 1846 expersque
270 1793 351 1832 sanae
360 1778 471 1846 mentis,
489 1777 614 1832 namhoc
626 1778 714 1846 ipsum
727 1783 769 1831 est
786 1775 894 1830 criden·

97 1849 230 1904 tissimum
249 1857 433 1917 argumentum
452 1850 592 1918 amentiae,
609 1865 665 1902 non
678 1848 827 1916 intelligere
839 1863 894 1900 ma·

96 1919 264 1989 guitudinem
273 1920 352 1974 huius
369 1920 487 1989 honoris,
505 1936 555 1974 nec
569 1935 659 1974 amare
669 1918 830 1988 deprecandi
839 1925 894 1974 stu·

97 1991 198 2046 dium.“
215 1990 253 2058 (S.
263 1991 381 2059 Bonan.)
396 1992 470 2045 Inter
488 1999 593 2046 ceteros
606 1998 737 2059 auctores,
752 1991 797 2058 qui
811 1997 894 2044 mate·

98 2063 164 2117 tiam
173 2061 355 2116 meditationis
364 2061 545 2131 suppeditant,
559 2061 777 2116 commendantur
790 2062 894 2116 Beuve·

97 2133 143 2202 let,
152 2133 278 2200 Nepven,
289 2131 322 2186 de
333 2133 428 2198 Ponte,
438 2134 587 2200 Lancicius,
597 2132 729 2201 Neuville,
745 2133 891 2201 Ghevassu,

99 2203 224 2272 Ohennrt,
245 2203 360 2272 Crasset,
379 2205 540 2272 Avancinus,
566 2204 678 2272 Croiset
703 2204 807 2273 Abelly,
836 2203 894 2257 Me·

97 2275 186 2344 duille,
199 2275 346 2344 Chappuis,
355 2276 486 2344 Boissieu,
501 2275 663 2344 Giraudeau,
671 2275 789 2343 Lercari,
801 2275 893 2343 Scotti,

98 2347 214 2415 Tanuer,
242 2346 370 2415 Boppert,
399 2347 544 2415 Ghaignon,
572 2347 682 2416 Kroust,
708 2346 827 2415 Schloer,
853 2346 894 2399 Le

98 2417 195 2472 Maitre
222 2424 273 2472 etc.
298 2419 343 2485 qui
365 2417 434 2472 forte
463 2417 497 2472 ad
522 2417 663 2472 conciones
689 2415 894 2486 componendas,

100 2489 266 2557 adpopulos
290 2487 440 2544 edocendos
463 2489 541 2543 vobis
565 2489 660 2543 maiori
683 2495 810 2556 poterunt
834 2501 894 2543 esse

101 2560 272 2626 adiumento,
311 2576 390 2627 quam
417 2560 471 2628 ipsi
504 2559 719 2614 concionatorum
756 2559 828 2614 libri.
857 2587 892 2598 -·

99 2631 224 2688 Divinum
250 2629 363 2686 officium
389 2631 501 2699 integre,
528 2638 697 2700 reverenter,
732 2629 818 2698 digne,
853 2635 893 2682 at·

103 2709 181 2772 teute,
200 2701 345 2771 ferventer,
363 2703 407 2770 pic
427 2718 457 2756 ac
471 2702 567 2756 devote
580 2716 685 2769 semper
702 2701 822 2755 recitate.
840 2699 893 2754 Lo·

102 2790 159 2830 cum
177 2781 205 2828 et
222 2781 329 2842 tempus
345 2772 444 2828 adhoc
458 2789 553 2830 munus
566 2771 692 2826 idoneum
705 2772 817 2838 seligite.
837 2770 894 2824 Sal-

100 2852 153 2902 tem
169 2845 198 2899 iu
215 2852 272 2900 tres
297 2844 370 2899 vices
395 2843 508 2899 officium
527 2844 650 2897 dimnum
667 2842 809 2911 partimini.
846 2839 894 2894 Sa·
