2130 3242
167 167 209 210 tao
347 171 380 210 De
394 171 585 211 &amatorum
599 171 795 215 administratione.

168 287 263 328 cursus
290 271 324 326 ad
348 271 541 328 confessarium
567 278 630 327 1111
653 273 737 328 velud
754 271 841 328 frictio
861 273 974 346 scabiei,

169 357 238 412 quae
257 343 365 411 quidem
382 344 478 412 planet,
497 342 545 398 sed
562 351 650 398 nocet.

205 417 230 472 5.
251 415 415 482 Quandoque
430 415 549 470 suaviter
562 414 680 484 irrideat,
699 415 762 470 dum
774 414 895 470 infirmus
908 431 974 486 pro·

167 487 245 556 ponit
259 486 348 554 aliqua
362 485 443 540 dubia
460 487 547 541 minus
566 485 716 556 prudentia,
734 487 878 554 iubeatque
898 488 974 557 eogi-

168 566 237 626 tare,
256 557 319 625 quid
337 573 515 626 responsurus
534 564 620 626 esset,
647 558 670 612 si
696 557 729 612 ab
749 558 801 613 alio
819 558 973 628 interroga·

168 637 252 698 retur,
270 629 414 696 iubeatque
432 627 548 696 idipsum
565 627 665 683 iacere.

205 702 231 758 6.
251 698 424 755 Commendet
449 699 474 753 ei
492 699 605 753 maxime
630 698 819 770 humilitatem,
849 717 910 756 cum
937 717 974 758 ex

169 772 234 826 vitio
253 771 395 839 superbiae
418 787 473 825 non
489 786 552 825 raro
571 771 701 840 originem
719 769 818 826 ducent
835 773 973 842 serupuli3

168 844 335 914 praescribat
356 843 389 911 ei,
408 848 438 896 ut
452 842 584 898 abstineat
598 857 615 894 a
627 843 742 896 lectione
754 843 904 912 librorum,
925 845 973 912 qui

168 914 308 982 scrupulos
333 913 426 968 fovere
452 913 569 982 possint,
601 913 825 982 scrupulososque
852 914 972 986 devitet;

167 984 264 1040 deinde
282 986 370 1052 ipsum
388 985 538 1053 prohibeat,
561 999 595 1038 ne
614 992 676 1038 ante
694 982 889 1042 confessionem
908 1003 972 1042 con·
1059 997 1060 1008 ¹

167 1057 305 1112 scientiam
317 1052 457 1109 'examinet
475 1056 545 1109 cirea
572 1069 618 1124 ea,
640 1055 735 1123 quibus
753 1057 866 1111 maxime
885 1073 970 1112 vexa·
1059 1073 1060 1122 ς

166 1134 219 1193 tur,
239 1126 286 1180 sed
299 1127 458 1194 praesertim
473 1127 562 1194 exiget
581 1126 614 1180 ab
633 1127 691 1196 ipso
706 1127 885 1182 omnimodam
904 1129 972 1184 obe·
1059 1137 1060 1196 ξ

167 1197 294 1252 (11111111
313 1213 378 1266 erga
396 1197 554 1252 directorem
573 1213 664 1266 suum;
692 1197 743 1252 boc
768 1199 839 1252 enim
864 1201 971 1268 praeci·
1059 1230 1060 1244 r

167 1285 250 1338 puum
268 1275 317 1338 est,
336 1284 369 1323 ne
388 1268 473 1325 dicam
491 1270 597 1322 unicum
615 1269 694 1324 buius
712 1268 872 1326 infirmitatis
890 1271 970 1340 spiri·

166 1339 418 1410 mediummedium,
435 1347 467 1394 ut
484 1338 581 1395 docent
594 1355 686 1395 omnes
699 1341 819 1410 magistri
842 1343 970 1412 spiritua·
1059 1337 1060 1350 ¹

67 1424 69 1433 ’
167 1412 222 1478 111;
242 1419 269 1465 11
287 1412 310 1466 si
327 1427 381 1466 non
400 1409 515 1480 obediat,
545 1427 605 1465 enm
622 1412 750 1481 increpet,
780 1413 871 1480 privet
890 1413 970 1468 Gom·

167 1483 293 1538 munione
312 1490 339 1537 et
356 1483 477 1550 rigorose
496 1490 626 1537 coereeat
663 1482 741 1537 Licet
769 1484 839 1537 enim
856 1501 970 1553 serupu-

167 1554 219 1609 losi
235 1554 395 1622 regulariter
413 1569 472 1607 eum
490 1552 630 1608 dulcedine
649 1559 677 1608 et
694 1555 898 1610 mansuetudine
916 1557 971 1612 sint

167 1625 308 1692 tractandi,
330 1626 400 1679 eirca
413 1623 592 1679 obedientiam
605 1632 695 1680 tamen
708 1641 819 1694 magnus
832 1627 909 1695 rigor
927 1635 970 1684 est

167 1697 345 1752 adhibendus.

203 1769 240 1822 Et
258 1768 384 1836 quoniam
402 1765 551 1834 scrupulosi
568 1783 623 1821 nou
647 1781 702 1822 mro
722 1767 870 1834 eodemque
889 1767 971 1826 modo

168 1847 311 1909 vexantur,
334 1839 410 1894 varia
428 1853 534 1905 quoque
554 1853 618 1906 erga
634 1837 696 1894 illos
715 1837 842 1892 adhibere
861 1847 971 1907 oportet

168 1909 295 1966 remedia.
326 1910 382 1964 Alii
397 1909 489 1977 pravis
502 1909 659 1977 affliguntur
672 1909 886 1979 cogitationibus,
905 1928 932 1964 v.
944 1927 971 1980 g.

168 1989 262 2036 eontra
279 1980 367 2050 fidem,
393 1995 476 2048 spem,
496 1980 653 2049 castitatem,
681 1981 776 2050 quibus
795 1981 921 2036 assentiri
940 1997 970 2038 se

170 2052 338 2121 existimant,
366 2068 425 2106 cum
444 2066 490 2106 eas
510 2067 525 2105 e
542 2058 631 2106 mente
649 2050 750 2106 frustra
773 2051 906 2120 repellere
926 2068 970 2109 co·

168 2129 281 2191 nentur;
298 2123 328 2175 'hi
346 2121 472 2176 monendi
493 2129 563 2191 sunt,
582 2137 636 2177 non
653 2123 681 2176 in
698 2123 896 2194 imaginatione,
922 2123 971 2180 sed
1059 2147 1060 2170 t

168 2195 197 2248 in
215 2195 274 2248 sola
287 2194 424 2248 voluntate
439 2195 554 2261 positum
569 2209 629 2248 esse
641 2202 789 2262 peccatum.
826 2195 889 2249 Non
903 2195 971 2250 obli·
1059 2249 1060 2268 ,

168 2265 288 2319 viscatur
306 2264 484 2320 confessarius
502 2265 611 2332 regulae
631 2280 647 2320 a
664 2265 827 2320 Ductoribus
844 2265 970 2338 traditae,
1059 2297 1060 2306 κ

169 2335 278 2405 sedicet,
298 2350 354 2405 eos,
380 2337 426 2403 qui
443 2336 617 2403 scrupulosae
636 2343 698 2390 sunt
716 2337 904 2407 eonscientiae,
923 2338 971 2392 im·
1059 2381 1060 2390 ,

169 2422 262 2461 munes
282 2422 298 2460 1
315 2414 436 2477 peceato,
454 2407 613 2475 praesertim
632 2407 708 2476 gravi
724 2406 882 2463 iudicandos
901 2423 971 2479 esse,
1059 2473 1060 2480 ἵ

168 2478 221 2532 nisi
238 2479 290 2547 ipsi
309 2494 412 2532 summa
430 2477 587 2532 certitudine
601 2478 695 2532 morali
708 2479 840 2550 noverint,
860 2495 890 2534 se
909 2495 971 2550 pee-

169 2563 254 2603 casse.
290 2549 344 2602 Alii
362 2551 432 2604 eirea
451 2548 632 2605 confessiones
656 2550 817 2617 praeteritas
836 2559 970 2620 perpetuo

169 2620 242 2674 anxii
261 2627 335 2688 sunt,
362 2635 473 2689 nempe,
499 2620 572 2688 quod
594 2621 623 2674 in
640 2622 680 2676 111
697 2637 752 2676 non
770 2622 835 2676 satis
853 2623 971 2691 expliea-

168 2691 258 2745 verint
275 2691 364 2744 omnia
381 2697 493 2760 peecata
516 2698 563 2746 ant
580 2691 806 2762 circumstantias,
835 2693 881 2748 vel
899 2691 972 2762 quod

168 2777 224 2816 non
241 2762 384 2816 habuerint
401 2761 575 2816 sufficientem
600 2763 786 2818 contritionem
810 2765 854 2819 vel
872 2779 971 2834 propo-

168 2833 251 2888 situm
268 2833 334 2889 11111
350 2831 463 2903 firmum,
491 2831 607 2901 ideoque
624 2847 672 2891 eas
688 2835 788 2890 iterare
804 2841 917 2906 optant;
935 2835 971 2908 bi,
