2138 3226
140 445 162 525 Ι.
210 444 268 525 ΒΕ
297 443 616 568 ollhssaluouh
646 443 703 524 SS.
725 443 877 524 masth

395 579 626 659 stolllloss.
810 589 817 604 ⁸

145 719 271 790 „Quanta
301 735 366 773 eura
392 716 544 771 adhibenda
569 718 618 788 sit,
647 719 700 786 (ait
724 717 804 773 Oeae.
832 719 909 775 itit.

107 790 178 846 Sese.
191 794 238 844 22.
252 791 358 844 Deerat.
379 789 412 844 de
430 787 604 844 obseranda
623 795 649 844 et
666 789 800 844 evitandis
819 791 850 844 ia
871 807 910 846 oe-

107 863 256 916 lehratioae
269 861 393 928 Missae),
420 866 452 914 nt
473 867 672 915 sacrosanctum
689 861 790 916 Missae
809 862 909 918 saorifi·

108 933 179 988 eiam
197 932 271 988 omni
287 931 424 1000 religionis
448 931 522 984 cultu
546 946 577 985 ae
595 933 768 988 veneratione
791 933 908 989 celebre·

106 1011 165 1074 tur,
194 1004 283 1072 quivis
300 1002 379 1057 facile
398 1002 551 1057 existimare
571 1004 684 1073 poterit,
713 1004 759 1072 qui
777 1005 909 1074 cogitarit,

107 1075 280 1129 maledictum
302 1075 330 1128 in
348 1073 431 1129 saeris
449 1073 546 1128 litteris
570 1088 631 1128 eum
648 1077 754 1145 vocari,
782 1077 829 1143 qui
845 1076 911 1132 faeit

107 1163 178 1216 opus
195 1146 249 1200 Dei
271 1146 446 1214 negligenter.
484 1143 586 1212 Quodsi
610 1147 762 1201 necessario
784 1145 909 1218 fatemur,

108 1218 211 1272 nullum
241 1216 314 1270 aliud
347 1231 415 1284 opus
446 1214 513 1270 adeo
541 1222 661 1270 sanetum
689 1233 720 1272 ae
747 1217 865 1272 divinum
892 1233 910 1273 a

108 1289 211 1343 Christi
223 1285 347 1342 fidelihus
359 1287 470 1341 maturi
481 1301 570 1355 posse,
589 1303 669 1355 quam
686 1288 738 1342 hoo
755 1289 843 1357 ipsum
855 1296 910 1344 tre·

107 1358 235 1414 mendum
258 1359 425 1428 mysterium,
452 1373 505 1425 quo
530 1357 637 1412 vivifiea
657 1359 704 1412 illa
725 1359 828 1430 hostia,
856 1375 911 1428 qua

109 1430 170 1486 Deo
183 1429 260 1484 Patri
277 1429 441 1484 reconciliati
458 1445 558 1497 sumus,
576 1430 604 1484 in
623 1429 701 1484 altari
718 1445 768 1498 per
785 1431 910 1486 sacerdo·

108 1508 152 1558 tes
171 1491 291 1570 quotidie
309 1501 468 1570 immoletur,
487 1501 553 1555 satis
567 1501 647 1554 etiam
665 1507 786 1571 apparet,
806 1517 911 1557 omnem

108 1587 221 1642 operam
247 1578 274 1626 et
293 1570 457 1640 diligentiam
479 1571 507 1625 in
532 1586 565 1626 eo
589 1571 740 1640 ponendam
769 1587 844 1641 esse,
870 1579 909 1642 ut,

108 1651 213 1712 quanta
229 1643 346 1697 maxima
363 1641 423 1697 fieri
436 1649 527 1710 potest
543 1643 665 1697 interiori
679 1641 767 1698 cordis
782 1641 912 1697 munditia

110 1721 139 1769 et
161 1715 280 1784 puritate
308 1721 388 1781 atque
412 1713 545 1769 exteriore
571 1713 721 1768 devotionis
747 1730 778 1768 ao
802 1713 911 1782 pietatis

109 1787 201 1854 specie
219 1785 391 1854 peragamr.“

146 1858 232 1926 „Cum
250 1856 316 1910 nihil
334 1857 369 1910 sit
387 1856 480 1924 maiis,
507 1855 574 1909 nihil
587 1853 740 1925 salutarius,
766 1856 833 1910 nihil
850 1871 910 1912 san·

111 1929 188 1998 otius,
205 1927 273 1981 nihil
291 1925 405 1981 divinius
422 1927 561 1982 incruento
579 1926 680 1981 Missae
698 1925 837 1997 sacrificio,
857 1943 910 1996 quo

109 2000 181 2054 idem
201 1999 306 2067 Corpus
330 2004 358 2052 et
382 1997 510 2066 Sanguis,
537 1997 609 2052 idem
626 1998 701 2053 Deus
728 2005 757 2053 et
781 1999 912 2054 Dominus

111 2077 205 2126 noster
226 2070 309 2124 Jesus
327 2069 449 2124 Christus
473 2069 532 2123 Deo
558 2085 608 2137 pro
632 2070 748 2124 omnium
772 2071 858 2125 salute
884 2070 913 2124 in

112 2141 191 2196 altari
216 2156 267 2208 per
285 2139 439 2195 sacerdotes
455 2139 567 2194 offertum
585 2146 613 2194 et
630 2141 794 2210 immolatur,
812 2141 912 2196 ideireo

113 2220 206 2268 saneta
223 2217 310 2266 mater
328 2211 448 2278 ecelesia,
468 2217 543 2265 tanto
563 2211 645 2264 divini
659 2213 701 2267 sui
719 2213 810 2280 sponsi
829 2211 914 2267 ditata

111 2285 250 2350 thesauro,
269 2297 413 2350 numquam
432 2281 541 2350 destitit,
562 2298 666 2337 omnem
684 2298 783 2353 euram,
803 2297 911 2351 operam

112 2354 331 2423 diligentiamque
349 2354 377 2406 in
401 2352 429 2408 id
453 2351 590 2422 conferre,
614 2361 723 2409 uttam
746 2353 914 2409 tremendum

114 2426 270 2495 mysterium
283 2441 299 2478 a
311 2423 494 2480 sacerdotibus
507 2431 608 2492 quanta
621 2426 737 2480 maxima
749 2424 808 2480 fieri
822 2431 913 2494 potest

113 2496 240 2552 interiore
266 2495 354 2550 cordis
377 2495 507 2550 munditia
534 2511 566 2549 ao
590 2497 706 2563 puritate
728 2503 912 2565 perageretur,

115 2567 258 2635 debitoque
274 2582 412 2622 saetarum
425 2566 651 2621 caeremoniarum
670 2583 701 2621 ac
716 2569 815 2621 rituum
830 2581 914 2634 appa·

113 2645 173 2694 ratu
191 2639 318 2706 cultuque
336 2637 531 2706 celebraretur,
563 2645 593 2692 ut
617 2639 701 2706 ipsius
720 2637 840 2707 mysterii
857 2653 913 2692 ma·

114 2709 225 2778 gnitudo
242 2715 270 2764 et
283 2709 409 2763 maiestas
422 2709 466 2762 vel
479 2715 591 2762 externa
604 2724 710 2777 quoque
726 2710 814 2777 specie
829 2707 913 2776 magis

113 2781 227 2848 eluceat,
247 2786 275 2834 et
291 2778 385 2834 fideles
403 2779 438 2833 ed
455 2793 545 2834 rerum
559 2779 716 2848 divinamm,
735 2794 804 2847 qnae
817 2779 846 2832 in
859 2785 915 2832 tam

114 2851 265 2906 admirabili
278 2865 311 2904 ao
323 2849 477 2906 venerando
492 2849 621 2906 sacrificio
640 2851 760 2906 oeeultaa
779 2849 915 2904 oontmen-
