2146 3234
304 175 337 215 Dc
350 173 476 213 visitatione
490 176 513 212 ct
526 183 578 213 cura
590 173 732 214 infirmorum.
865 171 905 214 ott

109 274 245 344 confiteri3
265 292 296 331 ac
315 277 338 332 si
356 291 424 345 opus
442 274 530 344 fuerit,
548 273 603 330 tam
620 274 732 344 infirmo,
752 292 830 343 quam
849 277 906 332 cius

104 345 281 403 familiaribus
310 348 354 402 vel
377 347 533 415 propinquis
557 347 586 400 in
608 347 763 401 memoriam
789 357 906 415 revocet,

105 416 178 485 quod
189 418 379 474 Lateranensis
398 418 516 487 Concilii‚
526 418 545 488 1)
565 433 596 472 ac
609 418 724 487 plurium
739 418 905 473 Summorum

105 488 264 544 Pontificum
285 489 430 555 decretir²l
455 496 566 544 cavetur
590 489 639 544 sub
658 490 784 558 gravibus
801 491 905 558 poenis,

104 575 139 614 ne
158 560 253 614 medici
273 561 344 616 ultra
360 562 467 624 tertiam
480 562 565 615 vicem
579 569 705 630 aegrotos
717 561 835 625 visitent,
854 561 906 616 uisi

105 631 180 700 prius
197 632 264 700 ipsis
284 639 357 687 certo
383 632 579 702 comitatinos
605 631 785 688 confessionis
813 631 906 686 Sacra·

107 709 197 758 mento
215 703 266 758 rite
287 704 408 772 expiatos
426 703 518 762 fuisse.

144 776 169 830 9.
188 773 258 828 Illud
275 781 417 844 praeterea
442 775 582 843 diligenter
609 775 712 830 servari
737 774 848 842 curabit,
871 789 906 828 ne

108 845 167 912 quis
184 861 234 913 pro
254 843 386 915 corporali
414 847 499 902 salute
524 845 624 914 aliqmd
650 853 760 914 aegroto
786 844 906 913 suadeat,

105 916 150 970 vel
166 915 299 986 adhibeat,
324 917 396 986 quod
414 917 441 972 in
459 916 646 972 detrimentum
668 918 771 972 animae
797 931 906 972 conver·

105 993 187 1042 tatur.

117 1077 123 1087 ·
144 1061 185 1114 10.
211 1059 264 1114 Ubi
283 1075 348 1115 vero
366 1059 513 1130 periculum
530 1060 674 1128 immineat,
699 1060 833 1128 parochus
850 1075 906 1113 mo·

106 1127 210 1197 nobiti)
225 1137 372 1199 aegrotum,
386 1145 420 1185 ua
433 1130 591 1186 daemonum
605 1132 711 1200 astutia,
723 1145 810 1199 neque
823 1130 905 1185 medi·
1010 1115 1024 1170 -“

109 1215 200 1254 corum
223 1201 466 1270 pollicitationibus,
498 1217 586 1269 neque
617 1203 827 1271 propinquorum
861 1211 907 1256 aut

107 1271 252 1326 amicorum
270 1271 404 1328 blanditiis
423 1287 452 1327 se
471 1272 526 1326 ullo
545 1271 623 1327 modo
642 1272 729 1341 decipi
748 1275 825 1342 sinat,
852 1289 905 1341 quo

106 1342 195 1396 minum
215 1357 255 1410 aa,
275 1357 344 1409 quae
363 1342 510 1397 adanimae
524 1343 789 1412 salutempertinent,
808 1361 906 1413 oppor-

107 1419 173 1466 trme
191 1420 326 1480 procuret,
352 1421 380 1468 et
398 1429 452 1480 qua
468 1429 519 1482 par
537 1421 578 1468 est
596 1413 738 1469 devotione
765 1423 792 1469 et
814 1417 906 1470 celeri·

107 1487 173 1550 tate,
192 1489 285 1537 saneta
303 1483 481 1552 Sacramenta,
507 1483 570 1539 dum
587 1500 653 1540 sana
670 1501 745 1539 meus
764 1491 812 1553 est,
839 1486 906 1540 into·

108 1553 203 1620 gripun
223 1568 326 1622 sensus,
344 1555 469 1623 religiose
488 1555 623 1638 suscipiat,
652 1557 719 1610 citra
736 1555 858 1609 fallacem
875 1557 906 1610 il-

4 1628 10 1668 !
106 1625 210 1678 lamae
234 1625 410 1693 perniciosam
433 1628 707 1694 procrastinationem,
732 1641 801 1693 quae
825 1626 907 1693 pluri·

106 1709 165 1750 mos
183 1695 218 1750 ad
232 1703 341 1750 aetoma
354 1697 486 1766 supplicia
499 1696 633 1767 perduxit,
646 1697 785 1764 indiaeque
797 1695 906 1752 fallente

107 1765 215 1822 diabolo
234 1766 364 1836 perducit

146 1841 188 1894 11.
208 1837 310 1906 Quodsi
328 1852 409 1908 aeger
435 1839 531 1907 aliquis
556 1839 752 1895 hortationibus
775 1855 807 1893 ao
824 1838 907 1892 moni-

105 1909 141 1964 tis
163 1909 339 1979 sacerdotum,
357 1909 401 1966 vel
419 1911 564 1966 amicorum
582 1918 610 1967 et
626 1910 831 1966 domesticorum
845 1925 906 1964 con·

107 1979 174 2036 siliis
193 1980 289 2036 adduci
307 1998 361 2037 non
378 1988 476 2051 potest,
500 1990 531 2037 ut
547 1983 613 2038 velit
631 1989 742 2050 peccata
760 1997 809 2037 sua
827 1979 906 2036 cond·
984 2019 987 2027 .

107 2051 168 2121 teri,
195 2058 259 2108 tnnc
285 2069 340 2108 non
367 2053 473 2108 omniuo
505 2053 675 2122 desperanda
700 2068 745 2108 res
772 2059 828 2122 est3
859 2051 907 2107 scd

108 2121 236 2190 quamdiu
254 2123 300 2178 ille
318 2125 393 2194 vivit,
417 2124 580 2193 repetendae
600 2132 661 2180 sunt
678 2124 841 2193 frequentes,
860 2139 906 2178 va·

106 2195 173 2264 riae,
192 2203 221 2250 et
239 2194 359 2251 efficaces
377 2195 545 2251 sacerdotum
565 2202 592 2250 et
610 2196 723 2250 aliorum
741 2197 846 2263 piorum
858 2195 906 2249 hc·

106 2265 206 2320 minum
224 2267 441 2335 exhortationem
459 2266 688 2336 proponendoque
713 2274 838 2322 aeternae
862 2281 904 2321 aa·

106 2335 170 2391 lutis
189 2337 293 2407 damna,
313 2346 340 2393 et
354 2339 532 2406 sempiternae
546 2340 639 2394 mortis
654 2339 799 2408 supplicia;
818 2344 906 2393 osten·

107 2423 266 2432 -—-·--

126 2453 146 2499 1l
161 2455 213 2498 0⁸11.
227 2452 260 2498 22.
275 2457 298 2496 ln
311 2467 357 2505 cop,
373 2455 424 2498 oum
437 2457 573 2506 infirmitatis.

122 2516 144 2567 Ξ)
159 2519 179 2566 S,
192 2520 227 2559 Pil
239 2519 268 2562 V.
283 2521 375 2564 oonsut.
403 2521 471 2570 Super
484 2533 565 2570 prepara
582 2521 714 2561 Dcmtntcam
733 2519 813 2572 (lbdd.)
832 2524 854 2561 et
868 2521 908 2560 ue-

163 2583 211 2626 ned
225 2585 288 2628 x111.
302 2586 325 2626 ln
340 2589 405 2631 donc.
420 2587 482 2630 Rom
492 2597 512 2626 a
524 2583 583 2629 1⁷25.
598 2586 735 2627 Icarnbcrtlnt
748 2588 855 2627 Institutio
868 2585 907 2626 22.

123 2644 145 2697 ³)
158 2649 257 2688 Parocbo
271 2649 419 2701 (corqfecsurt'o)
432 2651 547 2700 incumbit,
563 2650 592 2700 (si
603 2652 752 2700 nullusadslt,
771 2652 808 2701 qul
822 2652 863 2690 hoc
878 2651 909 2690 ot·

164 2711 237 2752 dolum
250 2719 365 2762 praestaro
379 2716 441 2767 velit)
455 2716 573 2757 veritatem
586 2716 672 2756 infirmo
680 2717 777 2757 revelare
791 2719 814 2756 ct
827 2716 910 2755 statum
940 2722 943 2730 ·

165 2777 311 2826 periculosum
326 2783 420 2832 aperire,
435 2784 461 2821 ut
476 2782 552 2822 aednlo
566 2783 648 2830 cogitet
662 2793 695 2829 ea,
716 2791 772 2829 quae
785 2791 826 2830 pro
840 2779 910 2820 saluta

165 2844 251 2885 animae
265 2849 390 2888 necessaria
404 2849 462 2892 sunt.
476 2848 636 2899 ¹(Bccrcqfaldac
650 2849 673 2888 c'u
685 2848 704 2892 lc.
719 2847 741 2897 l.)
