2098 3222
165 173 206 238 792
319 177 351 216 De
365 175 495 226 quibusdam
508 176 558 216 aliis
572 177 711 216 sacerdotnm
724 177 808 220 oiiioiis.

166 293 229 334 nem
246 277 335 346 istum,
363 278 433 332 sicut
455 276 616 332 benedixisti
634 277 751 346 quinque
769 293 856 346 panes
873 279 903 334 in
921 278 966 334 de·

166 358 248 419 serto,
272 357 302 403 ut
327 365 418 403 omnes
444 364 478 402 ex
496 364 528 402 eo
547 356 693 418 gustantes,
717 347 779 403 inde
798 351 922 419 corporis
940 357 967 406 et

167 422 271 476 animae
289 420 439 488 percipiant
455 420 604 474 sanitatem.
642 420 694 486 Qui
721 421 790 476 vivis
815 428 843 476 et
868 437 966 490 regnas

164 493 193 547 in
212 492 321 546 saecula
339 491 513 549 saeculorum.
533 520 566 529 -
585 491 620 545 R.
638 494 732 546 Amen.

202 564 243 617 Ei
261 567 386 632 naperpat
404 578 477 630 apua
495 561 640 616 benedicta.

317 669 354 713 13.
375 665 524 712 Benedictio
537 677 667 713 uovorum
679 667 822 712 iuncinum.

205 747 237 807 V.
254 749 423 804 Adiutorium
441 756 562 803 nostrum
580 749 608 802 in
626 751 732 803 nomine
750 749 868 820 Domini,
888 757 939 806 etc.

206 822 238 878 V.
255 821 386 875 Dominus
402 820 547 887 vobiscum,
567 827 617 892 etc.

203 891 321 947 Oremtca.
357 891 501 959 Bene†dic,
528 891 651 961 Domine,
676 891 727 946 hos
751 907 837 946 novos
865 891 965 947 fructus

167 963 201 1018 N.
220 971 248 1018 et
265 969 382 1032 praesta,
400 968 439 1030 ut,
464 963 509 1029 qui
527 977 561 1015 ex
580 963 619 1016 eis
637 963 729 1016 intuo
747 970 840 1018 sancto
859 964 965 1018 nomine

168 1042 317 1104 vescentur,
337 1035 457 1101 corporis
476 1039 503 1087 et
521 1033 624 1087 animae
643 1034 729 1088 salute
747 1034 895 1101 potiantur.
914 1035 965 1088 Per

168 1106 302 1160 Christum
320 1104 464 1158 Dominum
482 1112 610 1158 nostrum.
630 1131 663 1143 -
682 1104 717 1162 R.
736 1108 830 1158 Amen.

204 1177 245 1230 Et
263 1181 443 1244 aspergantur
460 1191 534 1244 apua
551 1174 697 1230 benedicio.

256 1279 294 1326 tt.
314 1277 463 1325 Benedictio
477 1280 511 1324 ad
524 1280 704 1334 quodcumque
718 1277 886 1325 comestibile.

205 1361 237 1416 V.
256 1361 425 1417 Adiutorium
443 1369 562 1417 nostrum
580 1363 608 1418 in
626 1363 732 1418 nomine
750 1362 867 1432 Domini,
887 1371 938 1420 etc

205 1433 236 1487 V.
254 1433 385 1488 Dominus
403 1433 548 1501 vobiscum,
567 1443 617 1491 etc.

204 1503 322 1560 Oremca
359 1503 504 1572 Bene†dic,
522 1505 644 1572 Domine,
666 1511 815 1560 creatmam
832 1504 913 1560 istam
930 1505 962 1560 N.
1031 1571 1032 1577 ,

166 1583 197 1630 ut
214 1575 250 1632 sit
266 1575 412 1630 remedium
430 1575 547 1630 salutare
565 1576 657 1643 generi
682 1577 806 1644 humano,
834 1584 862 1630 et
888 1591 963 1645 prae·

168 1654 211 1704 sta
238 1662 287 1715 per
308 1646 503 1700 invocationem
528 1648 613 1701 sancti
637 1648 750 1702 nominis
775 1647 829 1715 tui,
855 1655 887 1702 ut
909 1648 964 1715 qui-

167 1731 280 1786 cumque
307 1733 341 1772 ex
367 1733 401 1771 ee
425 1718 593 1787 sumpserint,
618 1719 738 1786 corporis
762 1719 913 1787 sanitatem,
937 1725 962 1772 et

166 1791 270 1844 animae
287 1788 398 1843 tutelam
415 1789 572 1856 percipiant.
599 1789 653 1843 Per
671 1789 804 1846 Christum
822 1789 964 1847 Dominum

165 1867 293 1916 nostrum.
312 1891 347 1899 —
365 1859 399 1914 R.
418 1861 512 1913 Amen.

202 1931 339 2000 Asperpci
356 1947 429 1998 aqua
446 1930 592 1984 benedicio.

355 2043 392 2087 io.
411 2041 561 2111 Benedictio
576 2040 628 2087 olei
643 2039 776 2095 simplicis.
797 2064 800 2079 ι

206 2122 237 2176 V.
255 2120 424 2176 Adiutorium
441 2128 563 2176 nostmm
580 2122 608 2176 in
625 2121 732 2175 nomine
749 2121 866 2190 Domini,
885 2129 936 2177 etc.

201 2193 385 2250 maneamus.
404 2193 538 2248 Exoreino
552 2199 588 2262 te,
603 2199 726 2246 creatura
740 2193 800 2262 olei,
814 2208 865 2260 per
876 2193 963 2247 Deum

167 2265 529 2332 Patrem†omnipotentem,
550 2264 596 2331 qui
613 2262 677 2318 iecit
690 2263 793 2317 eoelum
803 2271 840 2330 ‚et
856 2271 964 2334 terram,

166 2350 240 2388 mare
259 2341 286 2388 et
305 2336 400 2404 omnia,
419 2349 488 2403 quae
506 2335 535 2388 iu
553 2336 592 2390 eis
611 2341 680 2390 sunt.
706 2334 796 2390 Omnis
814 2336 901 2390 virtus
919 2335 964 2390 ad-

168 2406 289 2472 versarii,
308 2406 394 2460 omnis
414 2407 546 2460 exercitus
557 2406 664 2474 diaboli,
684 2412 711 2460 et
729 2405 814 2460 omnis
832 2406 963 2474 incursus,

167 2491 245 2530 omne
263 2477 422 2543 phantasma
440 2484 550 2532 satanae
569 2476 715 2545 eradicare,
740 2483 767 2534 ct
792 2475 913 2546 effugare
930 2478 963 2532 ab

165 2547 216 2600 hac
243 2554 366 2602 creatura
390 2548 450 2617 olei,
475 2557 506 2602 ut
532 2546 581 2603 fiat
605 2548 736 2615 omnibus,
761 2549 807 2614 qui
833 2564 865 2602 eo
891 2551 964 2603 usuri

167 2623 236 2682 sunt,
256 2617 329 2671 salus
347 2621 443 2682 mentis
467 2627 494 2674 et
512 2620 641 2688 corporis,
666 2620 695 2673 in
718 2619 823 2673 nomine
843 2619 896 2674 Dei
914 2619 964 2674 Pa·

165 2688 214 2741 tris
224 2690 242 2752 †
253 2688 450 2759 omnipotentis,
469 2698 497 2744 et
510 2690 577 2745 Jesu
590 2694 609 2757 †
623 2690 730 2759 Christi,
748 2689 811 2744 Filii
825 2690 892 2758 eius,
910 2689 964 2746 Do·

165 2758 229 2812 mini
246 2759 339 2826 nostri,
359 2767 386 2814 et
407 2760 522 2828 Spiritus
540 2762 657 2826 sancti†
677 2761 812 2828 Paraeiiti,
830 2768 859 2816 et
875 2762 904 2816 in
922 2777 964 2816 ca·

166 2827 247 2882 ritate
266 2827 390 2896 eiusdem,
404 2830 514 2886 Domini
530 2833 616 2888 nostri
634 2833 701 2888 Jeeu
719 2831 826 2902 Christi,
845 2833 964 2900 quiven-
