2124 3230
274 169 339 210 Ritus
352 168 477 210 celebrandi
492 169 584 210 mnsam
598 170 723 212 solemnem.
856 168 898 210 349

101 270 224 326 danuam
239 271 430 337 aliquantulum
443 276 506 338 post
516 269 703 329 celebrantem.
715 271 899 328 subdiaconus

98 359 163 397 vero
182 349 246 396 tuuc
265 348 319 396 stat
336 349 398 410 poet
416 342 602 398 celebrantem.

132 415 182 468 De
202 413 338 466 Oenone
357 429 469 480 nsque
489 412 530 466 ad
550 411 898 483 Oonsecrationem.¹)

8 543 9 560 χ
99 483 166 540 Onm
182 485 322 538 celebrans
336 483 399 538 dicit
419 485 506 554 Quam
525 485 685 538 oblationem
703 491 752 552 etc.
771 483 899 540 diaconus

8 585 9 588 η
99 555 204 610 accedit
222 554 257 608 ad
275 556 333 610 eius
352 555 473 610 dextram
497 562 525 608 et
549 555 586 609 ibi
610 556 639 609 in
664 555 796 624 superiori
814 554 900 624 gradu

8 601 10 680 i
99 628 193 682 altaris
212 625 378 696 genuflexus,
400 625 678 681 cumSaoramentum
696 628 824 695 elevatur,
842 625 900 680 fim-

98 699 172 753 brias
191 698 316 766 planetae
335 699 431 767 elevat,
460 706 487 752 et
512 697 619 764 qnando
638 715 705 766 opus
724 706 773 766 est,
801 713 830 752 se
849 697 900 750 eri·

99 785 174 838 gens,
202 769 310 823 calicem
329 769 491 838 ffiscoopem't
509 776 536 823 et
554 771 682 838 cooperit,
708 777 735 824 et
754 785 813 824 cum
831 768 900 822 cele·

97 841 195 894 brente
214 839 377 908 genuflectit.
414 839 597 896 Subdiaconus
616 840 770 909 genuflectit
793 841 821 894 iu
841 839 900 894 loco

100 927 159 981 suo,
177 911 364 966 thuriferarius
384 911 541 980 genuflexus
558 913 587 965 in
601 928 684 966 cornu
696 912 836 981 Epistulae
857 917 901 965 ter

98 983 222 1037 incensat
240 983 365 1052 bostiam,
385 1000 444 1037 cum
458 984 587 1052 elevatur,
606 990 633 1037 et
648 983 770 1038 similiter
784 983 900 1052 calicem,

8 1063 13 1136 q
97 1055 189 1122 posito
208 1054 316 1109 incenso
341 1055 369 1107 in
392 1055 555 1108 thuribulum
581 1055 681 1122 absque
706 1054 900 1109 benedictione.

98 1125 231 1194 Reposito
250 1126 332 1180 calice
354 1125 481 1180 diaconus
498 1125 569 1180 redit
588 1125 622 1178 ad
639 1126 743 1196 librum,
762 1126 813 1180 nisi
832 1125 901 1181 alius

99 1199 217 1254 assistat.
256 1196 345 1252 Oeteri
363 1203 476 1265 surgrmt
494 1204 521 1251 et
539 1204 611 1252 stant
628 1198 656 1250 in
673 1197 739 1253 locis
757 1197 820 1252 suis.

133 1269 184 1322 De
200 1268 343 1322 Oanone
361 1275 444 1336 post
458 1269 773 1323 Consecrationem
791 1281 901 1335 usque

99 1339 140 1392 ad
169 1338 374 1394 Orationem
400 1339 625 1393 Dominioam.
669 1341 735 1394 Cum
763 1339 901 1394 celebrans

101 1409 166 1464 dicit
184 1411 241 1464 Per
259 1427 335 1478 quom
352 1411 418 1464 baec
435 1412 528 1464 omnic
546 1417 595 1468 etc.
615 1410 750 1479 diaconus,
763 1409 840 1464 'facta
854 1409 901 1462 Sa·

100 1490 239 1536 eramento
259 1480 461 1550 genuflexione,
490 1481 592 1535 accedit
617 1481 651 1535 ad
678 1481 815 1536 dexteram
834 1480 902 1534 cele·

99 1553 218 1622 brunus,
246 1553 382 1618 (retinebit
413 1553 517 1607 duobus
545 1552 634 1621 digitis
663 1552 788 1606 dexterae
796 1566 902 1631 [manns
940 1607 943 1614 ,

100 1623 199 1692 pedem
219 1623 308 1678 culicis
328 1624 445 1678 Odorem.
459 1625 553 1692 Episc.
571 1625 596 1678 I.
612 1628 635 1678 9.
654 1641 681 1678 a.
697 1626 733 1691 5.)
752 1630 781 1676 et
795 1620 901 1690 quando

100 1710 169 1764 opus
189 1701 248 1763 est,
277 1695 440 1763 discooperit
466 1696 588 1764 calicem,
617 1702 644 1749 et
668 1712 727 1749 cum
750 1694 918 1769 celebrante,

102 1765 215 1834 adorat3
235 1766 357 1820 similiter
371 1767 492 1834 cooperit
506 1767 642 1820 etiterum
656 1765 817 1836 genuflectit.
836 1761 903 1816 Oum

99 1837 194 1906 incipit
221 1837 306 1890 Pater
323 1843 428 1905 nomm,
457 1837 527 1898 idem
554 1838 629 1891 vadit
650 1845 723 1892 retro
747 1842 810 1905 post
834 1834 902 1888 cele·

99 1909 232 1976 brantem‚
260 1907 333 1962 facta
349 1910 424 1977 prius
443 1908 614 1964 Sacramenta
634 1907 827 1978 genuflexione,
855 1905 902 1960 ubi

100 1985 155 2034 stat
173 1979 237 2032 dum
257 1979 352 2033 dicitur
371 1979 463 2034 Oratio
481 1981 629 2034 Dominioa.

134 2052 184 2105 De
214 2049 389 2105 Oratione
407 2052 593 2106 Dominioa
618 2059 656 2106 et
681 2051 767 2106 aliis
792 2062 903 2115 nsque

101 2121 283 2175 adlactam
298 2121 579 2176 Oommunionem.
596 2123 735 2177 Diaconus
745 2128 820 2176 stans
830 2125 903 2173 retro

120 2199 164 2248 ost
182 2192 363 2248 celebrantem
381 2210 441 2247 cnm
460 2195 489 2246 in
507 2193 634 2248 Oratione
651 2193 791 2248 Dominica
808 2191 904 2245 dicitur

160 2263 266 2318 dimitte
282 2264 360 2318 nobes
379 2265 469 2318 debite
486 2270 589 2334 codro,
616 2263 688 2320 facta
705 2264 804 2318 ibidem
822 2277 904 2331 genu·

115 2443 136 2496 1)
151 2445 237 2486 Ohorus
253 2446 394 2494 prosequitur
408 2448 498 2486 cantum
512 2455 582 2495 usqne
596 2445 624 2484 ad
639 2444 776 2492 Benedictus,
800 2444 835 2493 qai
848 2442 912 2494 vonit

154 2514 196 2550 ato.
213 2512 334 2560 axotuslvm
348 2521 392 2560 quo
406 2511 476 2562 linito,
495 2515 517 2550 et
530 2521 574 2550 nou
588 2511 649 2561 prius
664 2510 763 2548 elevatur
777 2509 904 2550 Sacramen-

154 2583 209 2624 tum
223 2582 283 2621 runo
298 2582 349 2622 stlat
363 2581 442 2622 chorus
457 2584 478 2620 at
493 2593 543 2621 oum
557 2581 607 2620 aliia
621 2581 707 2620 adorat.
723 2580 834 2626 organum
844 2588 904 2629 vero,

155 2646 175 2686 sl
188 2646 290 2694 habetur,
306 2657 355 2685 cnm
370 2647 430 2686 omui
443 2649 496 2686 tunc
509 2645 603 2684 melodia
617 2647 640 2684 at
648 2645 763 2698 ,mactato
773 2643 909 2692 pulsandum

155 2713 196 2751 est.
225 2711 317 2751 Elavato
332 2712 474 2752 sacramento
488 2712 568 2752 chorus
582 2711 722 2761 prosequitur
737 2712 826 2750 cantum
839 2710 910 2748 Baua·—

154 2778 235 2827 Μαι,
256 2779 293 2828 qut
311 2780 366 2818 cestr
381 2781 423 2822 etc.
447 2776 609 2828 (Caeramom'cla
635 2777 707 2826 Epiro.
727 2775 764 2816 lib.
781 2774 803 2815 2.
825 2772 912 2824 cap&

155 2855 175 2882 a.
191 2841 217 2882 70
231 2846 250 2881 et
264 2842 314 2892 li).

746 2909 780 2960 10
787 2906 817 2940 *ss
