2108 3226
275 169 309 208 De
323 169 447 218 gratiarum
460 169 548 210 wdone
561 171 612 219 port
625 169 722 212 mam
858 165 899 210 ua

99 271 243 342 etgratiae
258 277 287 326 et
300 271 404 340 gloriae
416 270 469 326 imo
491 278 519 326 et
531 277 658 340 natiuae,
676 271 705 324 in
723 277 850 338 quantum
864 271 899 327 ad

98 345 210 399 salutem
228 343 280 397 tibi
298 349 362 398 sunt
378 341 533 412 profutura,
556 349 629 397 certe
648 339 796 411 confidens,
823 343 899 398 illum

96 414 236 483 promissis
250 413 308 469 suis
322 430 376 468 nou
390 413 558 484 defuturum,
579 412 659 468 modo
673 419 765 482 partes
777 421 839 469 tuas
853 430 898 469 ex·

95 486 223 556 pleveris.

131 559 157 614 6.
187 555 261 624 Quia
277 571 344 611 vero
363 571 439 611 amor
455 571 546 611 amore
565 559 768 624 compensatur,
796 559 824 609 et
839 555 899 624 ipse

95 627 226 682 ineffabili
246 633 274 681 et
290 625 396 682 infinita
412 634 440 682 te
457 634 615 695 prosecutus
634 633 676 682 est
694 625 814 694 caritate,
832 626 899 682 nihil

96 714 151 754 non
167 698 297 766 tentabis,
315 704 346 752 ut
365 713 426 753 eum
442 704 500 752 toto
519 697 607 768 corde,
630 703 689 752 tota
706 703 804 765 mente,
822 697 899 753 totis·

97 785 149 837 que
162 770 268 824 viribus
282 767 393 837 diligas3
408 768 589 838 gaudebisque
601 784 680 836 quam
689 769 812 836 maxime,
827 767 899 837 quod

96 841 181 909 ipsius
200 840 280 895 dotes
300 847 327 894 et
345 840 474 894 attributa
490 847 581 896 tautae
600 841 653 894 siut
666 839 849 908 excellentiae,
868 844 900 894 ut

97 912 204 966 nonnisi
223 927 240 965 a
259 911 348 978 seipso
366 911 472 979 possint
489 926 523 965 ex
541 927 626 979 aequo
644 911 755 979 percipi.

133 986 158 1037 7.
177 981 314 1038 infinitam
331 981 518 1051 Redemptoris
542 982 634 1036 mundi
657 983 754 1036 mirare
778 981 898 1051 benigni-

98 1059 190 1122 tatem,
210 1060 238 1108 et
251 1054 325 1108 illam
338 1053 494 1108 humilitatis
509 1054 641 1122 abyssum,
661 1068 714 1121 qua
730 1053 759 1107 in
771 1054 823 1108 hoo
836 1069 898 1109 san·

101 1125 219 1180 ctissimo
247 1139 277 1179 se
305 1123 444 1179 abscondit
472 1123 652 1193 Sacramento,
679 1131 709 1179 ut
735 1125 777 1179 sui
803 1125 897 1194 ipsius,

98 1197 279 1264 omniumque,
298 1195 394 1263 quibus
412 1195 503 1264 affluit,
520 1196 651 1250 bonorum
664 1201 691 1250 te
705 1194 806 1250 faceret
826 1213 898 1251 com-

98 1267 268 1335 participem.
286 1266 434 1321 Humiliare
448 1266 529 1334 igitur
541 1267 570 1320 iu
583 1273 727 1334 conspectu
736 1267 788 1321 Dei
796 1267 843 1337 tui,
858 1273 897 1322 at·

97 1339 179 1394 tende
193 1338 320 1406 peccatis,
335 1339 431 1405 quibus
444 1337 587 1407 deliquisti,
601 1339 750 1406 praesentis
760 1338 898 1407 temporis,
935 1371 937 1381 ·

97 1409 125 1464 in
143 1425 199 1478 quo
217 1409 346 1476 versaris,
374 1415 454 1478 statu,
482 1409 642 1477 excelsoque
666 1409 793 1464 virtutum
812 1409 898 1477 apice,

99 1480 133 1536 ad
151 1495 232 1548 quem
250 1479 362 1534 tendere
381 1480 521 1550 debueras,
540 1496 557 1534 a
575 1496 628 1549 quo
641 1486 732 1534 tamen
744 1481 825 1548 longo
844 1479 897 1535 dis·

98 1552 170 1608 sides
188 1552 340 1606 intervallo.

132 1626 158 1678 8.
177 1623 211 1676 ln
228 1621 363 1690 profundo
381 1621 457 1676 nihili
482 1622 522 1677 tui
543 1621 673 1677 demissus
697 1619 834 1675 humiliter
852 1635 897 1688 ag·
942 1599 945 1609 ¹
1026 1681 1029 1688 γ

98 1709 180 1750 nosce
198 1693 267 1748 nihil
285 1693 422 1762 quippiam
439 1707 523 1761 penes
540 1700 568 1748 te
588 1708 656 1760 esse,
683 1708 735 1760 quo
754 1706 804 1758 pro
822 1696 897 1746 tanto

97 1763 229 1820 beneficio
247 1766 350 1833 gratias
367 1765 427 1819 Deo
445 1764 599 1832 persolvam
622 1763 743 1831 adeoque
761 1761 899 1818 tenuitatis

98 1844 125 1892 et
141 1836 308 1905 indigentiae
326 1844 390 1890 tuae
407 1834 456 1889 tibi
482 1835 535 1903 ipsi
554 1835 690 1903 conscius,
717 1833 899 1888 beatissimam

95 1907 243 1977 Virginem,
258 1913 367 1962 sanctos
378 1906 505 1976 Angelos,
526 1914 553 1961 et
567 1921 658 1960 omnes
672 1906 781 1960 coelites
794 1905 823 1958 iu
837 1905 898 1960 sub·

96 1979 194 2034 sidium
213 1977 311 2032 adhibe
338 1984 401 2032 tuae
423 1978 607 2046 paupertatis,
633 1976 770 2031 invitando
797 1990 844 2031 eos
863 1974 899 2030 ad

95 2049 321 2119 magnificandum
337 2049 480 2104 Dominum
497 2055 599 2118 tecum,
628 2055 656 2103 et
674 2048 708 2104 ad
727 2046 898 2102 exaltandum

96 2137 149 2175 uuo
169 2135 305 2175 consensu
323 2136 421 2174 nomen
437 2120 517 2174 illius.
943 2119 944 2124 ’

130 2195 156 2247 9.
177 2192 311 2260 Quoniam
329 2206 394 2246 vero
420 2205 470 2244 nec
487 2189 658 2244 intensissimi
676 2189 793 2244 omnium
811 2188 898 2243 coele·

97 2263 176 2320 stium
194 2262 316 2330 religiosi
334 2269 410 2316 actus
428 2262 486 2316 eius
504 2268 566 2316 suut
584 2260 718 2329 dignitatis
743 2268 771 2315 et
788 2260 900 2328 valoris,

96 2340 125 2389 ut
142 2341 249 2389 tantam
267 2333 320 2387 Dei
344 2349 409 2401 erga
433 2340 460 2387 te
478 2331 684 2386 munificentiam
701 2331 810 2386 valeant
828 2347 898 2385 com·

95 2420 221 2474 pensare,
244 2405 333 2472 ipsum
345 2404 398 2458 Dei
412 2411 439 2458 et
452 2404 589 2458 hominum
601 2402 784 2470 mediatorem,
805 2402 823 2456 J
824 2417 899 2456 esum

98 2476 243 2544 Christum,
264 2475 418 2544 deprecare,
437 2481 467 2528 ut
486 2474 602 2529 sibivice
616 2481 664 2528 tua
678 2481 705 2528 et
722 2475 793 2527 intra
810 2480 837 2527 te
856 2487 898 2527 sa·

96 2547 222 2604 tisiacere
242 2545 375 2615 dignetur,
393 2559 537 2612 omnesque
552 2551 674 2614 acceptet
688 2545 759 2598 vitae
779 2557 843 2598 suae
858 2543 897 2596 la·

95 2618 175 2676 bores
196 2625 226 2673 et
243 2618 390 2686 angustias,
410 2617 499 2671 omnia
511 2617 604 2672 mortis
623 2630 688 2671 suae
707 2614 852 2682 opprobria
870 2620 898 2667 et

95 2697 239 2757 tormenta,
259 2704 365 2742 omnem
383 2687 497 2754 denique
516 2688 617 2756 gloriae
635 2701 700 2742 suae
714 2684 898 2740 celsitudinem

96 2769 122 2818 et
140 2760 331 2817 excellentiam
348 2760 378 2814 iu
394 2759 508 2827 dignam,
525 2775 574 2827 pro
593 2758 681 2826 gratia
701 2756 751 2810 tibi
767 2755 898 2824 praestita

96 2833 314 2902 gratulationem.
