2152 3234
321 173 355 216 De
370 175 512 215 §aeramento
526 173 668 214 Matrimonii.
858 169 899 213 529

130 281 157 332 1.
178 277 249 344 Qua
265 277 299 329 in
317 275 484 344 parochia
507 274 594 330 fieri
622 275 745 330 debent
761 275 898 344 procla·

87 348 332 418 mationeal¹)

133 420 217 488 Rcap.
231 421 261 474 ia
270 420 389 488 propria
396 417 538 488 parocbia,
566 416 680 486 Propria
692 417 821 484 parochia
833 431 899 472 vero

95 491 217 560 catilla,
242 491 271 544 in
290 506 343 557 qua
359 490 553 558 nupturientes,
579 505 631 555 quo
656 495 778 554 tempore
796 489 899 556 procla·

91 563 230 617 mationes
254 560 337 630 fiunt,
368 561 425 615 vel
455 576 572 615 verum
597 558 812 615 domicilium
840 559 898 614 vel

91 630 442 702 quasi-domicilium
458 631 566 687 babent.

132 703 179 760 Ad
198 704 363 758 dotataliam
380 719 472 758 caum
490 703 587 757 alicubi
605 699 795 771 acquirendam
812 701 899 770 requi·

93 777 167 830 ritur
184 774 314 842 habitatio
333 791 392 828 cum
410 774 547 830 voluntate
570 774 607 828 ibi
628 780 735 841 semper
752 771 890 827 habitandi

94 853 125 902 et
152 846 299 913 acquiritur
326 847 385 914 ipso
413 845 499 914 primo
524 845 697 900 habitationis
723 843 774 898 die.
798 873 832 884 -
855 813 900 913 Ad

100 917 362 987 quoatdoma'ca'b'am
380 916 475 972 sufficit
492 917 621 971 habitatio
636 933 695 970 cum
707 916 845 970 voluntate
861 915 900 968 ibi

97 986 227 1044 manendi
244 987 355 1042 notabili
373 995 508 1057 tempore,
535 988 579 1042 vel
601 987 696 1041 maiori
718 992 796 1055 parte
822 986 898 1055 anni3

96 1059 173 1129 quod
196 1073 278 1128 saepe
296 1074 346 1128 pro
364 1075 461 1128 magna
480 1066 558 1127 parte
582 1058 719 1113 moraliter
738 1073 771 1112 ex
790 1057 899 1112 circum-

101 1131 211 1187 stantiis
230 1146 261 1184 ac
279 1131 410 1186 communi
429 1130 624 1184 existimatione
646 1129 697 1183 erit
715 1129 900 1198 colligendum.

101 1201 266 1257 Benedictus
280 1201 353 1257 XIV.
372 1216 405 1256 ex
425 1201 452 1255 S.
466 1201 494 1255 0.
508 1201 537 1258 Ο.
557 1200 734 1256 decisionibus
747 1201 816 1254 hano
830 1216 900 1255 com-

99 1273 278 1329 morationem
297 1272 418 1328 saltem
440 1287 500 1341 per
525 1273 674 1340 spatium
691 1272 792 1329 unius
810 1286 899 1325 men·

98 1345 152 1400 ais
172 1343 267 1397 durare
287 1342 385 1399 debere
400 1343 478 1398 docet
491 1344 519 1396 in
533 1343 644 1398 Constit.
680 1342 783 1396 Pauca
797 1343 899 1402 abhinc

99 1415 127 1472 d.
138 1414 163 1471 d.
176 1417 218 1471 19.
227 1415 308 1470 Mart.
320 1416 397 1471 1758.
423 1415 467 1468 An
483 1429 548 1468 vcro
564 1414 716 1481 acquiratur
727 1414 824 1468 minori
833 1420 899 1468 tam-

99 1501 178 1556 pore,
207 1502 261 1540 non
279 1491 321 1540 est
339 1485 470 1554 decisum3
498 1486 525 1539 in
544 1486 629 1554 praxi,
660 1485 683 1539 si
700 1485 899 1539 Matrimonium

101 1563 165 1616 ante
184 1572 302 1612 mensem
315 1556 397 1611 fuerit
410 1563 583 1625 contractum,
602 1556 635 1609 dc
647 1571 717 1610 noco
731 1555 900 1622 referendam
978 1550 982 1560 '

101 1644 158 1682 ecce
171 1629 202 1680 ab
217 1627 434 1697 Oonyreyotiooa
453 1627 599 1682 declaravit
613 1627 639 1684 S.
651 1627 680 1683 Ο.
691 1627 720 1680 G.
744 1625 808 1688 (Cir.
821 1626 900 1679 Lam·

97 1699 199 1754 bertini
220 1699 309 1752 Iactit.
323 1702 364 1752 15.
378 1702 420 1753 33.
435 1701 479 1767 88,
506 1699 532 1752 S.
546 1699 606 1766 Lig.
621 1697 665 1752 bb.
680 1701 703 1752 6.
717 1713 789 1750 nom.
804 1699 898 1762 1000.)

100 1800 136 1812 -
159 1769 419 1840 Quasidomc'cdtum
444 1770 546 1824 habere
571 1776 713 1824 censentur
737 1767 849 1822 studiosi
872 1767 901 1820 in

106 1841 266 1910 academiis,
284 1841 380 1895 milites
398 1842 426 1894 in
444 1840 600 1910 praesidiis,
625 1839 733 1909 opifices
752 1856 783 1893 ac
801 1838 901 1908 famuli,

100 1913 148 1980 qui
166 1912 261 1966 maiori
278 1912 341 1965 anni
358 1919 435 1980 parte
464 1912 559 1966 alicubi
577 1911 711 1979 habitant,
735 1911 780 1964 vel
797 1910 900 1964 habita-

101 1992 160 2038 turn
173 1991 311 2052 venerunt,
331 1983 401 2037 unde
417 1991 444 2037 et
457 1983 674 2038 Communionem
686 1981 839 2051 paschalem
852 1981 901 2035 ibi·

102 2055 164 2109 dem
182 2055 302 2123 recipere
317 2061 449 2120 tenentur.
464 2084 498 2093 -
514 2054 542 2108 Si
561 2055 653 2122 sponsi
672 2069 705 2108 ex
724 2053 836 2108 diversis
852 2068 901 2122 pa·

103 2125 204 2181 rochiis
218 2132 287 2194 aunt,
305 2125 334 2178 in
351 2125 489 2192 utriusque
507 2125 636 2194 parochia
648 2124 707 2178 fieri
725 2123 823 2179 debent
838 2140 901 2193 pro·

105 2197 295 2265 clamationes3
315 2197 337 2250 si
357 2197 416 2262 quia
434 2197 513 2265 plura
530 2195 613 2250 habet
629 2211 696 2250 vera
714 2195 853 2265 domicilia,
872 2195 901 2249 in

106 2267 217 2336 singulis
234 2267 369 2336 parochiis
386 2266 446 2320 fieri
464 2267 805 2335 debentproclamationea.
823 2296 854 2306 —
872 2265 902 2320 Si

104 2339 163 2407 quis
181 2346 289 2406 praeter
307 2353 400 2392 verum
423 2337 582 2392 domicilium
607 2333 749 2405 acquisivit
765 2337 901 2405 quasi-do·

87 2409 242 2478 micilium,
270 2411 299 2462 in
316 2415 429 2476 utraque
453 2408 582 2478 parochia
605 2407 665 2463 fieri
682 2409 780 2464 debent
797 2408 901 2477 procla·

104 2473 250 2550 mationes,
278 2480 420 2535 dummodo
441 2480 469 2533 in
486 2480 546 2535 loco
565 2479 778 2548 quasi-domicilii
796 2495 845 2548 per
861 2480 901 2532 in·

103 2559 206 2618 tegrum
229 2567 348 2606 mensem
373 2550 548 2618 habitaverit3
575 2552 598 2606 si
616 2567 709 2620 secus,
738 2549 844 2620 sufficit,
871 2557 903 2604 ut
949 2551 950 2556 ’

105 2621 278 2691 proclamatio
299 2623 385 2678 solum
402 2623 430 2676 in
448 2637 513 2676 vero
532 2621 665 2677 domicilio
681 2628 835 2691 peragatur.

118 2739 138 2792 ι)
152 2740 195 2780 Gir.
208 2741 290 2781 Archiv
310 2741 347 2780 fiir
360 2741 447 2783 kathol.
462 2736 702 2803 Kirchenreoht.1857.
722 2739 770 2790 (11.)
790 2750 840 2790 ρας.
853 2734 901 2778 546.

151 2790 258 2888 ἰιῠὲῦὅιθί.
276 2795 334 2844 (IV.)
355 2805 405 2844 pag.
424 2790 470 2836 eal.
491 2796 512 2833 at
532 2795 612 2837 munst.
628 2795 786 2836 Pastoralblatt
805 2805 825 2836 a.
842 2787 904 2834 1868.

749 2916 817 2973 ro*
