2146 3234
162 141 204 184 olo
337 145 369 185 De
383 145 573 186 sacramentorum
586 144 783 186 administratione.

161 247 234 302 hisce
252 247 358 302 casibus
376 247 411 301 ad
423 247 554 303 Maiorem
568 247 805 303 Paenitentiarium
816 263 957 305 recurren-

162 317 225 372 dum
243 325 292 388 est,
310 325 341 373 ut
359 326 406 373 aut
423 319 522 387 aliquid
541 318 574 374 de
592 320 735 374 severitate
759 319 897 375 clausulae
915 337 957 376 re·

161 390 256 459 mittat,
275 397 321 444 aut
338 388 479 446 facultates
496 391 662 446 necessariae
681 391 834 459 expostulet
852 407 869 446 a
887 392 958 448 Pon·
1060 443 1061 448 ,

160 459 240 530 titire,
259 461 304 529 qui
321 461 349 514 in
366 461 569 529 impedimentis,
595 476 663 530 quae
682 461 773 516 aiure
792 463 892 531 scripto
912 463 957 518 de-

160 541 313 602 cernuntur,
339 548 393 587 non
411 533 497 588 solum
521 531 627 588 auferre
651 539 741 600 potest
759 532 792 587 de
810 533 899 589 medio
918 536 957 588 in·

160 601 307 672 commoda,
332 619 401 671 quae
424 604 478 658 iam
502 610 594 658 secuta
616 611 692 672 sunt,
716 619 776 658 cum
806 605 838 658 irc
861 605 957 660 radice

161 673 324 729 Matrimonii
340 674 483 742 legitimam
501 676 604 743 prolem
613 675 739 744 declarat,
757 675 805 730 sed
824 676 905 730 etiam
923 677 957 732 ob

162 761 320 802 consensum
347 746 503 815 naturalem,
529 746 604 801 initio
631 747 789 814 praestitum
816 754 844 801 et
869 747 957 803 adhuc

156 817 306 886 durantem,
325 816 480 885 dispensare
498 825 589 886 potest
606 833 623 870 a
640 817 794 872 renovando
813 834 955 875 consensu.

157 889 317 956 Intelligitur
342 889 411 942 enim
436 904 486 956 per
512 888 738 957 deportationem
754 890 784 942 ia
801 889 896 944 radice
914 907 955 945 sa·

157 959 231 1014 natio
244 959 414 1026 Matrimonii,
434 960 522 1014 ablato
541 960 570 1013 in
587 975 651 1014 casu
668 960 823 1029 particulari
841 961 953 1030 impedi·
1060 987 1061 1018 r

156 1037 255 1097 mento,
279 1046 334 1083 non
358 1030 465 1097 quidem
487 1031 553 1086 iuris
578 1030 661 1085 divini
686 1031 730 1086 vel
747 1032 886 1102 matruelis,
905 1033 954 1090 sed
1060 1037 1061 1062 ³

157 1101 227 1169 legis
244 1099 382 1155 dumtaxat
401 1102 604 1170 ecclesiasticae,
629 1109 659 1156 ut
682 1102 891 1172 Matrimonium,
919 1105 953 1158 ob
1060 1109 1061 1118 ¹

156 1171 186 1226 id
203 1171 419 1239 impedimentum
436 1173 544 1227 nulliter
553 1171 659 1240 quidem
677 1173 725 1228 sed
743 1189 803 1227 cnm
820 1189 953 1230 consensu

131 1287 132 1300 ,
157 1241 273 1298 naturali
290 1243 392 1311 initum,
416 1244 455 1298 ita
482 1244 583 1312 absque
606 1245 781 1299 renovatione
806 1260 953 1301 consensus

158 1319 187 1368 et
204 1328 220 1367 a
238 1312 342 1368 fortiori
368 1315 469 1383 absque
493 1314 654 1370 formalitate
674 1315 783 1370 Consilii
800 1315 951 1372 Tridentini

157 1384 286 1440 reddatur
303 1385 420 1440 validum
442 1387 471 1440 in
489 1387 610 1442 omnibus
634 1387 689 1442 suis
708 1385 854 1456 effectibus,
881 1403 913 1442 ao
931 1389 955 1442 si

158 1457 354 1526 conmanentes,
374 1458 419 1525 qui
436 1457 470 1511 ad
488 1457 687 1512 Matrimonium
710 1457 855 1512 ineundum
879 1459 955 1513 inha-

158 1527 226 1584 biles
243 1527 357 1597 inerant,
377 1535 404 1582 et
421 1543 579 1584 consensum
601 1529 737 1596 illegitime
755 1530 955 1598 praestiterant,

158 1599 193 1654 ab
218 1599 293 1654 initio
318 1600 422 1654 habiles
450 1599 563 1655 fuissent
590 1607 618 1654 et
651 1614 807 1654 consensum
836 1600 955 1668 legitime

158 1671 364 1740 praestitissent.

195 1742 315 1796 Effectus
333 1743 423 1809 itaque
436 1740 516 1796 huius
529 1741 734 1810 dispensationis
747 1757 795 1796 seu
809 1742 957 1799 sanationis

159 1812 324 1868 Matrimonii
342 1819 418 1867 sunt:
443 1812 470 1882 a)
488 1827 539 1879 per
555 1811 689 1867 fictionem
706 1813 772 1868 iuris
789 1813 892 1867 tollitur
909 1815 958 1868 im·

159 1884 340 1952 pedimentum
351 1883 476 1938 dirimens
489 1883 555 1938 iuris
569 1884 748 1952 ecclesiastici,
768 1882 841 1951 quod
852 1885 882 1937 in
894 1901 958 1940 casu

161 1954 332 2009 Matrimonia
352 1956 449 2021 obstat,
468 1969 499 2008 ao
517 1955 688 2023 sinunquam
702 1953 835 2022 affuisset,
854 1955 883 2025 b)
896 1957 959 2010 hinc

160 2031 271 2079 sanatur
283 2027 384 2094 primus
398 2039 552 2096 consensus,
572 2027 618 2094 qni
630 2025 691 2080 ideo
706 2032 765 2081 erat
778 2027 876 2096 nullus,
896 2029 960 2095 quia

159 2110 210 2164 per
227 2096 443 2165 impedimentum
461 2095 587 2152 dirimens
605 2098 793 2152 conuehentes
818 2105 896 2152 erant
918 2099 958 2152 in·

159 2166 278 2236 habiles3
303 2168 408 2223 sublato
433 2183 547 2236 namque
572 2167 769 2237 impedimento,
799 2183 831 2222 ac
849 2170 873 2223 si
890 2185 959 2223 nun·

160 2252 241 2304 quam
258 2237 386 2308 affuisset,
406 2254 552 2294 consensus
570 2240 671 2294 exserit
688 2239 742 2294 vim
756 2255 832 2294 suam
849 2247 960 2294 natura·

159 2307 227 2376 lem;
246 2309 269 2379 o)
287 2309 450 2378 legitimatur
467 2311 557 2378 proles
575 2311 662 2380 plene,
682 2311 745 2379 quia
758 2310 959 2366 Matrimonium

160 2379 198 2502 iffii
207 2395 255 2434 sno
274 2379 372 2435 effectu
390 2381 429 2436 sio
447 2388 565 2451 sanatur,
584 2397 615 2436 ac
633 2383 657 2437 si
675 2396 781 2451 semper
798 2380 895 2438 fuisset
912 2398 960 2437 ra·

199 2466 252 2504 um·
486 2503 496 2520 l

196 2520 266 2574 Hinc
283 2527 359 2588 patet
376 2520 602 2590 dispensationem
614 2523 642 2576 in
655 2522 745 2578 radice
757 2523 847 2578 locum
858 2522 960 2579 habere

160 2606 255 2660 posse:
277 2595 300 2644 1.
320 2591 426 2659 quando
445 2609 499 2646 una
516 2609 580 2662 pars
597 2594 697 2648 habeat
715 2593 823 2662 quidem
834 2594 960 2650 animam

120 2677 125 2687 ·
159 2660 314 2716 remanendi
330 2663 359 2715 in
376 2662 555 2733 Matrimonia,
575 2663 623 2720 sed
636 2672 744 2719 recuset
755 2665 960 2721 renovationem

160 2745 305 2786 consensus
323 2733 351 2786 in
368 2731 437 2787 lucie
456 2734 593 2803 ecclesiae,
613 2734 719 2803 quando
737 2735 863 2791 videlicet
881 2737 963 2792 nulli·

159 2807 202 2856 tas
227 2801 391 2857 Matrimonii
415 2803 523 2871 publica
549 2813 599 2875 est,
625 2807 681 2862 sire
709 2822 743 2862 ex
767 2805 961 2875 impedimento
