2138 3226
153 183 197 227 aba
411 185 469 227 Ordo
482 185 542 226 vltae
555 163 703 228 sacerdotalis.

156 303 202 344 res
221 295 248 344 et
262 288 424 344 salubriores
439 304 473 343 ex
485 289 583 344 vestris
596 288 733 342 laboribus
746 286 878 357 referetis,
901 303 956 356 quo

155 359 263 415 arctiori
281 360 355 428 pacis
373 367 401 414 et
418 361 528 415 unitatis
546 360 651 413 vinculo
671 359 895 426 constringemini.
922 359 954 414 Si

155 431 315 500 quandoque
334 437 503 487 succrescant
527 431 616 499 aliqua
642 429 817 486 dissensionis
843 431 955 500 semina,

154 503 278 572 protinus
303 502 427 556 aradios
452 503 565 556 evellite.
603 501 688 568 Quam
711 501 787 556 triste
815 508 842 556 et
860 516 954 556 saecu-

155 573 264 644 laribus¹
270 573 336 642 ipsis
350 572 543 642 scandaloeum,
562 572 585 628 si
604 572 713 626 videant
727 571 870 626 audiuntve
883 573 957 627 inter

155 653 280 714 pastores
298 659 362 699 suos
386 659 446 698 esse
465 645 727 712 schismata;.unum
752 643 785 697 ab
811 643 870 697 aliis
895 644 955 698 vili·

156 716 247 785 pendi,
267 715 406 784 contemni,
425 714 543 769 uaducil
571 715 656 782 Quam
674 714 809 783 frigebunt
821 714 874 783 ipsi
887 715 956 768 cari·

157 794 221 857 tate,
240 788 264 842 si
278 785 521 855 animadverterint,
539 786 590 840 hos
604 786 710 854 algeret
738 785 824 852 Quam
843 801 955 840 excusa·

157 859 261 913 buntiu
274 873 303 911 se
317 857 473 926 simultates,
492 858 516 912 si
528 856 645 910 viderint
658 873 704 912 eas
717 857 787 911 inter
800 856 955 913 sacerdotes

159 930 287 998 gliscere!
331 927 421 995 Agant
444 927 525 996 igitur
550 927 704 983 sacerdotes
728 928 823 982 saltem
850 927 884 981 ad
912 943 956 982 ca-

158 999 247 1054 venda
265 998 405 1068 scandala,
433 998 505 1065 quod
528 999 580 1052 iam
603 999 708 1053 aliunde
735 1006 763 1053 et
785 999 813 1052 vi
835 999 955 1055 caritatis

158 1086 223 1139 erga
239 1069 389 1138 proximum
412 1085 493 1138 agere
519 1070 684 1138 obligantium
712 1078 808 1137 ament,
836 1069 954 1141 foveant,

158 1141 302 1196 defendant
320 1147 348 1196 et
364 1142 463 1196 mutuis
481 1141 627 1196 honoribus
651 1149 679 1196 et
695 1141 899 1197 benevolentiae
919 1142 955 1196 si-

157 1213 217 1282 gnis
241 1227 300 1267 sese
327 1213 502 1281 praeveniant
525 1221 553 1268 et
576 1219 780 1281 prosequantur.
826 1212 900 1265 Nihil
918 1213 955 1268 sit

156 1283 234 1340 vobis
248 1284 338 1352 potius
352 1286 380 1338 et
393 1284 535 1353 antiquius,
554 1299 633 1352 quam
646 1291 677 1338 ut
688 1283 865 1346 hereditatem
878 1284 954 1352 pacis

158 1371 175 1410 a
193 1354 299 1410 Christo
317 1355 394 1409 vobis
411 1355 540 1424 relictam,
563 1356 689 1409 intactam
708 1361 735 1409 et
751 1354 872 1410 illaesam
890 1370 953 1408 con-

157 1432 261 1481 stanter
287 1433 315 1480 et
340 1434 473 1495 perpetuo
492 1425 656 1482 custodiatis.
692 1425 792 1479 Pacem
808 1441 895 1479 meam
912 1442 954 1480 re-

157 1497 250 1567 linquo
259 1498 349 1566 vobim
357 1513 454 1566 parcan
466 1513 553 1552 meam
563 1497 598 1551 do
606 1497 697 1554 cotra.
708 1537 714 1550 .
726 1538 732 1550 .
742 1538 750 1555 .
760 1496 852 1563 Pater,
862 1511 955 1552 manea

157 1570 212 1624 aot
228 1585 326 1636 uuum,
353 1570 423 1624 sieut
445 1574 470 1623 et
493 1583 762 1623 percurreremus.
790 1567 877 1637 (loen.
898 1568 952 1638 17.)

156 1640 285 1695 Eandem
303 1655 398 1709 pacem
416 1647 443 1695 et
460 1640 589 1694 unitatem
614 1638 723 1708 spiritus
747 1655 807 1692 cum
830 1638 953 1694 omnibus

155 1712 288 1781 religiosis
306 1699 412 1780 habdm,
436 1726 628 1782 necunquam
650 1710 721 1764 inter
744 1725 835 1766 sacros
854 1709 954 1765 Christi

158 1784 294 1838 ministros
312 1783 366 1838 sint
384 1783 516 1837 scissurae
542 1789 589 1837 aut
606 1781 756 1836 schismata.
792 1781 956 1848 Disputatur

156 1853 298 1922 interdum,
330 1860 391 1907 uter
409 1854 462 1907 utri
489 1860 617 1921 praestet,
643 1868 677 1906 an
702 1859 787 1906 status
810 1853 955 1920 religiosus

157 1924 317 1980 sacerdotali
349 1939 382 1977 an
414 1931 500 1979 status
519 1923 691 1979 sacerdotalis
714 1923 861 1991 religioso?
898 1923 955 1978 Sed

158 1995 263 2050 omissis
283 1994 413 2050 eiusmodi
431 1994 649 2063 discussionibus,
675 2010 744 2062 quae
768 2007 849 2062 saepe
867 1995 954 2064 magis

159 2065 322 2136 scandalum,
341 2082 421 2133 quam
440 2065 650 2121 aedificationem
667 2066 783 2133 pariunt,
799 2065 862 2119 huic
879 2065 957 2121 Salo—

157 2138 244 2192 monis
272 2145 299 2192 et
326 2137 425 2192 Christi
449 2136 546 2192 iudicio
579 2137 650 2192 ultro
679 2136 820 2192 assentite:
846 2135 956 2206 warato

156 2223 272 2280 magnus
281 2224 316 2277 ee,
329 2207 444 2262 hamdis
452 2213 478 2262 te
486 2209 516 2262 air
526 2209 655 2262 ornamur.
666 2207 747 2277 (Ecol.
757 2207 793 2276 3.)
805 2206 858 2277 Qui
865 2209 957 2262 maior

158 2285 198 2333 est
214 2281 245 2333 ia
261 2280 343 2346 ooliab,
361 2280 412 2345 fiat
428 2281 498 2334 acui
514 2281 615 2334 minor:
633 2285 659 2333 et
677 2279 725 2348 qui
736 2293 895 2348 praecessor
907 2283 955 2348 eat,

158 2351 229 2404 arat
251 2352 427 2404 miscebatur.
464 2351 538 2420 (Luc.
563 2351 616 2420 22.)
653 2350 731 2406 Hinc.
757 2349 783 2404 S.
807 2347 955 2418 Gregorius

156 2419 271 2489 Magnus
289 2421 361 2478 servi
379 2436 517 2477 servorum
534 2421 587 2476 Dei
609 2437 706 2476 nomen
732 2421 784 2476 sibi
801 2421 955 2492 assumpsit,

157 2491 229 2561 quod
247 2507 416 2549 successoros
433 2493 461 2546 in
478 2500 616 2561 posterum
633 2497 805 2561 usurparunt.

191 2564 291 2618 XXIII.
326 2563 453 2618 Haeredes
470 2569 557 2618 estote
594 2562 661 2617 Cum
677 2563 753 2618 Deus
771 2561 893 2630 superbit
911 2577 955 2617 re·

156 2634 243 2705 sistat
261 2643 289 2690 et
305 2635 449 2690 humilibus
469 2635 653 2704 deigratiam,
677 2650 736 2689 oum
755 2633 882 2702 superbia
898 2633 955 2687 An-

158 2706 233 2774 gelos
260 2706 289 2760 in
311 2706 466 2776 daemones,
491 2706 626 2760 humilitas
653 2721 718 2760 vero
742 2711 899 2773 peccatores
926 2705 956 2759 in

158 2775 271 2832 Sanaos
290 2785 443 2846 convertat;
462 2793 522 2831 cum
538 2777 673 2830 humilitas
692 2777 727 2832 sit
744 2777 829 2830 virtus
847 2776 955 2830 univer-

161 2848 234 2918 salis,
252 2855 454 2917 ceterarumque
473 2848 601 2902 virtutum
619 2862 707 2903 comes
734 2853 762 2902 et
779 2854 870 2902 custos
887 2846 956 2900 indi-
