<?xml version="1.0" encoding="UTF-8"?>
<!DOCTYPE html PUBLIC "-//W3C//DTD XHTML 1.0 Transitional//EN"
    "http://www.w3.org/TR/xhtml1/DTD/xhtml1-transitional.dtd">
<html xmlns="http://www.w3.org/1999/xhtml" xml:lang="en" lang="en">
 <head>
  <title>
</title>
<meta http-equiv="Content-Type" content="text/html;charset=utf-8" />
  <meta name='ocr-system' content='tesseract 3.04.00' />
  <meta name='ocr-capabilities' content='ocr_page ocr_carea ocr_par ocr_line ocrx_word'/>
</head>
<body>
  <div class='ocr_page' id='page_1' title='image "./manualesacerdot00schngoog_0503.png"; bbox 0 0 2152 3234; ppageno 0'>
   <div class='ocr_carea' id='block_1_1' title="bbox 323 163 903 208">
    <p class='ocr_par' dir='ltr' id='par_1_1' title="bbox 323 163 903 208">
     <span class='ocr_line' id='line_1_1' title="bbox 323 163 903 208; baseline -0.003 0"><span class='ocrx_word' id='word_1_1' title='bbox 323 167 356 208; x_wconf 81' lang='lat' dir='ltr'><strong>Dc</strong></span> <span class='ocrx_word' id='word_1_2' title='bbox 369 167 511 208; x_wconf 74' lang='lat' dir='ltr'><strong>Soorumento</strong></span> <span class='ocrx_word' id='word_1_3' title='bbox 525 167 684 207; x_wconf 77' lang='lat' dir='ltr'><strong>Poenitentiee.</strong></span> <span class='ocrx_word' id='word_1_4' title='bbox 862 163 903 206; x_wconf 73' lang='lat' dir='ltr'><strong>trs</strong></span> 
     </span>
    </p>
   </div>
   <div class='ocr_carea' id='block_1_2' title="bbox 100 267 903 554">
    <p class='ocr_par' dir='ltr' id='par_1_2' title="bbox 100 267 903 551">
     <span class='ocr_line' id='line_1_2' title="bbox 101 267 902 336; baseline 0.001 -14"><span class='ocrx_word' id='word_1_5' title='bbox 101 269 131 322; x_wconf 92' lang='lat' dir='ltr'><strong>in</strong></span> <span class='ocrx_word' id='word_1_6' title='bbox 150 267 451 322; x_wconf 77' lang='lat' dir='ltr'><strong>excommunicationem</strong></span> <span class='ocrx_word' id='word_1_7' title='bbox 463 267 583 336; x_wconf 85' lang='lat' dir='ltr'><strong>incmm&#39;t,</strong></span> <span class='ocrx_word' id='word_1_8' title='bbox 600 268 684 336; x_wconf 83' lang='lat' dir='ltr'><strong>prius,</strong></span> <span class='ocrx_word' id='word_1_9' title='bbox 702 267 726 322; x_wconf 83' lang='lat' dir='ltr'><strong>si</strong></span> <span class='ocrx_word' id='word_1_10' title='bbox 743 273 842 336; x_wconf 83' lang='lat' dir='ltr'><strong>potest,</strong></span> <span class='ocrx_word' id='word_1_11' title='bbox 860 283 902 323; x_wconf 82' lang='lat' dir='ltr'><strong>eu·</strong></span> 
     </span>
     <span class='ocr_line' id='line_1_3' title="bbox 100 337 899 408; baseline -0.003 -14"><span class='ocrx_word' id='word_1_12' title='bbox 100 337 227 394; x_wconf 79' lang='lat' dir='ltr'><strong>tisieciat</strong></span> <span class='ocrx_word' id='word_1_13' title='bbox 247 337 325 404; x_wconf 80' lang='lat' dir='ltr'><strong>Quod</strong></span> <span class='ocrx_word' id='word_1_14' title='bbox 343 338 366 392; x_wconf 87' lang='lat' dir='ltr'><strong>si</strong></span> <span class='ocrx_word' id='word_1_15' title='bbox 383 345 446 394; x_wconf 90' lang='lat' dir='ltr'><strong>tunc</strong></span> <span class='ocrx_word' id='word_1_16' title='bbox 464 354 518 394; x_wconf 91' lang='lat' dir='ltr'><strong>non</strong></span> <span class='ocrx_word' id='word_1_17' title='bbox 535 339 629 408; x_wconf 77' lang='lat' dir='ltr'><strong>possit,</strong></span> <span class='ocrx_word' id='word_1_18' title='bbox 649 337 820 394; x_wconf 83' lang='lat' dir='ltr'><strong>sufficientem</strong></span> <span class='ocrx_word' id='word_1_19' title='bbox 838 354 899 392; x_wconf 83' lang='lat' dir='ltr'><strong>ceu·</strong></span> 
     </span>
     <span class='ocr_line' id='line_1_4' title="bbox 101 409 903 479; baseline -0.004 -14"><span class='ocrx_word' id='word_1_20' title='bbox 101 411 204 465; x_wconf 88' lang='lat' dir='ltr'><strong>tionem</strong></span> <span class='ocrx_word' id='word_1_21' title='bbox 221 409 359 478; x_wconf 78' lang='lat' dir='ltr'><strong>praebent,</strong></span> <span class='ocrx_word' id='word_1_22' title='bbox 378 417 425 464; x_wconf 82' lang='lat' dir='ltr'><strong>eut</strong></span> <span class='ocrx_word' id='word_1_23' title='bbox 443 409 545 479; x_wconf 71' lang='lat' dir='ltr'><strong>saltem,</strong></span> <span class='ocrx_word' id='word_1_24' title='bbox 568 411 592 465; x_wconf 87' lang='lat' dir='ltr'><strong>si</strong></span> <span class='ocrx_word' id='word_1_25' title='bbox 616 425 675 464; x_wconf 85' lang='lat' dir='ltr'><strong>eum</strong></span> <span class='ocrx_word' id='word_1_26' title='bbox 692 415 831 478; x_wconf 81' lang='lat' dir='ltr'><strong>praestare</strong></span> <span class='ocrx_word' id='word_1_27' title='bbox 849 425 903 463; x_wconf 94' lang='lat' dir='ltr'><strong>non</strong></span> 
     </span>
     <span class='ocr_line' id='line_1_5' title="bbox 101 479 903 554; baseline -0.004 -18"><span class='ocrx_word' id='word_1_28' title='bbox 101 489 201 551; x_wconf 83' lang='lat' dir='ltr'><strong>potest,</strong></span> <span class='ocrx_word' id='word_1_29' title='bbox 220 481 291 534; x_wconf 88' lang='lat' dir='ltr'><strong>iuret</strong></span> <span class='ocrx_word' id='word_1_30' title='bbox 308 495 346 550; x_wconf 89' lang='lat' dir='ltr'><strong>se,</strong></span> <span class='ocrx_word' id='word_1_31' title='bbox 365 497 424 544; x_wconf 88' lang='lat' dir='ltr'><strong>cum</strong></span> <span class='ocrx_word' id='word_1_32' title='bbox 441 481 556 549; x_wconf 85' lang='lat' dir='ltr'><strong>primum</strong></span> <span class='ocrx_word' id='word_1_33' title='bbox 570 482 678 554; x_wconf 89' lang='lat' dir='ltr'><strong>poterit,</strong></span> <span class='ocrx_word' id='word_1_34' title='bbox 697 479 903 536; x_wconf 79' lang='lat' dir='ltr'><strong>satisfacturum.</strong></span> 
     </span>
    </p>
   </div>
   <div class='ocr_carea' id='block_1_3' title="bbox 100 551 904 764">
    <p class='ocr_par' dir='ltr' id='par_1_3' title="bbox 100 551 904 764">
     <span class='ocr_line' id='line_1_6' title="bbox 139 551 903 621; baseline -0.001 -15"><span class='ocrx_word' id='word_1_35' title='bbox 139 551 272 618; x_wconf 85' lang='lat' dir='ltr'><strong>Secundo,</strong></span> <span class='ocrx_word' id='word_1_36' title='bbox 291 551 314 606; x_wconf 83' lang='lat' dir='ltr'><strong>si</strong></span> <span class='ocrx_word' id='word_1_37' title='bbox 332 553 439 620; x_wconf 80' lang='lat' dir='ltr'><strong>crimen,</strong></span> <span class='ocrx_word' id='word_1_38' title='bbox 466 552 500 606; x_wconf 92' lang='lat' dir='ltr'><strong>ob</strong></span> <span class='ocrx_word' id='word_1_39' title='bbox 518 552 615 621; x_wconf 89' lang='lat' dir='ltr'><strong>quod</strong></span> <span class='ocrx_word' id='word_1_40' title='bbox 608 570 637 607; x_wconf 90' lang='grc' dir='ltr'><strong>ιιι</strong></span> <span class='ocrx_word' id='word_1_41' title='bbox 656 551 903 607; x_wconf 80' lang='lat' dir='ltr'><strong>excommunicatio-</strong></span> 
     </span>
     <span class='ocr_line' id='line_1_7' title="bbox 100 621 904 692; baseline -0.002 -14"><span class='ocrx_word' id='word_1_42' title='bbox 100 639 164 678; x_wconf 90' lang='lat' dir='ltr'><strong>nem</strong></span> <span class='ocrx_word' id='word_1_43' title='bbox 182 621 282 692; x_wconf 76' lang='lat' dir='ltr'><strong>incidit,</strong></span> <span class='ocrx_word' id='word_1_44' title='bbox 302 623 336 677; x_wconf 86' lang='lat' dir='ltr'><strong>sit</strong></span> <span class='ocrx_word' id='word_1_45' title='bbox 354 638 445 692; x_wconf 84' lang='lat' dir='ltr'><strong>greve,</strong></span> <span class='ocrx_word' id='word_1_46' title='bbox 462 624 639 678; x_wconf 78' lang='lat' dir='ltr'><strong>iuramentum</strong></span> <span class='ocrx_word' id='word_1_47' title='bbox 663 624 696 678; x_wconf 84' lang='lat' dir='ltr'><strong>nb</strong></span> <span class='ocrx_word' id='word_1_48' title='bbox 723 638 755 677; x_wconf 88' lang='lat' dir='ltr'><strong>eo</strong></span> <span class='ocrx_word' id='word_1_49' title='bbox 781 623 904 690; x_wconf 81' lang='lat' dir='ltr'><strong>exigatur</strong></span> 
     </span>
     <span class='ocr_line' id='line_1_8' title="bbox 103 692 902 764; baseline -0.004 -14"><span class='ocrx_word' id='word_1_50' title='bbox 103 695 137 750; x_wconf 90' lang='lat' dir='ltr'><strong>de</strong></span> <span class='ocrx_word' id='word_1_51' title='bbox 156 692 278 763; x_wconf 79' lang='lat' dir='ltr'><strong>parendo</strong></span> <span class='ocrx_word' id='word_1_52' title='bbox 296 694 428 749; x_wconf 81' lang='lat' dir='ltr'><strong>mundetis</strong></span> <span class='ocrx_word' id='word_1_53' title='bbox 447 694 585 764; x_wconf 83' lang='lat' dir='ltr'><strong>ecclesiae,</strong></span> <span class='ocrx_word' id='word_1_54' title='bbox 610 710 679 763; x_wconf 76' lang='lat' dir='ltr'><strong>quoe</strong></span> <span class='ocrx_word' id='word_1_55' title='bbox 706 693 745 749; x_wconf 84' lang='lat' dir='ltr'><strong>illi</strong></span> <span class='ocrx_word' id='word_1_56' title='bbox 769 692 836 748; x_wconf 86' lang='lat' dir='ltr'><strong>fient</strong></span> <span class='ocrx_word' id='word_1_57' title='bbox 853 709 902 761; x_wconf 90' lang='lat' dir='ltr'><strong>pro</strong></span> 
     </span>
    </p>
   </div>
   <div class='ocr_carea' id='block_1_4' title="bbox 13 765 905 836">
    <p class='ocr_par' dir='ltr' id='par_1_4' title="bbox 13 765 905 836">
     <span class='ocr_line' id='line_1_9' title="bbox 13 765 905 836; baseline -0.004 -14"><span class='ocrx_word' id='word_1_58' title='bbox 13 827 14 834; x_wconf 43' lang='lat'><strong>,</strong></span> <span class='ocrx_word' id='word_1_59' title='bbox 101 765 151 822; x_wconf 84' lang='lat' dir='ltr'><strong>toli</strong></span> <span class='ocrx_word' id='word_1_60' title='bbox 184 780 280 832; x_wconf 72' lang='lat' dir='ltr'><strong>causa,</strong></span> <span class='ocrx_word' id='word_1_61' title='bbox 309 780 340 820; x_wconf 82' lang='lat' dir='ltr'><strong>ac</strong></span> <span class='ocrx_word' id='word_1_62' title='bbox 367 766 520 836; x_wconf 81' lang='lat' dir='ltr'><strong>praecipue,</strong></span> <span class='ocrx_word' id='word_1_63' title='bbox 551 783 585 821; x_wconf 90' lang='lat' dir='ltr'><strong>ne</strong></span> <span class='ocrx_word' id='word_1_64' title='bbox 612 766 738 835; x_wconf 86' lang='lat' dir='ltr'><strong>deinceps</strong></span> <span class='ocrx_word' id='word_1_65' title='bbox 767 765 905 832; x_wconf 84' lang='lat' dir='ltr'><strong>delinquet</strong></span> 
     </span>
    </p>
   </div>
   <div class='ocr_carea' id='block_1_5' title="bbox 95 835 905 1758">
    <p class='ocr_par' dir='ltr' id='par_1_5' title="bbox 102 835 904 963">
     <span class='ocr_line' id='line_1_10' title="bbox 102 835 904 908; baseline -0.002 -16"><span class='ocrx_word' id='word_1_66' title='bbox 102 842 198 892; x_wconf 87' lang='lat' dir='ltr'><strong>contra</strong></span> <span class='ocrx_word' id='word_1_67' title='bbox 221 836 295 890; x_wconf 90' lang='lat' dir='ltr'><strong>illum</strong></span> <span class='ocrx_word' id='word_1_68' title='bbox 320 852 448 891; x_wconf 83' lang='lat' dir='ltr'><strong>canonem</strong></span> <span class='ocrx_word' id='word_1_69' title='bbox 472 837 516 892; x_wconf 87' lang='lat' dir='ltr'><strong>vel</strong></span> <span class='ocrx_word' id='word_1_70' title='bbox 541 837 686 908; x_wconf 88' lang='lat' dir='ltr'><strong>decretum,</strong></span> <span class='ocrx_word' id='word_1_71' title='bbox 713 843 806 895; x_wconf 75' lang='lat' dir='ltr'><strong>coma</strong></span> <span class='ocrx_word' id='word_1_72' title='bbox 831 835 904 904; x_wconf 88' lang='lat' dir='ltr'><strong>quod</strong></span> 
     </span>
     <span class='ocr_line' id='line_1_11' title="bbox 102 907 520 963; baseline 0.002 -1"><span class='ocrx_word' id='word_1_73' title='bbox 102 907 226 963; x_wconf 80' lang='lat' dir='ltr'><strong>iaciendo</strong></span> <span class='ocrx_word' id='word_1_74' title='bbox 245 922 384 962; x_wconf 78' lang='lat' dir='ltr'><strong>censuram</strong></span> <span class='ocrx_word' id='word_1_75' title='bbox 401 908 520 963; x_wconf 85' lang='lat' dir='ltr'><strong>incurrit.</strong></span> 
     </span>
    </p>

    <p class='ocr_par' dir='ltr' id='par_1_6' title="bbox 137 978 834 1048">
     <span class='ocr_line' id='line_1_12' title="bbox 137 978 834 1048; baseline -0.003 -15"><span class='ocrx_word' id='word_1_76' title='bbox 137 979 265 1046; x_wconf 74' lang='lat' dir='ltr'><strong>Denique</strong></span> <span class='ocrx_word' id='word_1_77' title='bbox 281 979 353 1034; x_wconf 76' lang='lat' dir='ltr'><strong>hooc</strong></span> <span class='ocrx_word' id='word_1_78' title='bbox 370 979 527 1034; x_wconf 76' lang='lat' dir='ltr'><strong>absolvendi</strong></span> <span class='ocrx_word' id='word_1_79' title='bbox 542 979 653 1048; x_wconf 72' lang='lat' dir='ltr'><strong>noom1)</strong></span> <span class='ocrx_word' id='word_1_80' title='bbox 672 978 834 1034; x_wconf 70' lang='lat' dir='ltr'><strong>observabit:</strong></span> 
     </span>
    </p>

    <p class='ocr_par' dir='ltr' id='par_1_7' title="bbox 95 1049 905 1534">
     <span class='ocr_line' id='line_1_13' title="bbox 139 1049 904 1120; baseline -0.004 -15"><span class='ocrx_word' id='word_1_81' title='bbox 139 1051 324 1105; x_wconf 79' lang='lat' dir='ltr'><strong>Poeoiteotem</strong></span> <span class='ocrx_word' id='word_1_82' title='bbox 341 1065 433 1104; x_wconf 82' lang='lat' dir='ltr'><strong>coram</strong></span> <span class='ocrx_word' id='word_1_83' title='bbox 451 1066 479 1104; x_wconf 80' lang='lat' dir='ltr'><strong>se</strong></span> <span class='ocrx_word' id='word_1_84' title='bbox 495 1057 609 1120; x_wconf 77' lang='lat' dir='ltr'><strong>utroque</strong></span> <span class='ocrx_word' id='word_1_85' title='bbox 624 1065 696 1120; x_wconf 79' lang='lat' dir='ltr'><strong>ponc</strong></span> <span class='ocrx_word' id='word_1_86' title='bbox 711 1051 790 1119; x_wconf 78' lang='lat' dir='ltr'><strong>sicne,</strong></span> <span class='ocrx_word' id='word_1_87' title='bbox 807 1051 838 1104; x_wconf 78' lang='lat' dir='ltr'><strong>io</strong></span> <span class='ocrx_word' id='word_1_88' title='bbox 855 1049 904 1102; x_wconf 79' lang='lat' dir='ltr'><strong>icu-</strong></span> 
     </span>
     <span class='ocr_line' id='line_1_14' title="bbox 100 1121 905 1190; baseline -0.002 -14"><span class='ocrx_word' id='word_1_89' title='bbox 100 1137 176 1176; x_wconf 82' lang='lat' dir='ltr'><strong>mero</strong></span> <span class='ocrx_word' id='word_1_90' title='bbox 205 1121 241 1187; x_wconf 79' lang='lat' dir='ltr'><strong>(ei</strong></span> <span class='ocrx_word' id='word_1_91' title='bbox 264 1123 307 1174; x_wconf 77' lang='grc' dir='ltr'><strong>ιιι·</strong></span> <span class='ocrx_word' id='word_1_92' title='bbox 328 1122 423 1188; x_wconf 81' lang='lat' dir='ltr'><strong>suerit)</strong></span> <span class='ocrx_word' id='word_1_93' title='bbox 442 1137 527 1190; x_wconf 72' lang='lat' dir='ltr'><strong>osque</strong></span> <span class='ocrx_word' id='word_1_94' title='bbox 551 1122 590 1176; x_wconf 84' lang='lat' dir='ltr'><strong>od</strong></span> <span class='ocrx_word' id='word_1_95' title='bbox 607 1122 747 1176; x_wconf 52' lang='lat' dir='ltr'><strong>camcssoicm</strong></span> <span class='ocrx_word' id='word_1_96' title='bbox 772 1121 905 1175; x_wconf 72' lang='lat' dir='ltr'><strong>ecclomce</strong></span> 
     </span>
     <span class='ocr_line' id='line_1_15' title="bbox 102 1191 904 1262; baseline -0.001 -16"><span class='ocrx_word' id='word_1_97' title='bbox 102 1191 251 1258; x_wconf 75' lang='grc' dir='ltr'><strong>ἀιιιιιιιαιο,</strong></span> <span class='ocrx_word' id='word_1_98' title='bbox 268 1193 347 1262; x_wconf 70' lang='lat' dir='ltr'><strong>cispa</strong></span> <span class='ocrx_word' id='word_1_99' title='bbox 364 1198 414 1246; x_wconf 78' lang='lat' dir='ltr'><strong>out</strong></span> <span class='ocrx_word' id='word_1_100' title='bbox 429 1193 560 1259; x_wconf 69' lang='lat' dir='ltr'><strong>socculis</strong></span> <span class='ocrx_word' id='word_1_101' title='bbox 569 1192 663 1246; x_wconf 76' lang='lat' dir='ltr'><strong>sedens</strong></span> <span class='ocrx_word' id='word_1_102' title='bbox 676 1193 767 1254; x_wconf 70' lang='lat' dir='ltr'><strong>leviter</strong></span> <span class='ocrx_word' id='word_1_103' title='bbox 776 1193 904 1261; x_wconf 78' lang='lat' dir='ltr'><strong>percutit,</strong></span> 
     </span>
     <span class='ocr_line' id='line_1_16' title="bbox 101 1263 904 1331; baseline -0.001 -14"><span class='ocrx_word' id='word_1_104' title='bbox 101 1263 218 1318; x_wconf 80' lang='lat' dir='ltr'><strong>dicendo</strong></span> <span class='ocrx_word' id='word_1_105' title='bbox 236 1268 321 1316; x_wconf 81' lang='lat' dir='ltr'><strong>totum</strong></span> <span class='ocrx_word' id='word_1_106' title='bbox 339 1263 486 1318; x_wconf 82' lang='lat' dir='ltr'><strong>Psalmum.</strong></span> <span class='ocrx_word' id='word_1_107' title='bbox 517 1264 648 1318; x_wconf 86' lang='lat' dir='ltr'><strong>Miserere</strong></span> <span class='ocrx_word' id='word_1_108' title='bbox 665 1265 726 1331; x_wconf 91' lang='lat' dir='ltr'><strong>mei,</strong></span> <span class='ocrx_word' id='word_1_109' title='bbox 750 1264 825 1318; x_wconf 88' lang='lat' dir='ltr'><strong>Deus</strong></span> <span class='ocrx_word' id='word_1_110' title='bbox 844 1270 904 1330; x_wconf 82' lang='lat' dir='ltr'><strong>etc,</strong></span> 
     </span>
     <span class='ocr_line' id='line_1_17' title="bbox 101 1333 905 1404; baseline -0.004 -14"><span class='ocrx_word' id='word_1_111' title='bbox 101 1351 165 1390; x_wconf 80' lang='lat' dir='ltr'><strong>cum</strong></span> <span class='ocrx_word' id='word_1_112' title='bbox 183 1333 276 1388; x_wconf 74' lang='lat' dir='ltr'><strong>Gloria</strong></span> <span class='ocrx_word' id='word_1_113' title='bbox 293 1335 375 1404; x_wconf 83' lang='lat' dir='ltr'><strong>Patri,</strong></span> <span class='ocrx_word' id='word_1_114' title='bbox 395 1341 441 1390; x_wconf 81' lang='lat' dir='ltr'><strong>etc.</strong></span> <span class='ocrx_word' id='word_1_115' title='bbox 468 1335 576 1389; x_wconf 76' lang='lat' dir='ltr'><strong>Deinde</strong></span> <span class='ocrx_word' id='word_1_116' title='bbox 592 1336 687 1404; x_wconf 73' lang='lat' dir='ltr'><strong>serpit,</strong></span> <span class='ocrx_word' id='word_1_117' title='bbox 706 1340 732 1388; x_wconf 85' lang='lat' dir='ltr'><strong>et</strong></span> <span class='ocrx_word' id='word_1_118' title='bbox 748 1339 842 1403; x_wconf 80' lang='lat' dir='ltr'><strong>oporto</strong></span> <span class='ocrx_word' id='word_1_119' title='bbox 861 1349 905 1388; x_wconf 86' lang='lat' dir='ltr'><strong>ca-</strong></span> 
     </span>
     <span class='ocr_line' id='line_1_18' title="bbox 95 1405 905 1475; baseline -0.001 -16"><span class='ocrx_word' id='word_1_120' title='bbox 95 1406 158 1475; x_wconf 78' lang='lat' dir='ltr'><strong>pite</strong></span> <span class='ocrx_word' id='word_1_121' title='bbox 181 1405 255 1473; x_wconf 77' lang='lat' dir='ltr'><strong>dicit,</strong></span> <span class='ocrx_word' id='word_1_122' title='bbox 280 1405 363 1474; x_wconf 79' lang='lat' dir='ltr'><strong>Kyrie</strong></span> <span class='ocrx_word' id='word_1_123' title='bbox 389 1406 500 1464; x_wconf 83' lang='lat' dir='ltr'><strong>eleison.</strong></span> <span class='ocrx_word' id='word_1_124' title='bbox 536 1405 642 1460; x_wconf 84' lang='lat' dir='ltr'><strong>Christo</strong></span> <span class='ocrx_word' id='word_1_125' title='bbox 667 1405 778 1462; x_wconf 81' lang='lat' dir='ltr'><strong>eleison.</strong></span> <span class='ocrx_word' id='word_1_126' title='bbox 820 1405 905 1474; x_wconf 86' lang='lat' dir='ltr'><strong>Kyrie</strong></span> 
     </span>
     <span class='ocr_line' id='line_1_19' title="bbox 101 1476 511 1534; baseline 0.005 -2"><span class='ocrx_word' id='word_1_127' title='bbox 101 1476 215 1532; x_wconf 86' lang='lat' dir='ltr'><strong>eleison.</strong></span> <span class='ocrx_word' id='word_1_128' title='bbox 251 1476 334 1532; x_wconf 87' lang='lat' dir='ltr'><strong>Peter</strong></span> <span class='ocrx_word' id='word_1_129' title='bbox 350 1485 443 1532; x_wconf 87' lang='lat' dir='ltr'><strong>noster</strong></span> <span class='ocrx_word' id='word_1_130' title='bbox 460 1484 511 1534; x_wconf 90' lang='lat' dir='ltr'><strong>etc.</strong></span> 
     </span>
    </p>

    <p class='ocr_par' dir='ltr' id='par_1_8' title="bbox 137 1547 668 1617">
     <span class='ocr_line' id='line_1_20' title="bbox 137 1547 668 1617; baseline -0.002 -15"><span class='ocrx_word' id='word_1_131' title='bbox 137 1547 176 1602; x_wconf 83' lang='lat' dir='ltr'><strong>Et</strong></span> <span class='ocrx_word' id='word_1_132' title='bbox 193 1563 227 1601; x_wconf 91' lang='lat' dir='ltr'><strong>ne</strong></span> <span class='ocrx_word' id='word_1_133' title='bbox 244 1564 294 1603; x_wconf 87' lang='lat' dir='ltr'><strong>nos</strong></span> <span class='ocrx_word' id='word_1_134' title='bbox 312 1548 422 1604; x_wconf 83' lang='lat' dir='ltr'><strong>inducas</strong></span> <span class='ocrx_word' id='word_1_135' title='bbox 439 1549 468 1602; x_wconf 92' lang='lat' dir='ltr'><strong>in</strong></span> <span class='ocrx_word' id='word_1_136' title='bbox 485 1548 668 1617; x_wconf 78' lang='lat' dir='ltr'><strong>tentationem,</strong></span> 
     </span>
    </p>

    <p class='ocr_par' dir='ltr' id='par_1_9' title="bbox 136 1618 419 1676">
     <span class='ocr_line' id='line_1_21' title="bbox 136 1618 419 1676; baseline 0.007 -4"><span class='ocrx_word' id='word_1_137' title='bbox 136 1619 173 1673; x_wconf 76' lang='lat' dir='ltr'><strong><em>R.</em></strong></span> <span class='ocrx_word' id='word_1_138' title='bbox 193 1618 248 1673; x_wconf 86' lang='lat' dir='ltr'><strong>Sed</strong></span> <span class='ocrx_word' id='word_1_139' title='bbox 264 1618 350 1674; x_wconf 82' lang='lat' dir='ltr'><strong>libero</strong></span> <span class='ocrx_word' id='word_1_140' title='bbox 368 1626 419 1676; x_wconf 88' lang='lat' dir='ltr'><strong>etc.</strong></span> 
     </span>
    </p>

    <p class='ocr_par' dir='ltr' id='par_1_10' title="bbox 141 1685 901 1758">
     <span class='ocr_line' id='line_1_22' title="bbox 141 1685 901 1758; baseline -0.005 -14"><span class='ocrx_word' id='word_1_141' title='bbox 141 1689 173 1744; x_wconf 90' lang='lat' dir='ltr'><strong>V.</strong></span> <span class='ocrx_word' id='word_1_142' title='bbox 193 1689 302 1744; x_wconf 74' lang='lat' dir='ltr'><strong>Salvum</strong></span> <span class='ocrx_word' id='word_1_143' title='bbox 319 1689 362 1744; x_wconf 83' lang='lat' dir='ltr'><strong>foc</strong></span> <span class='ocrx_word' id='word_1_144' title='bbox 381 1706 487 1745; x_wconf 84' lang='lat' dir='ltr'><strong>servum</strong></span> <span class='ocrx_word' id='word_1_145' title='bbox 505 1696 588 1758; x_wconf 91' lang='lat' dir='ltr'><strong>tuum,</strong></span> <span class='ocrx_word' id='word_1_146' title='bbox 609 1689 661 1756; x_wconf 81' lang='lat' dir='ltr'><strong>(oei</strong></span> <span class='ocrx_word' id='word_1_147' title='bbox 679 1685 801 1741; x_wconf 77' lang='lat' dir='ltr'><strong>ancillam</strong></span> <span class='ocrx_word' id='word_1_148' title='bbox 819 1685 901 1756; x_wconf 81' lang='lat' dir='ltr'><strong>tuum)</strong></span> 
     </span>
    </p>
   </div>
   <div class='ocr_carea' id='block_1_6' title="bbox 8 1759 789 1829">
    <p class='ocr_par' dir='ltr' id='par_1_11' title="bbox 8 1759 789 1829">
     <span class='ocr_line' id='line_1_23' title="bbox 8 1759 789 1829; baseline -0.006 -12"><span class='ocrx_word' id='word_1_149' title='bbox 8 1769 12 1776; x_wconf 87' lang='lat'>&#39;</span> <span class='ocrx_word' id='word_1_150' title='bbox 99 1760 226 1828; x_wconf 91' lang='lat' dir='ltr'><strong>Domine,</strong></span> <span class='ocrx_word' id='word_1_151' title='bbox 246 1791 278 1801; x_wconf 94' lang='lat'><em>-</em></span> <span class='ocrx_word' id='word_1_152' title='bbox 298 1761 333 1817; x_wconf 85' lang='lat' dir='ltr'><em>R</em></span> <span class='ocrx_word' id='word_1_153' title='bbox 351 1761 427 1818; x_wconf 89' lang='lat' dir='ltr'><strong>Deus</strong></span> <span class='ocrx_word' id='word_1_154' title='bbox 445 1773 520 1816; x_wconf 85' lang='lat' dir='ltr'><strong>meus</strong></span> <span class='ocrx_word' id='word_1_155' title='bbox 538 1768 690 1829; x_wconf 79' lang='lat' dir='ltr'><strong>sperantem</strong></span> <span class='ocrx_word' id='word_1_156' title='bbox 707 1759 736 1812; x_wconf 92' lang='lat' dir='ltr'><strong>in</strong></span> <span class='ocrx_word' id='word_1_157' title='bbox 753 1765 789 1813; x_wconf 90' lang='lat' dir='ltr'><strong>te.</strong></span> 
     </span>
    </p>
   </div>
   <div class='ocr_carea' id='block_1_7' title="bbox 102 1828 905 2753">
    <p class='ocr_par' dir='ltr' id='par_1_12' title="bbox 143 1828 826 1901">
     <span class='ocr_line' id='line_1_24' title="bbox 143 1828 826 1901; baseline -0.006 -15"><span class='ocrx_word' id='word_1_158' title='bbox 143 1832 175 1888; x_wconf 89' lang='lat' dir='ltr'><strong>V.</strong></span> <span class='ocrx_word' id='word_1_159' title='bbox 193 1831 267 1886; x_wconf 87' lang='lat' dir='ltr'><strong>Nihil</strong></span> <span class='ocrx_word' id='word_1_160' title='bbox 284 1831 432 1901; x_wconf 85' lang='lat' dir='ltr'><strong>proficiet</strong></span> <span class='ocrx_word' id='word_1_161' title='bbox 424 1833 545 1888; x_wconf 87' lang='lat' dir='ltr'><strong>mimicos</strong></span> <span class='ocrx_word' id='word_1_162' title='bbox 562 1833 591 1886; x_wconf 90' lang='lat' dir='ltr'><strong>in</strong></span> <span class='ocrx_word' id='word_1_163' title='bbox 609 1848 642 1887; x_wconf 92' lang='lat' dir='ltr'><strong>eo</strong></span> <span class='ocrx_word' id='word_1_164' title='bbox 661 1828 826 1900; x_wconf 71' lang='lat' dir='ltr'><strong>(velinos),</strong></span> 
     </span>
    </p>

    <p class='ocr_par' dir='ltr' id='par_1_13' title="bbox 138 1899 860 1972">
     <span class='ocr_line' id='line_1_25' title="bbox 138 1899 860 1972; baseline 0.001 -15"><span class='ocrx_word' id='word_1_165' title='bbox 138 1901 174 1957; x_wconf 88' lang='lat' dir='ltr'><strong><em>R.</em></strong></span> <span class='ocrx_word' id='word_1_166' title='bbox 194 1903 231 1960; x_wconf 88' lang='lat' dir='ltr'><strong>Et</strong></span> <span class='ocrx_word' id='word_1_167' title='bbox 247 1901 318 1960; x_wconf 87' lang='lat' dir='ltr'><strong>filius</strong></span> <span class='ocrx_word' id='word_1_168' title='bbox 336 1904 483 1972; x_wconf 80' lang='lat' dir='ltr'><strong>iniquitatis</strong></span> <span class='ocrx_word' id='word_1_169' title='bbox 501 1920 555 1959; x_wconf 93' lang='lat' dir='ltr'><strong>non</strong></span> <span class='ocrx_word' id='word_1_170' title='bbox 573 1908 692 1972; x_wconf 81' lang='lat' dir='ltr'><strong>apponat</strong></span> <span class='ocrx_word' id='word_1_171' title='bbox 707 1915 807 1956; x_wconf 88' lang='lat' dir='ltr'><strong>nocere</strong></span> <span class='ocrx_word' id='word_1_172' title='bbox 826 1899 860 1958; x_wconf 81' lang='lat' dir='ltr'><strong>ci.</strong></span> 
     </span>
    </p>

    <p class='ocr_par' dir='ltr' id='par_1_14' title="bbox 142 1973 743 2059">
     <span class='ocr_line' id='line_1_26' title="bbox 142 1973 743 2059; baseline 0 -31"><span class='ocrx_word' id='word_1_173' title='bbox 142 1973 174 2032; x_wconf 89' lang='lat' dir='ltr'><strong>V.</strong></span> <span class='ocrx_word' id='word_1_174' title='bbox 192 1974 260 2030; x_wconf 83' lang='lat' dir='ltr'><strong>Esto</strong></span> <span class='ocrx_word' id='word_1_175' title='bbox 279 1975 313 2043; x_wconf 88' lang='lat' dir='ltr'><strong>ei,</strong></span> <span class='ocrx_word' id='word_1_176' title='bbox 323 1974 453 2059; x_wconf 81' lang='lat' dir='ltr'><strong>Domine,</strong></span> <span class='ocrx_word' id='word_1_177' title='bbox 471 1976 554 2030; x_wconf 86' lang='lat' dir='ltr'><strong>turris</strong></span> <span class='ocrx_word' id='word_1_178' title='bbox 572 1973 743 2043; x_wconf 84' lang='lat' dir='ltr'><strong>fortitudinis,</strong></span> 
     </span>
    </p>

    <p class='ocr_par' dir='ltr' id='par_1_15' title="bbox 138 2043 427 2100">
     <span class='ocr_line' id='line_1_27' title="bbox 138 2043 427 2100; baseline 0.004 -1"><span class='ocrx_word' id='word_1_179' title='bbox 138 2043 174 2099; x_wconf 86' lang='lat' dir='ltr'><strong><em>R.</em></strong></span> <span class='ocrx_word' id='word_1_180' title='bbox 192 2045 329 2100; x_wconf 82' lang='lat' dir='ltr'><strong>Aiacie&#39;</strong></span> <span class='ocrx_word' id='word_1_181' title='bbox 321 2046 427 2100; x_wconf 91' lang='lat' dir='ltr'><strong>mimici.</strong></span> 
     </span>
    </p>

    <p class='ocr_par' dir='ltr' id='par_1_16' title="bbox 145 2116 781 2185">
     <span class='ocr_line' id='line_1_28' title="bbox 145 2116 781 2185; baseline 0 -15"><span class='ocrx_word' id='word_1_182' title='bbox 145 2116 177 2172; x_wconf 91' lang='lat' dir='ltr'><strong><em>V</em></strong></span> <span class='ocrx_word' id='word_1_183' title='bbox 193 2116 317 2185; x_wconf 87' lang='lat' dir='ltr'><strong>Domine,</strong></span> <span class='ocrx_word' id='word_1_184' title='bbox 337 2116 433 2171; x_wconf 82' lang='lat' dir='ltr'><strong>exaudi</strong></span> <span class='ocrx_word' id='word_1_185' title='bbox 452 2118 599 2172; x_wconf 82' lang='lat' dir='ltr'><strong>orationem</strong></span> <span class='ocrx_word' id='word_1_186' title='bbox 616 2131 712 2185; x_wconf 82' lang='lat' dir='ltr'><strong>meum,</strong></span> <span class='ocrx_word' id='word_1_187' title='bbox 731 2121 781 2170; x_wconf 88' lang='lat' dir='ltr'><strong>etc.</strong></span> 
     </span>
    </p>

    <p class='ocr_par' dir='ltr' id='par_1_17' title="bbox 145 2185 904 2256">
     <span class='ocr_line' id='line_1_29' title="bbox 145 2185 904 2256; baseline -0.004 -15"><span class='ocrx_word' id='word_1_188' title='bbox 145 2187 176 2241; x_wconf 89' lang='lat' dir='ltr'><strong>V.</strong></span> <span class='ocrx_word' id='word_1_189' title='bbox 195 2187 325 2242; x_wconf 89' lang='lat' dir='ltr'><strong>Dominus</strong></span> <span class='ocrx_word' id='word_1_190' title='bbox 339 2189 483 2243; x_wconf 87' lang='lat' dir='ltr'><strong>vobiscum.</strong></span> <span class='ocrx_word' id='word_1_191' title='bbox 499 2217 532 2230; x_wconf 89' lang='lat'><strong>-</strong></span> <span class='ocrx_word' id='word_1_192' title='bbox 548 2187 583 2242; x_wconf 82' lang='lat' dir='ltr'><strong><em>R.</em></strong></span> <span class='ocrx_word' id='word_1_193' title='bbox 601 2189 639 2242; x_wconf 86' lang='lat' dir='ltr'><strong>Et</strong></span> <span class='ocrx_word' id='word_1_194' title='bbox 657 2204 717 2242; x_wconf 91' lang='lat' dir='ltr'><strong>cum</strong></span> <span class='ocrx_word' id='word_1_195' title='bbox 735 2185 830 2256; x_wconf 88' lang='lat' dir='ltr'><strong>spiritu</strong></span> <span class='ocrx_word' id='word_1_196' title='bbox 847 2190 904 2240; x_wconf 90' lang='lat' dir='ltr'><strong>tuo.</strong></span> 
     </span>
    </p>

    <p class='ocr_par' dir='ltr' id='par_1_18' title="bbox 102 2257 904 2598">
     <span class='ocr_line' id='line_1_30' title="bbox 142 2257 904 2327; baseline -0.004 -15"><span class='ocrx_word' id='word_1_197' title='bbox 142 2257 261 2312; x_wconf 73' lang='lat' dir='ltr'><strong>Orcum</strong></span> <span class='ocrx_word' id='word_1_198' title='bbox 279 2258 362 2326; x_wconf 88' lang='lat' dir='ltr'><strong>Deus,</strong></span> <span class='ocrx_word' id='word_1_199' title='bbox 381 2260 423 2314; x_wconf 89' lang='lat' dir='ltr'><strong>cui</strong></span> <span class='ocrx_word' id='word_1_200' title='bbox 441 2259 579 2327; x_wconf 85' lang='lat' dir='ltr'><strong>proprium</strong></span> <span class='ocrx_word' id='word_1_201' title='bbox 597 2266 639 2314; x_wconf 91' lang='lat' dir='ltr'><strong>est</strong></span> <span class='ocrx_word' id='word_1_202' title='bbox 657 2258 777 2314; x_wconf 85' lang='lat' dir='ltr'><strong>misereri</strong></span> <span class='ocrx_word' id='word_1_203' title='bbox 796 2271 904 2324; x_wconf 86' lang='lat' dir='ltr'><strong>semper</strong></span> 
     </span>
     <span class='ocr_line' id='line_1_31' title="bbox 104 2328 904 2398; baseline -0.003 -15"><span class='ocrx_word' id='word_1_204' title='bbox 104 2335 134 2384; x_wconf 89' lang='lat' dir='ltr'><strong>et</strong></span> <span class='ocrx_word' id='word_1_205' title='bbox 150 2345 277 2398; x_wconf 79' lang='lat' dir='ltr'><strong>percere3</strong></span> <span class='ocrx_word' id='word_1_206' title='bbox 297 2331 402 2397; x_wconf 86' lang='lat' dir='ltr'><strong>suscipe</strong></span> <span class='ocrx_word' id='word_1_207' title='bbox 417 2329 632 2398; x_wconf 80' lang='lat' dir='ltr'><strong>deprecationem</strong></span> <span class='ocrx_word' id='word_1_208' title='bbox 645 2337 773 2398; x_wconf 79' lang='lat' dir='ltr'><strong>nostram,</strong></span> <span class='ocrx_word' id='word_1_209' title='bbox 792 2336 820 2382; x_wconf 86' lang='lat' dir='ltr'><strong>et</strong></span> <span class='ocrx_word' id='word_1_210' title='bbox 832 2328 904 2381; x_wconf 89' lang='lat' dir='ltr'><strong>hunc</strong></span> 
     </span>
     <span class='ocr_line' id='line_1_32' title="bbox 103 2398 904 2485; baseline -0.004 -31"><span class='ocrx_word' id='word_1_211' title='bbox 103 2399 231 2454; x_wconf 73' lang='lat' dir='ltr'><strong>furnulum</strong></span> <span class='ocrx_word' id='word_1_212' title='bbox 256 2407 339 2485; x_wconf 83' lang='lat' dir='ltr'><strong>tuum,</strong></span> <span class='ocrx_word' id='word_1_213' title='bbox 364 2416 442 2468; x_wconf 85' lang='lat' dir='ltr'><strong>quem</strong></span> <span class='ocrx_word' id='word_1_214' title='bbox 468 2401 746 2455; x_wconf 76' lang='lat' dir='ltr'><strong>excommunicationis</strong></span> <span class='ocrx_word' id='word_1_215' title='bbox 771 2398 904 2454; x_wconf 83' lang='lat' dir='ltr'><strong>sententie</strong></span> 
     </span>
     <span class='ocr_line' id='line_1_33' title="bbox 104 2468 905 2540; baseline -0.004 -14"><span class='ocrx_word' id='word_1_216' title='bbox 104 2472 270 2540; x_wconf 83' lang='lat' dir='ltr'><strong>constringit,</strong></span> <span class='ocrx_word' id='word_1_217' title='bbox 288 2472 424 2527; x_wconf 81' lang='lat' dir='ltr'><strong>miseratio</strong></span> <span class='ocrx_word' id='word_1_218' title='bbox 441 2478 505 2526; x_wconf 82' lang='lat' dir='ltr'><strong>tuae</strong></span> <span class='ocrx_word' id='word_1_219' title='bbox 529 2472 638 2540; x_wconf 77' lang='lat' dir='ltr'><strong>pietatis</strong></span> <span class='ocrx_word' id='word_1_220' title='bbox 656 2472 799 2526; x_wconf 88' lang='lat' dir='ltr'><strong>clementer</strong></span> <span class='ocrx_word' id='word_1_221' title='bbox 818 2468 905 2524; x_wconf 88' lang='lat' dir='ltr'><strong>ebsol·</strong></span> 
     </span>
     <span class='ocr_line' id='line_1_34' title="bbox 102 2541 904 2598; baseline -0.004 -2"><span class='ocrx_word' id='word_1_222' title='bbox 102 2547 159 2597; x_wconf 80' lang='lat' dir='ltr'><strong>vat</strong></span> <span class='ocrx_word' id='word_1_223' title='bbox 176 2543 231 2598; x_wconf 91' lang='lat' dir='ltr'><strong>Per</strong></span> <span class='ocrx_word' id='word_1_224' title='bbox 249 2543 384 2598; x_wconf 79' lang='lat' dir='ltr'><strong>Christum</strong></span> <span class='ocrx_word' id='word_1_225' title='bbox 401 2543 544 2598; x_wconf 90' lang='lat' dir='ltr'><strong>Dominum</strong></span> <span class='ocrx_word' id='word_1_226' title='bbox 562 2550 690 2597; x_wconf 86' lang='lat' dir='ltr'><strong>nostrum</strong></span> <span class='ocrx_word' id='word_1_227' title='bbox 709 2571 743 2582; x_wconf 89' lang='lat'>-</span> <span class='ocrx_word' id='word_1_228' title='bbox 756 2541 792 2596; x_wconf 82' lang='lat' dir='ltr'><strong><em>R.</em></strong></span> <span class='ocrx_word' id='word_1_229' title='bbox 809 2541 904 2595; x_wconf 87' lang='lat' dir='ltr'><strong>Amen.</strong></span> 
     </span>
    </p>

    <p class='ocr_par' dir='ltr' id='par_1_19' title="bbox 141 2613 691 2684">
     <span class='ocr_line' id='line_1_35' title="bbox 141 2613 691 2684; baseline -0.002 -16"><span class='ocrx_word' id='word_1_230' title='bbox 141 2614 212 2668; x_wconf 78' lang='lat' dir='ltr'><strong>Meo</strong></span> <span class='ocrx_word' id='word_1_231' title='bbox 229 2614 309 2681; x_wconf 80' lang='lat' dir='ltr'><strong>sedet,</strong></span> <span class='ocrx_word' id='word_1_232' title='bbox 329 2620 354 2669; x_wconf 84' lang='lat' dir='ltr'><strong>et</strong></span> <span class='ocrx_word' id='word_1_233' title='bbox 371 2619 494 2683; x_wconf 81' lang='lat' dir='ltr'><strong>cooperto</strong></span> <span class='ocrx_word' id='word_1_234' title='bbox 507 2615 595 2684; x_wconf 79' lang='lat' dir='ltr'><strong>capite</strong></span> <span class='ocrx_word' id='word_1_235' title='bbox 613 2613 691 2667; x_wconf 81' lang='lat' dir='ltr'><strong>dicit:</strong></span> 
     </span>
    </p>

    <p class='ocr_par' dir='ltr' id='par_1_20' title="bbox 139 2683 904 2753">
     <span class='ocr_line' id='line_1_36' title="bbox 139 2683 904 2753; baseline -0.007 -14"><span class='ocrx_word' id='word_1_236' title='bbox 139 2685 271 2740; x_wconf 87' lang='lat' dir='ltr'><strong>Dominus</strong></span> <span class='ocrx_word' id='word_1_237' title='bbox 284 2686 467 2741; x_wconf 73' lang='lat' dir='ltr'><strong>noster-Iesus</strong></span> <span class='ocrx_word' id='word_1_238' title='bbox 477 2685 598 2740; x_wconf 86' lang='lat' dir='ltr'><strong>Christus</strong></span> <span class='ocrx_word' id='word_1_239' title='bbox 616 2693 644 2740; x_wconf 87' lang='lat' dir='ltr'><strong>te</strong></span> <span class='ocrx_word' id='word_1_240' title='bbox 658 2683 788 2753; x_wconf 72' lang='lat' dir='ltr'><strong>absolvet,</strong></span> <span class='ocrx_word' id='word_1_241' title='bbox 808 2688 835 2737; x_wconf 89' lang='lat' dir='ltr'><strong>et</strong></span> <span class='ocrx_word' id='word_1_242' title='bbox 852 2695 904 2750; x_wconf 79' lang='lat' dir='ltr'><strong>ego</strong></span> 
     </span>
    </p>
   </div>
   <div class='ocr_carea' id='block_1_8' title="bbox 105 2793 268 2806">
    <p class='ocr_par' dir='ltr' id='par_1_21' title="bbox 105 2793 268 2806">
     <span class='ocr_line' id='line_1_37' title="bbox 105 2793 268 2806; baseline -0.012 0"><span class='ocrx_word' id='word_1_243' title='bbox 105 2793 268 2806; x_wconf 75' lang='lat'>—</span> 
     </span>
    </p>
   </div>
   <div class='ocr_carea' id='block_1_9' title="bbox 118 2837 338 2894">
    <p class='ocr_par' dir='ltr' id='par_1_22' title="bbox 118 2837 338 2894">
     <span class='ocr_line' id='line_1_38' title="bbox 118 2837 338 2894; baseline -0.014 -11"><span class='ocrx_word' id='word_1_244' title='bbox 118 2841 141 2894; x_wconf 86' lang='lat'><strong>¹)</strong></span> <span class='ocrx_word' id='word_1_245' title='bbox 154 2841 211 2883; x_wconf 78' lang='lat' dir='ltr'><strong>vido</strong></span> <span class='ocrx_word' id='word_1_246' title='bbox 224 2849 276 2890; x_wconf 67' lang='lat' dir='ltr'><strong>pag.</strong></span> <span class='ocrx_word' id='word_1_247' title='bbox 290 2837 338 2880; x_wconf 78' lang='lat' dir='ltr'><strong>tos.</strong></span> 
     </span>
    </p>
   </div>
   <div class='ocr_carea' id='block_1_10' title="bbox 0 0 1080 3234">
    <p class='ocr_par' dir='ltr' id='par_1_23' title="bbox 0 0 1080 3234">
     <span class='ocr_line' id='line_1_39' title="bbox 0 0 1080 3234; baseline 0 0"><span class='ocrx_word' id='word_1_248' title='bbox 0 0 1080 3234; x_wconf 95' lang='lat' dir='ltr'><strong> </strong></span> 
     </span>
    </p>
   </div>
  </div>
 </body>
</html>
