2098 3222
142 267 148 284 .
176 227 219 272 Μ
362 241 367 250 ·
518 230 639 279 Armis

177 333 378 388 Matrimonium
395 331 470 387 Petri
489 332 528 390 Μ,
541 333 698 401 parochiani
715 339 837 388 sanctum
853 333 883 387 in
901 334 934 392 B.
951 341 976 390 et

178 405 273 460 Annae
295 405 329 458 N.
355 404 535 472 parochianae
562 419 646 473 meae,
668 404 789 459 intellexi
812 404 976 472 praedictam

177 492 306 544 sponsam
324 491 384 531 esse
401 491 452 543 per
469 475 589 544 legitima
604 475 743 544 sponsalia
759 475 872 544 ligatam
880 477 976 532 Joauni

178 547 213 603 N.
231 547 395 622 parochiano
413 561 482 615 mco,
500 547 547 615 qui
559 545 671 614 proinde
680 553 826 615 praetenso
838 547 975 604 illiuslla·

177 619 305 674 mortio
321 632 351 673 se
370 619 492 686 opponit
530 618 577 672 Vel
594 618 718 672 Intellexi
741 617 880 687 praefatos
900 635 975 688 spou-

178 705 225 747 sos
243 705 303 745 csse
322 689 413 744 affines
437 689 465 742 iu
487 690 574 758 primo
596 687 685 757 gradu
707 696 820 758 propter
845 691 976 745 cmnnlem

164 761 311 830 ¹copulam,
328 761 409 828 quam
426 759 522 814 habuit·
538 775 654 828 sponsus
671 776 732 815 curn
749 775 844 816 sorore
863 776 975 830 sponsae

179 847 254 887 snae.
295 832 344 886 Vel
358 847 486 900 sponsum
502 831 531 884 in
547 831 687 900 Baptismo
705 832 857 899 suscepisse
875 833 976 902 prolem

180 919 247 958 suae
264 918 387 972 sponsae,
406 910 487 970 atque
504 902 567 957 ideo
584 903 638 972 ipsi
654 917 716 958 esse
729 903 864 971 spirituali
882 919 975 973 cogua-

178 975 253 1030 tioue
271 975 448 1044 coniunctum.
863 987 867 994 ·

215 1045 293 1101 Unde
310 1045 446 1100 humiliter
463 1045 594 1114 supplico,
620 1051 651 1100 ut
674 1045 858 1100 IllusuIssima
881 1047 977 1102 Vestra

179 1116 274 1172 mas
289 1117 354 1170 mihi
366 1117 489 1171 mtimare
503 1114 634 1191 dignetur,
653 1116 718 1184 quid
730 1117 824 1170 hocin
837 1132 905 1174 casu
922 1118 977 1173 lieri

179 1188 259 1256 velit,
283 1187 318 1241 ad
336 1187 477 1262 ulteriores
501 1188 724 1256 proclamationes
747 1203 802 1242 nou
826 1189 977 1258 pmcedam,

175 1259 231 1314 uisi
249 1259 324 1326 prius
342 1258 540 1315 Illustrissimae
558 1258 754 1314 Domiuationis
771 1259 890 1316 Vestrae
908 1276 977 1317 mcu-

177 1335 234 1384 tcm
250 1330 418 1385 intellexero.

214 1399 300 1471 Omni,
320 1417 374 1470 qua
390 1417 441 1470 par
459 1407 501 1457 est
518 1407 569 1457 etc.

201 1551 238 1599 ta.
252 1553 376 1600 Formula
389 1551 589 1608 supplicationis
603 1563 653 1608 pro
667 1551 861 1609 dispensatione
877 1565 959 1612 super
1029 1541 1030 1576 i

387 1621 504 1674 tempore
519 1618 608 1663 clauso
623 1618 771 1664 obtinentia.

250 1715 483 1772 Reverendbsime
501 1716 652 1772 Vicariatus
670 1716 824 1772 Generalis!

94 1873 97 1877 λ
214 1805 370 1862 Vincentius
388 1805 416 1858 in
433 1805 562 1873 parochia
579 1805 614 1860 N.
639 1805 762 1861 habitans
780 1811 807 1860 et
825 1805 909 1876 Rosa,
935 1821 981 1875 pa·

178 1877 307 1932 rochiana
324 1891 393 1946 mea,
418 1875 471 1930 ism
489 1875 535 1930 diu
553 1877 690 1945 sponsalia
706 1883 906 1946 consuerunt,
935 1893 980 1931 va

177 1949 226 2003 riis
250 1963 315 2002 vero
337 1947 533 2015 impedimentis
558 1948 725 2003 obstantibus
752 1949 861 2016 nuptias
889 1947 981 2003 faeere

178 2035 233 2074 non
257 2025 411 2087 potuerunt.
448 2018 550 2085 Quibus
574 2025 664 2074 umen
688 2019 807 2089 sublatis,
836 2035 921 2087 quum
948 2035 982 2074 ex

179 2089 346 2146 diuturniore
364 2089 528 2144 Matr-lmenii
541 2089 673 2162 ,diedone
696 2090 854 2159 gravissima
881 2089 982 2146 damna
1027 2061 1028 2149 i

179 2161 338 2217 Oratoribus
351 2175 496 2228 eorumque
512 2162 553 2216 rei
566 2160 727 2217 domesticae
742 2161 906 2230 immineant,
926 2161 981 2218 Re

178 2233 370 2288 verendissimo
388 2231 536 2287 Vicat-ictui
557 2231 683 2287 Generali
705 2233 850 2288 humillime
876 2233 982 2303 suppli·

178 2313 248 2374 cant,
266 2311 299 2358 ut
315 2319 397 2372 super
413 2303 500 2359 tribus
517 2304 770 2372 proclamationibus
784 2303 983 2372 gadosbsime

178 2375 335 2443 dispensare
354 2375 484 2442 dignetur.
522 2374 608 2442 Quam
625 2369 816 2443 benignitatem
834 2381 865 2429 ut
883 2373 983 2430 Orato-

177 2446 261 2512 ribus,
292 2447 366 2500 nullo
396 2445 586 2514 impedimento
604 2447 740 2515 canonico,
759 2451 890 2513 quantum
912 2447 982 2500 mihi

178 2531 214 2570 ex
232 2517 353 2585 diligenti
370 2516 541 2584 inquisitione
567 2523 689 2573 constare
716 2523 814 2587 potest,
841 2517 983 2573 obstrictis

177 2588 353 2656 impertiatur,
372 2603 435 2643 suas
453 2603 513 2641 oum
531 2589 637 2643 illorum
663 2589 787 2658 precibus
805 2588 985 2657 coniungens,

177 2657 440 2714 Revereudissimum
463 2659 629 2716 vicariatum
658 2659 817 2716 mnenon
846 2659 985 2718 submissa

176 2736 238 2788 orat
254 2736 304 2784 eto.
