2138 3226
195 194 229 234 De
242 195 343 244 partium
356 196 474 238 mobilibus
487 198 570 240 fliam
582 199 655 240 oldaia
669 200 795 242 conmrmlr.
854 169 904 242 Μ’

10 329 11 368 ,
98 297 260 367 Chrysologi
278 298 312 368 (5.
331 299 408 369 Dec.)
434 299 474 366 (S.
493 300 528 356 B.
549 299 578 356 0.
605 301 851 371 23.Jaaii1736.,
869 307 896 363 6.

10 391 11 418 i
96 370 174 424 Maii
189 372 279 437 1825,
296 371 518 426 23.Maa'1835.
537 379 565 427 ei
584 374 608 427 7.
618 372 742 429 Decenrb.
759 377 859 442 1844).

133 440 161 509 n)
179 440 287 497 Nomen
305 440 427 510 Spiraion
442 443 471 496 in
489 442 660 498 Orationibus
678 443 823 501 affluo
842 445 895 514 (24.

98 511 204 582 April),
232 511 259 566 S.
287 512 449 568 Bernardini
471 515 523 584 (20.
552 513 637 583 Maii),
664 514 691 570 S.
710 515 814 570 Camilli
841 517 896 584 (18.

95 583 183 650 Julii),
203 582 231 641 S.
251 584 407 653 Hieronymi
423 584 566 640 Aemiliani
594 585 648 655 (20.
665 586 749 655 Julii),
769 585 796 640 S.
814 587 897 642 Joan·

10 653 11 662 ³
97 670 150 710 nae
168 653 330 710 Franciscae
349 657 402 724 (21.
421 656 509 726 nup),
534 657 598 712 item
622 657 651 710 in
672 655 799 711 Oratione
816 673 898 725 nuper

91 725 238 795 populoru,
257 742 326 795 quae
344 734 386 782 est
403 725 472 782 feria
483 728 529 782 lv.
547 728 697 796 postDom.
711 728 746 784 II.
761 727 897 797 derag.

33 817 39 826 ·
97 811 196 852 revera
212 813 268 852 non
284 797 385 852 indicat
404 797 531 867 Spiritum
549 807 678 867 sanctum,
700 798 772 855 unde
791 800 907 862 conclu-¹

97 868 203 924 dendne
222 876 286 924 sunt
302 885 376 924 more
395 870 484 939 solito,
512 869 569 926 sine
596 871 716 938 ejusdcm
744 870 786 938 (S.
810 871 847 926 R.
867 870 896 927 0.

96 944 141 995 12.
159 940 233 995 Noe.
250 942 349 1008 rear).

133 1012 160 1082 o)
182 1010 305 1079 deuecta,
330 1027 399 1080 quoe
416 1011 451 1066 ab
467 1011 606 1080 Episcopo
630 1014 787 1082 impendar,
797 1013 816 1083 1)
841 1029 897 1068 non
964 1039 966 1042 ·

94 1090 200 1138 emtum
216 1083 245 1136 in
259 1083 443 1151 saecularium,
462 1081 511 1138 sed
529 1085 610 1140 etiam
626 1084 830 1153 irregularium
849 1101 892 1140 ec·

95 1154 193 1223 clesiis,
214 1155 294 1209 ctiam
312 1155 444 1222 exemptis
461 1169 512 1222 per
528 1154 636 1210 modurn
644 1156 782 1225 praecepti
800 1164 829 1210 et
847 1155 895 1211 oh·

92 1225 232 1295 ligationis
251 1233 293 1280 est
311 1225 438 1294 dicendn;
462 1240 512 1280 nec
536 1226 599 1280 licet
623 1243 672 1294 pro
691 1227 768 1282 libitu
786 1242 894 1282 cessare

93 1297 129 1352 ab
149 1295 245 1352 eadem
258 1295 403 1364 recitanda,
424 1303 567 1364 antequam
576 1295 732 1352 Ordinarius
745 1297 774 1354 id
786 1299 896 1354 iusserit

76 1368 139 1435 ‘(S.
158 1367 193 1422 R.
214 1369 243 1423 0.
261 1371 287 1422 3.
305 1368 412 1436 Apriles
434 1370 543 1442 182‘31.),·¹
565 1383 671 1437 semper
696 1369 834 1424 recitanda
847 1375 895 1426 est

98 1439 149 1494 sub
168 1438 282 1494 disiuncta
300 1439 469 1494 conclusione
497 1447 525 1494 et
548 1446 611 1507 post
628 1455 720 1498 omnes
737 1455 896 1495 commemo·

96 1509 217 1564 rationes
236 1510 366 1578 speciales
385 1517 413 1564 et
426 1511 505 1565 etiam
518 1524 678 1577 communen,
697 1525 766 1578 quae
779 1510 896 1566 secundo

96 1588 127 1636 et
151 1581 233 1636 tertio
248 1581 317 1636 'loco
345 1580 484 1636 addendae
507 1581 733 1649 praeocciduntur,
759 1581 807 1636 sed
834 1587 897 1636 ante

98 1653 215 1720 votivae,
234 1668 302 1720 qnos
320 1652 458 1708 celebrans
482 1653 511 1706 in
533 1652 624 1708 Missis
642 1652 740 1706 votivis
758 1659 786 1706 et
804 1651 898 1708 diebus

98 1723 266 1793 simplicibus
284 1739 316 1778 ac
332 1722 470 1778 ferialibus
488 1723 609 1792 adiungit
627 1723 672 1790 (dc
683 1722 812 1777 HerdtI.
831 1725 897 1790 92).

100 1793 130 1850 Si
148 1793 243 1850 Oratio
257 1795 403 1863 imperetur
412 1809 466 1862 pro
483 1811 513 1849 re
529 1796 611 1864 provi
627 1800 652 1848 ei
668 1795 759 1848 Mr'eea
777 1793 898 1848 maara

97 1871 176 1934 ncta,
197 1865 293 1920 dicitur
312 1867 393 1922 eiiam
411 1867 440 1920 in
454 1865 553 1934 duplici
566 1866 587 1920 1.
602 1872 630 1920 et
642 1865 678 1919 ΙΙ.
693 1865 734 1934 cl,
752 1865 780 1920 in
799 1864 898 1934 duplici

98 1936 120 1991 L
140 1937 173 1992 cl.
192 1937 243 1992 sub
260 1937 340 1991 unica
357 1937 534 2006 conclusione,
553 1937 605 1992 nisi
622 1935 691 1991 aliae
709 1951 898 1997 commemora·

97 2009 189 2064 dones
207 2014 357 2076 occurraru,
375 2008 447 2062 etin
465 2007 564 2078 duplici
582 2008 616 2062 II.
635 2007 667 2062 cl.
695 2023 727 2061 ac
746 2006 840 2063 diebus
857 2009 898 2062 in·

98 2077 208 2136 ferioris
224 2079 292 2136 ritus
312 2079 361 2134 sub
380 2093 429 2134 sna
446 2080 623 2148 conclusione,
648 2078 693 2132 vel
711 2094 771 2132 cum
788 2079 898 2148 reliquus

98 2151 404 2220 commemorationibus,
433 2151 456 2206 si
482 2151 536 2206 sint
562 2149 708 2206 faciendae.
753 2149 782 2204 Si
808 2158 898 2206 andern

99 2220 195 2276 Oratio
218 2237 274 2277 non
299 2221 335 2278 sit
355 2237 405 2289 pro
429 2237 460 2276 re
478 2222 554 2290 gravi
577 2228 605 2276 et
622 2222 768 2288 imperemr
786 2219 899 2276 dicenda

97 2307 149 2360 par
166 2292 280 2362 aliprwd
297 2297 408 2360 tempu,
429 2292 576 2348 omittenda
593 2300 635 2347 est
647 2293 676 2346 in
689 2291 811 2348 empore
828 2292 897 2346 Mie-

98 2364 138 2418 a‘e
155 2365 186 2418 in
204 2363 358 2432 duplicibus
381 2364 406 2418 1.
425 2364 458 2422 ol.
475 2363 621 2420 Dominica
638 2363 806 2433 Palmarum,
832 2363 898 2432 copi

100 2433 146 2488 lire
163 2435 329 2494 Notavimus
345 2434 382 2488 D.
401 2435 439 2491 N.
459 2442 486 2490 et
509 2435 683 2504 Pentecosten,
705 2435 778 2502 feria
803 2435 900 2504 quinta

120 2555 178 2608 1)81
191 2559 267 2606 plures
281 2556 398 2596 Orationes
411 2555 559 2604 imperentur,
578 2555 682 2596 dicendae
699 2556 751 2594 sunt
763 2561 808 2592 non
821 2552 896 2592 ordine

154 2623 274 2672 tomporls,
288 2631 332 2670 qno
345 2622 539 2671 praescribuntur,
554 2621 592 2660 sod
606 2621 682 2660 ordino
695 2619 823 2668 dlgnltaffl,
844 2620 867 2657 et
881 2619 900 2658 el

154 2691 273 2731 sumuntur
290 2697 318 2728 ex
336 2688 410 2729 uirus
428 2689 510 2728 votivis
528 2687 563 2726 vel
582 2699 610 2728 ex
630 2687 762 2728 munaum
776 2686 805 2724 ad
818 2686 900 2725 dicem

155 2767 181 2796 eo
190 2756 275 2804 ordine,
281 2763 325 2804 qno
335 2755 358 2793 ln
367 2754 411 2794 line
419 2753 516 2794 lllssalls
520 2756 640 2802 ponuntur.
646 2753 770 2801 -Propner
774 2751 900 2792 Orationem

154 2823 286 2874 imperatam
299 2819 361 2860 nulla
374 2821 426 2870 olla,
440 2829 510 2869 neque
522 2821 590 2859 tertia
603 2821 632 2859 ad
645 2820 727 2859 lilim
741 2817 814 2858 omlttl
826 2818 902 2866 penne
989 2847 993 2856 .

153 2889 185 2936 (fl.
198 2889 224 2931 B.
237 2887 260 2927 0.
274 2885 296 2930 Β,
309 2887 359 2926 Dea
373 2884 428 2927 1084
442 2887 465 2926 ot
478 2884 509 2925 1⁷.
523 2886 578 2934 Δια.
593 2883 664 2931 1709.)

154 2959 259 3000 maula
272 2958 416 3000 mendcium
446 2957 529 3008 (lldltlo
543 2954 592 3007 Vl.)
777 2952 795 3005 8
