2124 3230
369 160 401 202 De
413 162 490 202 lllssls
502 161 592 204 votivis.
838 159 879 203 tvl

72 264 188 332 Feriae,
206 262 341 332 Vistiliae),
360 265 382 318 si
396 271 526 333 occurrat,
545 265 602 318 vel
620 261 713 318 Oratio
724 266 881 332 commouens,

75 351 111 390 es
130 336 245 403 scilicet,
265 349 334 400 quae
352 336 383 388 in
399 337 490 390 Misso
507 336 564 389 disi
580 335 700 389 mouson
715 335 820 401 faetet
852 335 882 390 Si

75 407 105 460 in
131 407 223 461 Missa
248 405 302 459 diei
330 405 401 460 disce
428 407 473 460 vel
492 407 587 475 plures
613 405 884 460 Commemorationes

74 478 212 546 maiales
229 475 368 532 faciendae
390 476 511 547 fuissent,
529 477 581 531 hae
596 493 686 531 omnes
698 476 806 546 (omissa
822 483 886 530 tnnc

76 549 213 604 Oratione
232 549 374 618 communi)
392 549 528 604 eteoclem
546 549 642 602 ordino
659 549 687 602 in
711 547 803 602 votiva
827 547 887 601 fieri

76 620 190 677 debent.
227 620 382 686 Excipe:
407 624 431 674 1.
456 620 541 675 Missa
558 621 651 676 votiva
668 619 702 673 de
726 619 762 673 B.
780 619 822 674 M.
845 619 886 688 V„

77 690 191 759 quando
210 690 240 744 in
257 705 292 744 oa
307 706 364 744 aon
382 692 497 746 occurrit
514 691 731 746 commemoratio
750 685 894 758 Simplicis'

76 763 123 818 vel
143 762 200 816 alia
218 762 350 830 specialis,
378 762 459 816 tertia
486 762 577 816 Oratio
607 777 714 830 sempor
738 761 834 815 dicitur
853 760 887 814 de

79 833 188 903 Spiritu
206 839 307 888 saneto.
333 861 366 872 -
395 833 463 888 ltem
481 835 509 888 in
526 833 612 888 Missa
635 835 727 888 votiva
746 832 779 887 de
798 831 887 885 Omni-

79 905 132 960 bus
153 904 269 959 Sanctis.
288 904 364 958 2111
389 904 481 959 Missis
508 904 606 960 votlvis
630 904 671 959 Ss.
696 904 889 974 Apostolorum

80 977 161 1032 Petri
178 981 205 1028 et
221 975 314 1041 Pauli,
339 991 392 1042 quo
416 983 537 1043 tompore
563 975 675 1030 dicenda
703 984 775 1031 esset
795 974 888 1029 Oratio

79 1048 108 1102 A
127 1046 423 1116 consolis1)‚eiuslooo
448 1045 544 1101 dicitur
566 1047 658 1101 Oratio
682 1047 716 1102 de
746 1047 777 1100 B.
796 1047 835 1103 M.
853 1046 887 1100 V.

84 1117 208 1174 Concede
219 1131 270 1172 nos
276 1117 511 1185 scmuwssfflubr.
520 1135 579 1188 pon.
589 1119 667 1172 Mica.
678 1121 718 1176 tc't.
731 1119 786 1172 IX.
796 1134 823 1175 c.
833 1119 887 1184 15.)

119 1190 190 1246 Post
208 1189 258 1244 has
278 1189 413 1244 orationes
426 1195 588 1258 praeceptos
609 1190 747 1244 celebrans
773 1189 812 1242 od
829 1189 888 1242 lsti-

85 1265 145 1314 tum
164 1259 232 1314 alies
253 1259 396 1314 Orationes
413 1261 518 1316 votivas
537 1259 636 1314 addere
651 1261 779 1330 pareest)
801 1273 887 1327 usque

88 1331 153 1386 dum
187 1346 280 1386 omnes
313 1330 454 1387 Orationes
486 1331 563 1387 simul
590 1332 726 1399 attigerint
748 1347 888 1386 numerum

90 1403 210 1470 quinque
230 1402 274 1455 vel
292 1409 403 1470 septem.
421 1403 471 1457 His
491 1403 643 1470 adiungitur
661 1403 788 1472 collecte,
806 1404 888 1470 tmpe-

86 1479 160 1542 raso,
179 1474 203 1528 si
221 1473 389 1541 praescripta
405 1474 448 1530 sit

124 1547 152 1615 e)
172 1543 362 1611 Graduale,
387 1543 546 1599 Alleluia
563 1546 608 1599 vel
626 1545 779 1598 Tractus
797 1541 887 1596 dicun·

90 1622 135 1670 tur
152 1615 197 1671 vel
216 1616 374 1671 omittuntur
392 1615 536 1670 seeundum
560 1623 675 1684 tempus.
711 1613 785 1668 siin
802 1613 888 1666 Missa
942 1635 944 1642 ¹

135 1721 263 1762 ficationem
277 1723 340 1770 Deus,
354 1723 389 1772 qni
403 1722 483 1770 soleatis,
498 1733 511 1761 a
524 1721 593 1761 Puris.
608 1732 678 1770 usquc
693 1720 720 1760 ad
734 1717 819 1760 nomin
834 1718 887 1758 Pas·

138 1787 207 1826 sionis
222 1787 240 1825 A
256 1787 342 1834 sanclis,
355 1787 378 1825 in
391 1787 491 1830 hebdom.
506 1787 618 1827 Passionis
632 1787 737 1826 Ecclesiae
751 1788 809 1833 tuoe,
832 1785 886 1823 tom-

136 1865 192 1904 pore
209 1853 309 1902 pssohall
323 1853 421 1902 Concede,
434 1857 512 1903 postea
526 1855 545 1893 A
555 1855 640 1900 coactis,
654 1873 680 1882 -
693 1855 766 1892 Jltlam
780 1853 803 1890 in
818 1851 887 1891 liliosa

137 1919 214 1957 sotira
228 1919 255 1956 ds
269 1918 304 1958 ss
319 1918 451 1958 flammeolo
466 1919 533 1958 tertis
547 1919 622 1958 Oratio
636 1931 662 1958 aa
676 1927 724 1958 esso
738 1918 809 1966 debet,
830 1925 887 1965 quas

138 1985 234 2026 secundo
248 1985 298 2024 loco
313 1984 404 2024 nicenus
419 1987 478 2025 esset
491 1986 577 2024 rationo
591 1987 633 2026 dlel
647 1986 681 2025 vol
694 1986 800 2034 temporis
810 1995 886 2023 occur·

138 2051 215 2100 sentis,
237 2061 279 2090 nos
297 2051 371 2090 autem
390 2051 439 2100 illa,
460 2061 516 2100 quea
535 2053 649 2100 assignata
673 2054 708 2091 sst
726 2051 821 2091 secundo
837 2050 886 2090 loco

138 2118 199 2166 lasso
213 2117 310 2156 Oclocona
324 2115 428 2166 Oorporls
445 2117 531 2160 Ohrlsti.
558 2117 587 2163 (s,
601 2118 662 2162 B,O.
677 2117 710 2158 18.
724 2118 774 2156 Just.
789 2116 850 2158 1689.
864 2117 887 2156 st
930 2115 932 2120 '

137 2183 157 2223 4.
172 2183 217 2222 Jnl.
235 2181 301 2230 1705.)
882 2227 884 2234 Α

107 2245 128 2300 1)
140 2249 167 2288 In
180 2249 251 2290 Missa
264 2249 339 2289 votiva
353 2249 379 2288 da
392 2249 490 2299 Patrono,
505 2250 526 2288 in
542 2260 586 2298 qua
600 2249 691 2290 dicenda
704 2251 762 2290 esset
775 2249 850 2289 Oratio
866 2249 886 2288 A

139 2316 225 2363 cannis,
244 2313 279 2352 vel
293 2314 403 2354 omittitur
416 2325 495 2354 noman
509 2316 600 2354 Patroni
620 2315 643 2354 ln
656 2315 699 2352 lrac
713 2313 829 2362 Oratione,
851 2312 887 2352 vol

138 2378 221 2428 legitur
236 2377 312 2418 Oratio
333 2379 377 2428 „ad
391 2380 501 2428 poscenda
517 2379 622 2428 suffragio
637 2379 783 2420 sanctorum‘
807 2377 888 2428 (primo

136 2444 317 2495 intercisorum),
332 2455 387 2494 quae
401 2445 489 2494 incipit:
505 2445 604 2494 Concede,
617 2457 745 2496 poossumus,
759 2445 886 2494 omnipotens

138 2509 199 2548 neos.
229 2507 259 2557 (a
273 2509 298 2550 a.
314 2507 334 2551 ο.
350 2507 382 2549 19.
397 2509 453 2548 mass
467 2509 535 2558 1819.)

102 2570 173 2626 ¹)80d
194 2586 234 2614 non
254 2576 344 2614 tenetur
371 2575 399 2623 (S.
418 2576 443 2620 li.
458 2576 480 2616 O.
499 2575 522 2617 2.
541 2577 592 2616 Dec.
612 2573 690 2622 1684).
718 2575 747 2616 itt
766 2576 824 2614 inter
845 2576 886 2616 has

138 2639 253 2682 Orationes
266 2640 295 2681 sd
309 2640 397 2680 libitum
415 2641 458 2682 dici
471 2644 558 2692 potest,
582 2643 681 2682 attamen
694 2641 816 2690 penultimo
829 2641 886 2690 loco,

138 2705 213 2746 Oratio
227 2716 268 2756 pro
282 2707 388 2756 peculiari
402 2707 507 2748 defuncto
529 2707 564 2748 vol
584 2708 652 2750 etium
672 2717 713 2756 pro
731 2707 833 2758 pluribus
847 2707 887 2746 aut

139 2771 239 2812 omnibns
252 2772 353 2814 Molibus
367 2772 488 2823 defunctis,
513 2773 630 2816 tunnouo
648 2773 710 2815 nulla
729 2774 846 2814 omittstnr
859 2783 887 2812 ox

98 2875 102 2884 ‚
140 2837 280 2888 Orationibus
294 2838 443 2890 praescriptis.
472 2838 503 2890 (S.
516 2839 543 2880 li.
559 2839 580 2882 O.
596 2839 619 2880 2.
633 2839 683 2882 Dos.
697 2837 770 2885 1684.)

724 2907 779 2960 gs*
