2124 3230
187 195 228 238 328
357 197 389 237 De
402 197 550 236 celebratione
558 180 599 236 ΕΒ.
615 195 696 236 Missae
709 196 817 238 sooriiioii.

188 299 310 354 manibus
325 305 386 352 onte
399 303 494 365 pectus
508 297 572 351 dicit
586 303 704 350 secreto:
728 297 804 352 Unde
822 302 848 350 et
861 311 991 351 maneres

189 378 239 428 etc.
270 370 336 424 (ium
351 369 415 424 dicit
428 369 462 423 de
479 369 535 422 tuis
553 368 632 421 mute
650 384 683 421 cc
695 367 775 435 duis,
794 368 881 436 iungit
893 383 990 424 manus

188 449 250 496 ante
268 447 379 510 pectus;
398 448 425 494 et
444 456 504 494 eum
518 438 582 492 dicit
593 439 736 506 hostium
743 453 854 508 porum,
871 439 990 492 hostiam

187 515 207 581 †
226 519 355 580 sanetum,
386 512 501 564 hostiam
519 511 537 576 †
554 511 762 578 immaculatum,
782 525 863 564 manu
881 510 992 565 sinistre

187 585 277 654 posita
295 583 479 651 supernitens
497 582 569 635 intra
586 582 733 650 corporale,
762 581 874 635 dextero
901 582 991 649 signat

188 664 231 710 ter
249 654 424 710 communiter
442 668 524 721 super
541 653 657 706 hostiam
675 659 703 706 et
720 653 837 720 calicem,
858 657 886 706 et
904 654 990 706 semel

188 741 271 796 super
283 727 399 780 hostiam
412 731 515 778 tentum
530 731 558 777 et
570 723 653 777 semei
666 739 747 791 super
761 723 870 777 calicem
880 730 990 778 tentum

187 797 294 852 dicens:
308 811 410 864 paoem
422 796 441 862 †
454 799 576 848 sonetum
593 795 665 848 citae
684 800 815 860 cetemce,
834 799 860 847 et
877 795 989 848 calicem

188 871 207 937 †
224 869 320 923 solutis
333 872 482 936 perpetuae
487 885 497 933 ,·
514 864 610 919 deinde
629 872 718 934 stans,
736 872 768 919 ut
782 866 875 933 prius,
895 874 988 920 exten·

187 941 225 995 sis
242 939 365 993 manibus
382 937 568 1005 prosequitur:
594 935 687 1004 Supra
710 953 780 1005 qaae
793 937 917 1004 propitio
936 945 988 992 eto.

189 1011 255 1064 Oum
282 1009 346 1063 dicit
370 1008 510 1076 Supplices
539 1014 564 1062 te
588 1023 716 1076 scymnus
744 1015 793 1062 ete.
822 1007 933 1061 inclinet
959 1023 991 1063 se
1059 1045 1060 1078 ι

189 1079 330 1150 (profunde
348 1079 498 1148 inclinatus)
518 1086 580 1132 ante
598 1078 714 1132 medium
732 1079 838 1146 altaris,
865 1079 991 1136 monibus
1059 1085 1060 1104 ³

188 1153 285 1206 iunctis
304 1167 386 1220 super
403 1151 449 1205 illo
468 1150 563 1218 positis
582 1149 645 1218 (non
661 1151 733 1203 intra
745 1149 885 1216 corporale
905 1150 934 1205 S.
953 1151 990 1204 R.

189 1222 467 1292 0.7.Sept.1816.);
488 1237 546 1275 cum
565 1219 629 1274 dicit
646 1237 679 1274 ec
695 1220 746 1274 hoo
765 1221 862 1274 citaris
875 1223 991 1288 ueraci
1059 1217 1060 1222 ’

183 1295 305 1364 potione,
331 1293 469 1348 oseulatur
486 1293 580 1359 altere,
606 1293 727 1346 monibus
745 1291 887 1346 hincinde
906 1307 990 1360 super

188 1365 328 1433 corporale
347 1365 458 1433 positis;
477 1378 537 1417 cum
556 1363 620 1417 dicit
637 1368 839 1417 sacrosanctam
851 1363 923 1416 Filii
940 1365 990 1430 toi,

187 1437 274 1505 iungit
285 1452 387 1504 manus,
407 1443 434 1488 et
448 1434 544 1488 dextra
556 1435 664 1502 signans
679 1434 761 1489 semel
776 1449 858 1502 super
871 1433 989 1488 hostiam

187 1515 300 1578 tantum,
319 1515 347 1562 et
365 1506 447 1562 semei
467 1519 550 1574 super
567 1506 684 1572 calicem,
703 1505 811 1560 sinistra
830 1520 912 1572 super
931 1521 990 1560 cor-

187 1581 281 1648 porale
306 1579 410 1648 posite,
434 1576 498 1630 dicit
518 1575 640 1644 Gor-ipsu
665 1582 691 1630 et
715 1576 900 1646 Soniyciucm
917 1591 992 1630 moo-

184 1652 333 1721 pammac,
354 1657 381 1703 et
400 1665 459 1702 eum
478 1646 542 1701 dicit
562 1649 636 1701 omui
652 1648 832 1701 benedictione
844 1649 863 1715 †
877 1648 991 1717 coelesti,

192 1723 310 1790 seipsum
322 1721 410 1789 signat
424 1735 441 1772 a
453 1718 541 1772 fronto
554 1719 590 1773 ad
602 1725 696 1786 pectus
714 1719 790 1786 signo
813 1720 907 1787 crucis,
928 1719 992 1773 sini-

192 1801 249 1850 stro
266 1792 356 1861 posita
373 1790 442 1846 inira
458 1797 568 1858 pectus,
593 1797 621 1844 et
638 1791 827 1857 prosequitur:
855 1795 881 1843 et
897 1791 994 1859 oratio
1049 1795 1054 1802 '

192 1865 360 1932 topicorum
377 1879 435 1916 cnm
454 1861 518 1914 dicit
531 1877 583 1930 per
601 1860 722 1928 moriem,
739 1861 825 1928 iungit
843 1876 945 1914 manns.

230 1935 296 1988 (ium
314 1934 378 1988 dicit
397 1933 540 2000 Metuonis,
553 1932 677 1998 Domine,
690 1933 856 1998 famulorum
872 1932 993 1999 famule-

192 2021 306 2074 rumqoe
319 2011 429 2058 tuorum
443 2011 502 2072 ete,
515 2004 632 2058 extensis
647 2011 674 2056 et
686 2003 782 2058 iunctis
793 2003 915 2058 manibus
928 2011 993 2058 nnte
1054 2032 1057 2043 ·

192 2083 286 2146 pectus
305 2083 332 2130 et
348 2089 434 2142 nsque
454 2074 489 2129 ad
502 2073 597 2128 iaciem
611 2075 722 2146 elevetis
741 2082 769 2128 et
784 2074 893 2128 intentis
908 2075 994 2130 ociilis

193 2147 229 2202 ad
248 2147 446 2200 Sacramentum
465 2162 546 2214 super
564 2146 657 2214 altare,
682 2145 747 2199 iacit
764 2147 994 2200 commemoratio·
1053 2146 1057 2159 '

192 2233 255 2272 nem
272 2216 391 2271 fidelium
409 2216 607 2284 defunctorum,
633 2216 666 2270 de
690 2217 787 2283 quibus
806 2216 857 2270 sibi
874 2215 992 2286 videtur,

195 2290 264 2359 (orat
278 2288 470 2356 aliquantulum
483 2305 533 2356 pro
546 2289 580 2342 iis
590 2285 729 2356 defunctis,
743 2303 793 2356 pro
804 2288 901 2354 quibua
912 2303 993 2342 orare

193 2360 316 2429 intendit)
330 2358 424 2413 eodem
437 2358 525 2430 modo,
543 2366 574 2413 ut
588 2358 687 2414 dictum
701 2366 742 2414 est
755 2358 788 2412 de
803 2374 995 2414 commemoro-

193 2433 267 2486 tione
281 2432 410 2485 vivorum.
439 2430 499 2496 Qua
512 2431 762 2484 commemoratione
776 2428 855 2497 iacis,
875 2437 951 2486 stans
964 2438 995 2484 ui

194 2503 270 2572 prius
280 2502 398 2556 extensis
406 2502 529 2556 manibus
537 2503 723 2570 prosequitur:
741 2502 823 2569 Ipsis,
833 2502 959 2568 Domine
969 2507 995 2555 et

195 2574 318 2628 omacius
335 2574 365 2626 iu
384 2571 488 2627 Ohraeto
507 2581 560 2627 ete.
584 2580 612 2627 et
628 2575 658 2627 in
673 2571 726 2626 fine
745 2572 780 2627 od
797 2573 853 2627 Per
872 2573 994 2628 cumdem

194 2645 280 2713 iungit
297 2659 390 2698 manus
410 2650 437 2699 et
455 2651 535 2714 ceput
556 2644 673 2700 inclinat

232 2716 298 2770 Cum
311 2713 375 2770 dicit
387 2715 474 2769 Nobis
487 2730 591 2784 quoque
599 2715 788 2784 peccatorum
796 2715 829 2784 ¹),
842 2729 937 2769 vocem
948 2715 994 2769 aii·

210 2820 233 2871 1)
248 2822 269 2860 S.
283 2823 392 2870 ioannes,
415 2823 453 2870 qni
466 2819 501 2861 hio
516 2823 653 2873 nominetur,
677 2826 710 2864 est
730 2823 751 2862 S.
766 2823 865 2864 ioannes
882 2823 992 2873 Baptista

249 2875 277 2926 (Β.
287 2875 314 2915 Β.
325 2873 345 2918 0.
359 2874 395 2916 27.
410 2875 474 2915 Mon.
489 2875 562 2923 1824.)
