2108 3226
326 178 402 218 Prima
415 178 537 227 gratiarum
550 181 615 225 actio.
831 180 872 224 119

93 272 122 328 ds
137 275 172 328 tui
188 277 315 348 vulnere,
340 293 406 334 vera
424 293 572 349 serenaque
592 287 619 336 et
636 281 793 350 apostolica
810 299 871 340 san·

90 344 190 400 cdssima
207 350 329 418 caritate,
347 358 379 406 ut
391 351 517 419 langueat
538 360 565 407 et
577 352 697 420 liquefiat
711 355 798 408 anima
810 371 872 411 mea

89 415 134 470 solo
151 433 253 487 semper
272 437 365 476 amoro
387 429 415 476 et
435 421 567 478 desiderio
584 424 632 492 tui,
655 431 683 478 te
702 427 872 493 concupiscat

88 487 223 544 atdeficiat
240 492 269 545 in
288 494 359 548 atria
376 500 437 563 tua,
463 495 554 562 cupiat
571 494 681 550 dissolvi
705 503 733 550 et
756 511 816 551 esse
831 505 871 552 te·

88 571 142 611 tum.
175 561 225 630 Da,
244 570 277 619 ut
297 565 387 618 anima
403 580 464 619 mea
480 572 507 620 te
527 566 639 635 esuriat,
667 581 765 634 panem
782 567 871 636 Ange-

85 625 171 698 lorum,
201 633 379 690 refectionem
405 637 551 690 animarum
577 643 744 706 sanctarum,
773 653 872 705 panem

85 707 188 755 nostrum
207 706 394 772 quotidianum
412 709 702 778 supersubstantialem,
728 707 871 764 habentem

85 781 174 826 onmem
194 774 365 832 dulcedinem
392 785 420 833 ct
445 795 570 847 saporem
597 786 625 834 et
651 795 729 834 omno
755 779 871 835 delecta-

83 849 186 898 mentum
204 849 364 917 suamtatis3
387 856 427 918 te,
454 851 483 904 in
506 866 584 917 quem
602 850 757 906 desiderant
773 853 872 920 Angeli

84 915 231 988 prospicere,
260 935 369 988 semper
387 921 487 976 esumat
511 928 539 976 et
563 921 684 976 comedet
707 938 869 994 cormeum,

85 987 106 1034 et
120 983 255 1044 dulcedine
276 991 382 1059 saporis
406 993 446 1047 tui
462 993 617 1061 repleantur
643 995 748 1048 viscera
765 995 870 1050 animas

83 1066 160 1132 meac3
182 1066 211 1114 te
230 1077 341 1131 semper
359 1063 438 1132 sitiat,
456 1063 556 1119 iontem
574 1065 721 1132 sapientiae
739 1072 767 1120 et
785 1067 869 1122 scien-

84 1128 141 1194 ttae3
163 1128 266 1188 fontem
285 1135 389 1189 aeterni
411 1135 526 1203 luminis,
550 1141 696 1190 torrentem
714 1138 868 1208 voluptatis,

84 1193 219 1255 ubertatem
234 1204 332 1260 domus
349 1204 416 1274 Dei;
440 1212 467 1260 te
487 1221 592 1274 semper
610 1208 716 1276 ambiat,
741 1217 769 1263 te
787 1225 868 1276 quae·

84 1272 125 1334 rat,
136 1275 166 1350 'te
183 1273 315 1343 inveniat,
344 1276 379 1329 ad
396 1283 423 1330 te
441 1277 541 1345 tendat,
566 1277 603 1331 ad
621 1285 648 1332 te
666 1280 813 1348 perveniat,
840 1285 868 1334 te

84 1338 227 1414 meditetur,
256 1355 286 1402 te
304 1347 443 1418 loquatur,
472 1355 500 1403 et
517 1349 605 1402 omnia
623 1358 749 1417 operetur
765 1351 794 1404 in
811 1352 868 1406 lau·

85 1404 135 1462 dem
149 1421 176 1468 et
193 1417 310 1484 gloriam
327 1419 440 1474 nominis
456 1420 511 1488 tui,
536 1436 595 1474 cum
616 1420 765 1475 humilitate
784 1428 812 1475 et
829 1421 868 1474 af·

85 1474 152 1552 fectu,
176 1502 237 1542 cum
255 1491 560 1558 perseverantiamque
578 1493 606 1544 in
623 1490 719 1559 fincm;
737 1498 765 1546 et
781 1499 812 1546 tu
830 1493 868 1548 sis
904 1525 910 1532 -

86 1550 146 1608 solos
163 1572 272 1628 semper
289 1576 352 1628 spes
370 1577 441 1631 mea,
467 1568 526 1616 tota
542 1561 640 1616 fiducia
658 1578 731 1630 mea,
759 1561 868 1616 divitiae

85 1633 162 1696 meae,
190 1629 335 1686 delectatio
363 1648 436 1701 mea,
465 1632 615 1689 iucunditas
642 1648 715 1701 mea,
742 1631 868 1700 gaudium

87 1704 168 1764 meum,
192 1704 272 1769 quies
290 1710 318 1758 et
334 1704 511 1771 tranquillitas
528 1719 596 1772 mea,
621 1718 676 1771 pax
692 1718 761 1772 mea,
780 1704 868 1758 suavi·

86 1766 120 1817 tta
134 1783 199 1842 mea,
218 1775 289 1829 odor
306 1790 388 1845 meus,
408 1774 520 1829 dulcedo
538 1791 607 1843 mea,
625 1775 700 1828 cibus
717 1789 801 1843 meus,
825 1789 867 1830 re·

85 1829 152 1913 factio
163 1859 232 1915 mea,
251 1845 385 1914 refugium
397 1861 494 1914 meum,
511 1846 639 1914 auxilium
651 1860 747 1914 meum,
762 1845 866 1914 sapien·

86 1907 116 1982 llo
130 1925 193 1983 mea,
211 1917 303 1986 portio
317 1933 384 1986 mea,
397 1918 534 1985 possessio
546 1932 614 1985 mea,
627 1917 770 1972 thesaurus
782 1933 866 1987 meus,

86 1987 169 2057 inquo
187 1986 243 2043 fixa
263 1995 290 2042 ct
306 1987 384 2042 firma
401 1996 430 2042 et
445 1988 615 2043 immobiliter
641 2003 747 2056 semper
771 1989 806 2044 sit
823 2004 866 2042 ra-

85 2043 160 2175 glezta
175 2073 252 2115 mens
269 2075 331 2114 mea
349 2066 376 2115 et
393 2075 440 2114 cor
456 2074 552 2115 meum.
584 2059 678 2114 Amen.
716 2059 757 2127 (S.
774 2060 866 2114 Boea

133 2133 201 2197 ora.)

105 2191 132 2272 '0
149 2201 341 2270 sacratissima,
367 2217 384 2256 o
402 2201 572 2256 serenissima
590 2207 617 2256 et
634 2201 732 2270 inclyta
749 2200 867 2270 gloriosa

85 2255 154 2338 lngo
171 2271 268 2340 Maria,
298 2287 367 2339 quae
386 2280 533 2328 creatorem
551 2273 667 2326 omnium
685 2279 866 2326 creaturarum

86 2342 108 2384 ¹1¹
122 2342 163 2396 tuo
181 2344 362 2400 sacratissimo
386 2352 463 2399 utero
488 2343 562 2399 feristi
580 2342 660 2412 digna
676 2350 793 2413 portare,
824 2359 866 2399 so-

86 2397 150 2473 hlue
173 2416 295 2484 vngdneo
318 2415 401 2470 ubere
425 2416 540 2484 lactare,
568 2415 642 2468 cuius
666 2415 865 2469 veracissimum

89 2485 353 2560 llorumquessorpos
371 2493 399 2540 et
417 2486 577 2555 Sanguinem
595 2501 645 2554 ego
663 2486 786 2554 indignus
804 2501 865 2553 pec-

88 2555 148 2606 tator
158 2557 239 2614 modo
260 2573 364 2613 sumere
377 2558 559 2626 praesumpsi;
576 2563 650 2611 tuam
667 2557 802 2610 humiliter
820 2555 865 2610 de-

87 2628 166 2681 becci
182 2628 406 2699 misericordiam,
433 2636 465 2684 ut
482 2628 554 2697 apud
571 2629 658 2696 ipsum
675 2645 725 2695 pro
743 2642 786 2681 mc
803 2642 866 2695 pcc-

89 2697 161 2766 ,tttore
178 2699 346 2755 intercedere
359 2700 483 2770 digneris,
504 2706 544 2769 ut,
564 2699 692 2767 quidquid
704 2700 733 2752 iu
745 2699 798 2752 hoc
810 2705 866 2752 tam

87 2765 198 2838 ldeffabili
216 2788 249 2826 ac
266 2771 419 2840 dignissimo
444 2769 574 2827 sacrificio
596 2785 646 2839 per
669 2785 711 2823 me
729 2768 866 2837 iudignum

86 2843 225 2899 laborantur
248 2843 294 2897 vol
319 2843 486 2913 negligenter
516 2848 564 2897 aut
590 2839 788 2896 accidentaliter
817 2852 866 2893 seu
