2128 3228
379 169 500 209 Instruotlo
513 167 654 210 clementina.
876 167 915 214 7⁰5

100 272 143 326 in
161 286 215 338 quo
233 270 310 326 adest
321 271 523 327 tabernaculum
540 289 599 328 oum
613 273 715 328 incluso
730 272 910 344 Sacramenta,

116 341 233 397 diverso.
285 344 316 396 In
344 343 477 412 ecclesiis,
509 345 538 397 in
564 344 661 412 quibus
690 359 724 398 ex
751 345 913 414 obligatione

116 413 202 468 Missa
219 413 402 470 conventualis
420 415 553 470 cantanda
570 423 619 486 est,
642 415 710 470 haec
728 431 834 485 quoque
853 432 913 472 can·

116 484 217 539 tabitur
233 485 263 539 in
280 485 333 540 alio
352 485 439 545 altari.
549 505 552 518 ·

153 555 211 614 XV.
230 556 367 625 Expreese
379 556 494 626 iubetur,
507 564 539 612 ut
551 555 645 613 diebus
659 557 842 627 expositionis,
860 572 914 613 ms·

118 625 163 681 dio
181 633 210 682 et
225 627 397 696 repositionis
414 628 516 684 Missae
544 628 677 684 solemnes
701 645 762 683 cum
787 629 915 686 ministris

117 699 219 766 paratis
236 699 419 769 celebrentur,
446 700 526 754 etiam
549 700 578 754 in
602 700 722 756 ecclesiis
744 700 914 771 reginarium,

116 785 171 824 nou
189 769 313 826 obstante
331 786 498 840 quocumque
516 785 610 826 eorum
622 787 682 842 usn,
700 785 774 828 more
788 778 836 828 aut
852 787 914 827 oon·

116 841 258 896 suetudine
275 842 304 896 in
321 843 490 899 contrarium.

153 911 225 968 XVI.
243 913 276 966 ln
287 913 379 969 Missis
397 913 518 985 privatis,
537 929 606 982 quae
620 913 734 968 durante
748 913 915 983 expositione

49 1039 52 1055 ,
118 983 916 1055 celebrantur,uonpuiseturcampanulasdelevationem,¹)

117 1053 166 1110 sed
182 1061 285 1110 tantum
310 1056 339 1108 in
358 1071 468 1124 egressu
487 1057 646 1112 celebrantis
665 1071 680 1111 e
699 1057 821 1112 sacristia
838 1055 917 1112 datur

118 1132 200 1180 tenua
218 1126 322 1194 signum
340 1143 400 1181 cum
418 1127 497 1182 solita
515 1126 681 1197 campanula
831 1167 835 1178 ,

153 1196 240 1252 XVH.
254 1197 316 1251 Non
329 1197 498 1252 celebrentur
506 1197 606 1254 Missae
621 1198 654 1253 de
668 1199 836 1269 Requiem,2l
850 1205 916 1255 tem·

117 1282 193 1335 pore,
212 1283 265 1335 quo
283 1269 421 1336 peragitur
439 1267 532 1324 Oratio
549 1272 585 1323 40
602 1270 744 1338 horarum
770 1277 799 1325 et
815 1271 917 1326 Missae

119 1335 153 1390 de
173 1337 220 1392 88.
240 1337 421 1408 Sacramenta,
446 1354 515 1406 quae
534 1339 628 1396 diebus
647 1355 664 1394 a
680 1341 788 1396 rubrica
798 1339 916 1410 ‘permis-

119 1406 185 1478 sisi)
199 1407 412 1479 celebrabuntur,
426 1410 528 1479 pariter
540 1411 648 1466 votivae
659 1412 779 1468 siutsiue
794 1412 917 1470 Gloria

135 1583 190 1632 1)8,
205 1585 230 1627 R.
245 1583 264 1624 0.
282 1581 317 1624 81.
331 1584 384 1635 Aac.
399 1582 457 1628 1867.

132 1646 153 1702 ¹)
166 1649 282 1698 Inaltarl,
296 1649 335 1689 ubl
349 1652 382 1690 est
396 1651 521 1700 expositum
535 1649 571 1693 88.
585 1649 756 1699 Sacramentum,
775 1650 827 1690 licet
840 1649 864 1688 ln
877 1660 916 1699 py-

171 1714 222 1754 xide
235 1717 328 1764 tautum,
343 1715 403 1755 omni
416 1718 514 1765 tempore
528 1715 673 1765 prohibentur
682 1715 764 1755 Missae
777 1713 916 1764 deliaqnlem

171 1784 220 1820 tam
237 1782 349 1830 privatae,
369 1791 436 1832 qnam
455 1783 570 1822 solemnes.
598 1781 627 1830 (8.
642 1783 667 1826 R.
682 1781 704 1821 0.
725 1780 759 1822 21.
773 1778 916 1831 tantilem.)

172 1845 243 1886 llxtre
252 1845 324 1886 altera
334 1847 477 1896 expositionis
486 1849 580 1897 possunt
589 1847 703 1897 celebrari,
716 1846 832 1886 dummodo
841 1847 918 1886 tamen

172 1912 245 1951 oratio
258 1921 334 1952 coram
346 1910 417 1953 isne·
431 1923 475 1953 non
488 1913 520 1954 eit
533 1924 561 1954 ax
573 1913 663 1963 publica
676 1923 752 1954 cauea
775 1912 807 1962 (8·
821 1912 846 1955 a.
861 1910 884 1953 0.
896 1909 916 1952 7.

171 1977 229 2018 Mati
241 1976 313 2030 mee.)
992 2009 993 2018 ,

132 2043 155 2097 ³)
170 2045 252 2086 minae
264 2047 361 2096 privatae
375 2046 399 2086 in
412 2046 546 2097 Dominicis,
567 2047 704 2097 duplicibus,
727 2047 827 2086 omnibus
840 2046 917 2086 diebus

172 2110 330 2154 ioctavarum
343 2113 533 2163 privilegiatorum
554 2114 637 2164 (Nativ.
651 2114 751 2163 murini,
771 2114 917 2164 Epiphaniae,
951 2137 953 2144 ι

172 2178 298 2228 Paschatie,
312 2179 460 2228 Pentecosten,
474 2180 497 2219 et
511 2179 547 2222 88.
560 2179 663 2229 corpora
678 2179 783 2228 Domini),
804 2179 827 2218 ln
841 2178 918 2228 vigilie

173 2243 323 2294 Epiphaniae,
340 2244 397 2284 laria
410 2241 430 2287 4.
444 2245 556 2293 cinerum,
579 2246 640 2286 tertie
659 2246 748 2286 maioris
760 2245 916 2294 hebdomadae,

173 2309 256 2358 vigillis
265 2310 405 2350 Pentecosten
415 2319 441 2350 ec
450 2309 580 2360 Nativltntis
588 2311 683 2360 Domini,
697 2311 800 2351 dicuntur
812 2311 839 2350 de
851 2310 916 2359 ieeto,

174 2379 210 2418 vsi
223 2380 295 2420 officio
309 2381 437 2421 occurrente
455 2381 517 2421 iuxta
529 2381 637 2422 Rubricae
650 2380 759 2428 Himella,
780 2383 806 2420 ut
818 2381 841 2420 ln
855 2380 918 2421 Dira·
950 2373 952 2378 '

175 2445 244 2484 ntorlo
259 2446 390 2496 adnotatur,
411 2446 487 2486 addita
504 2447 710 2488 commemoratione
730 2444 767 2490 88.
781 2445 918 2487 flammanti

175 2511 226 2557 poet
244 2520 319 2550 omnes
332 2510 388 2551 aliae
402 2509 517 2552 Orationes
535 2521 560 2551 eo
579 2511 614 2552 dle
627 2512 789 2561 praescriptae,
813 2512 852 2552 aed
865 2514 917 2551 ante

175 2573 290 2616 Orationes
310 2578 339 2618 ab
353 2577 469 2618 ordinario
487 2579 613 2628 imperatae.
641 2578 724 2619 Diebus
737 2580 811 2618 autem
825 2576 845 2618 1.
859 2580 882 2619 et
895 2574 917 2616 2.

174 2641 211 2690 ol..
225 2641 340 2684 [lominica
354 2645 486 2694 leimarum,
502 2645 583 2694 vigillle
597 2645 738 2684 Pentecostee
752 2646 775 2683 et
788 2643 917 2684 Natiuitatis

175 2707 263 2748 Domini
276 2710 386 2750 omittitur
398 2710 433 2750 irie
454 2712 477 2751 ln
491 2711 566 2751 literis
578 2711 671 2762 privetis
685 2710 779 2751 collecta
792 2709 828 2750 88.
842 2711 918 2752 Sarra·

174 2772 251 2812 menti.
279 2773 368 2824 Diebus,
382 2777 461 2825 quitur
474 2777 527 2817 licet
539 2776 650 2817 celebrare
665 2775 745 2816 merae
757 2775 842 2824 mttere,
855 2774 918 2814 valde

175 2838 279 2878 convenit
292 2839 364 2888 lagare
377 2841 468 2882 Missam
486 2843 582 2884 votivam
601 2843 628 2882 de
642 2841 677 2885 88.
692 2839 847 2889 sacramento,
861 2849 918 2890 quae
