2146 3234
334 213 367 254 De
380 215 523 255 &manento
535 213 677 257 Matrimonii
863 209 905 254 575

9 335 21 360 ι·
104 333 231 374 numerus
249 315 497 384 impedimentorum
511 320 553 368 est
572 311 774 382 exprimendus3
794 328 818 368 e.
832 330 860 382 g.
878 315 906 370 si

102 396 214 460 praeter
231 388 417 455 cognationem
431 385 501 440 adsit
519 386 599 440 etiam
613 383 734 452 affinitas,
752 384 796 439 vel
815 385 837 439 si
855 385 901 439 ad-

104 462 140 517 sit
158 459 258 528 duplex
276 467 323 514 aut
335 458 474 526 multiplex
488 456 704 524 consanguinitas
722 455 766 508 rei
780 454 901 512 affinitas.

102 529 287 600 Exprimeuda
305 535 347 584 εει
364 543 429 582 vera
438 528 457 597 ¹)
477 535 505 582 et
517 528 636 596 legitima
650 541 731 580 causa
751 541 859 582 movens
875 533 902 582 et

104 601 240 660 sufficiens
265 599 300 654 ad
323 599 517 668 impetrandam
535 598 776 666 dispensationem,
803 612 900 666 nempe

103 689 159 730 una
177 679 225 728 aut
241 673 332 740 plures
351 685 385 725 ex
402 671 450 740 iis,
479 670 594 738 quaein
613 669 734 737 sequenti
753 668 840 737 capite
858 683 900 723 re·
962 694 965 699 ·

104 744 292 800 censebuntur.

141 817 173 870 ὅει
195 816 227 869 ln
245 814 335 868 libello
360 812 474 880 supplici
497 811 649 866 necessario
667 811 685 865 i.
705 825 728 865 e.
747 811 797 866 sub
815 825 904 879 poena

104 886 236 942 nullitatis
254 885 371 939 incestus
388 885 459 938 inter
477 881 605 937 Oratores
623 881 731 936 habitus
759 880 839 936 debet
857 897 903 935 ex-

104 958 193 1026 primi.
212 956 242 1010 si
251 957 381 1023 allegetur
390 954 682 1022 copulaincestueea2)
692 953 741 1008 sub
751 953 904 1022 poenanul·

104 1029 189 1084 litatis
207 1026 359 1082 addendum
377 1033 433 1094 est,
460 1025 662 1094 (qualecumque
687 1025 767 1078 etiam
792 1021 904 1092 impedi·

104 1106 225 1154 mentum
242 1097 338 1166 inerit,
366 1111 448 1165 super
473 1111 525 1163 quo
552 1096 715 1164 dispensatio
733 1096 844 1164 petitur)
869 1109 905 1149 an

104 1170 200 1224 habita
215 1171 252 1224 sit
269 1169 392 1237 scienter,
416 1167 460 1238 vel
476 1168 638 1235 ignoranter,
660 1165 689 1220 id
707 1174 756 1235 est,
782 1181 817 1220 au
835 1165 903 1220 Ora·

105 1249 180 1297 tores
199 1241 332 1308 sciverint,
350 1239 395 1292 vel
406 1239 596 1306 ignoraverint,
610 1236 826 1305 impedimentum
840 1253 903 1292 con-

105 1311 293 1380 sanguinitatis
312 1317 359 1365 aut
375 1308 512 1364 affinitatis
529 1309 704 1377 intercedere,
723 1307 829 1376 quaudo
848 1307 901 1362 ira·

106 1384 210 1451 giiitate
229 1383 315 1437 earnis
333 1380 405 1436 ducti
423 1395 453 1436 se
471 1387 668 1448 cognoverunt;
694 1387 722 1434 et
739 1381 762 1434 si
781 1380 904 1450 scienter,

107 1469 144 1508 an
162 1451 259 1520 copula
276 1453 310 1507 sit
327 1452 420 1506 habita
435 1451 484 1506 sub
504 1465 552 1518 spe
565 1450 711 1504 facilitandi
729 1450 905 1520 dispensatio·

107 1539 178 1592 nem,
205 1523 284 1591 idque
302 1523 336 1578 ab
354 1529 466 1590 utraque
492 1529 578 1590 parte,
606 1522 693 1576 anab
718 1537 772 1576 una
788 1528 908 1590 tantum,·

7 1617 8 1624 ι
108 1594 174 1662 quia
199 1594 227 1648 iu
258 1595 305 1649 tali
338 1609 402 1648 casu
430 1591 582 1648 difficillime
609 1592 746 1661 dispensat
772 1591 906 1650 Pontifex.

109 1664 211 1733 Quodsi
229 1665 296 1720 haec
313 1665 447 1720 malitiosa
471 1663 583 1719 intentio
602 1664 736 1731 reticetur,
761 1678 811 1731 pro
830 1677 907 1717 reva-

107 1736 236 1791 lidatioue
261 1737 410 1791 litterarum
430 1736 642 1804 Apostolicorum
667 1734 701 1788 ad
726 1734 927 1788 Paenitentia·

106 1809 177 1864 riam
195 1809 247 1862 erit
265 1806 463 1862 recurrendum.
500 1807 626 1860 Attamen
649 1807 718 1860 sicut
736 1805 763 1861 S.
782 1805 841 1873 Lig.
860 1804 906 1862 lib.

107 1882 134 1935 6.
149 1895 175 1933 n.
192 1882 269 1933 1134.
284 1878 479 1946 animadvertit,
498 1877 728 1947 „probabilissime
745 1876 835 1931 dicunt
849 1875 906 1929 Sal·

109 1957 192 2005 mant
211 1966 271 2004 cum
289 1949 356 2015 aliie,
384 1948 464 2019 quod,
487 1951 510 2003 si
527 1949 556 2002 in
573 1949 702 2016 petitione
721 1948 789 2002 aliae
809 1961 906 2001 causae

108 2036 161 2090 per
178 2035 207 2076 se
224 2022 278 2075 ianr
303 2019 465 2074 sufficientes
490 2019 524 2073 ad
542 2018 713 2073 obtinendam
732 2018 907 2087 dispensatio·

108 2107 171 2147 nem
189 2098 373 2162 exponantur,
402 2098 429 2145 et
447 2091 524 2146 simul
543 2097 693 2158 exponatur
716 2090 812 2160 copula
829 2103 907 2184 prae-
999 2089 1002 2097 ’

112 2191 263 2202 *-

130 2229 152 2280 1)
165 2232 187 2272 si
201 2232 323 2287 dubitatur,
336 2242 365 2271 an
380 2241 447 2270 causa
459 2229 634 2279 falsoallegata,
653 2229 719 2268 ruerit
732 2229 804 2270 dualis
818 2230 858 2268 aut
870 2229 910 2268 im·

163 2297 258 2346 puisiva,
272 2297 333 2344 item,
348 2295 367 2335 sl
380 2296 501 2344 dubitatur,
515 2295 694 2336 encausaiuerit
704 2305 757 2335 vora
773 2305 801 2333 an
810 2294 874 2342 iales,
889 2296 911 2334 et

164 2362 188 2400 iu
202 2362 310 2402 similibus
323 2361 395 2402 dubiis
410 2362 545 2410 dispensatio
560 2362 669 2401 censenda
685 2364 717 2401 ast
731 2361 810 2401 valida
824 2359 855 2412 (Β.
864 2361 908 2410 aia.

164 2427 200 2472 lio,
214 2426 234 2468 d.
250 2439 304 2467 cam.
320 2424 393 2478 irae.)

127 2487 149 2542 ἵ)
163 2491 193 2532 Ut
208 2493 286 2542 copula
300 2493 424 2532 necessario
438 2493 468 2532 sit
482 2491 630 2540 exprimenda,
645 2491 709 2530 debet
724 2502 771 2530 esse
786 2489 809 2541 1)
819 2502 911 2530 cerream-

165 2561 227 2607 moto,
240 2555 264 2608 2)
277 2559 398 2610 ‚inmitior
412 2559 534 2606 tomentacia,
548 2557 561 2598 i.
577 2567 596 2596 o.
612 2556 688 2595 habita
702 2567 750 2595 cunr
765 2557 857 2596 scientia
871 2555 911 2596 im·

166 2624 296 2674 pedimenti3
311 2625 409 2674 alioquin
423 2634 468 2663 uon
482 2624 542 2662 esset
556 2622 599 2661 nisi
612 2621 744 2669 materialis;
759 2622 778 2661 si
792 2631 845 2660 vero
859 2631 911 2670 aga·

165 2690 242 2728 turdo
255 2691 420 2741 dispensatione
442 2691 465 2728 id
483 2690 555 2739 formo
565 2700 693 2739 pauper-rou,
719 2687 798 2737 copul·
811 2697 912 2728 consum·

167 2755 228 2792 mata
242 2764 326 2806 semper
340 2758 374 2794 ert
387 2755 535 2804 exprimenda,
554 2753 606 2792 iicet
620 2765 669 2793 eum
683 2754 809 2802 ignorantia
822 2752 913 2802 impedi·

167 2821 234 2859 menti
248 2821 277 2861 sit
290 2821 376 2864 habita,
406 2821 459 2868 (Gir.
478 2820 615 2859 Laurentini
632 2819 740 2858 [actitatio
759 2819 805 2867 ar.,·
826 2817 914 2858 dosunt

172 2889 219 2931 tosa.
233 2887 272 2928 IV.
288 2886 338 2928 642.
353 2888 376 2926 et
389 2886 474 2927 Koinsr
487 2885 648 2926 Pectoralldatt
661 2895 681 2930 a,
696 2881 754 2930 1867.
769 2895 820 2934 pag.
833 2881 876 2937 2⁰.)
