<?xml version="1.0" encoding="UTF-8"?>
<!DOCTYPE html PUBLIC "-//W3C//DTD XHTML 1.0 Transitional//EN"
    "http://www.w3.org/TR/xhtml1/DTD/xhtml1-transitional.dtd">
<html xmlns="http://www.w3.org/1999/xhtml" xml:lang="en" lang="en">
 <head>
  <title>
</title>
<meta http-equiv="Content-Type" content="text/html;charset=utf-8" />
  <meta name='ocr-system' content='tesseract 3.04.00' />
  <meta name='ocr-capabilities' content='ocr_page ocr_carea ocr_par ocr_line ocrx_word'/>
</head>
<body>
  <div class='ocr_page' id='page_1' title='image "./manualesacerdot00schngoog_0625.png"; bbox 0 0 2146 3234; ppageno 0'>
   <div class='ocr_carea' id='block_1_1' title="bbox 318 167 921 220">
    <p class='ocr_par' dir='ltr' id='par_1_1' title="bbox 318 167 921 220">
     <span class='ocr_line' id='line_1_1' title="bbox 318 167 921 220; baseline 0.005 -10"><span class='ocrx_word' id='word_1_1' title='bbox 318 207 320 220; x_wconf 79' lang='lat'><em>.</em></span> <span class='ocrx_word' id='word_1_2' title='bbox 349 171 382 211; x_wconf 84' lang='lat' dir='ltr'><strong>Da</strong></span> <span class='ocrx_word' id='word_1_3' title='bbox 396 170 538 211; x_wconf 50' lang='lat' dir='ltr'><strong>&amp;ramento</strong></span> <span class='ocrx_word' id='word_1_4' title='bbox 552 169 693 215; x_wconf 71' lang='lat' dir='ltr'><strong>Eatmmenll</strong></span> <span class='ocrx_word' id='word_1_5' title='bbox 881 167 921 213; x_wconf 83' lang='lat' dir='ltr'><strong>tat</strong></span> 
     </span>
    </p>
   </div>
   <div class='ocr_carea' id='block_1_2' title="bbox 117 272 973 2898">
    <p class='ocr_par' dir='ltr' id='par_1_2' title="bbox 118 272 920 981">
     <span class='ocr_line' id='line_1_2' title="bbox 157 272 920 340; baseline 0 -13"><span class='ocrx_word' id='word_1_6' title='bbox 157 272 373 328; x_wconf 71' lang='lat' dir='ltr'><strong>4⁵1niunctc</strong></span> <span class='ocrx_word' id='word_1_7' title='bbox 390 272 420 326; x_wconf 91' lang='lat' dir='ltr'><strong>ei</strong></span> <span class='ocrx_word' id='word_1_8' title='bbox 437 272 666 340; x_wconf 88' lang='lat' dir='ltr'><strong>poenitentia</strong></span> <span class='ocrx_word' id='word_1_9' title='bbox 691 278 757 340; x_wconf 83' lang='lat' dir='ltr'><strong>etc.;</strong></span> <span class='ocrx_word' id='word_1_10' title='bbox 782 285 841 326; x_wconf 87' lang='lat' dir='ltr'><strong>eam</strong></span> <span class='ocrx_word' id='word_1_11' title='bbox 858 287 920 340; x_wconf 90' lang='lat' dir='ltr'><strong>pru·</strong></span> 
     </span>
     <span class='ocr_line' id='line_1_3' title="bbox 121 342 920 411; baseline 0 -13"><span class='ocrx_word' id='word_1_12' title='bbox 121 343 217 400; x_wconf 87' lang='lat' dir='ltr'><strong>denter</strong></span> <span class='ocrx_word' id='word_1_13' title='bbox 233 343 367 398; x_wconf 88' lang='lat' dir='ltr'><strong>moderari</strong></span> <span class='ocrx_word' id='word_1_14' title='bbox 387 343 468 397; x_wconf 92' lang='lat' dir='ltr'><strong>debet</strong></span> <span class='ocrx_word' id='word_1_15' title='bbox 485 342 671 411; x_wconf 82' lang='lat' dir='ltr'><strong>confessarius,</strong></span> <span class='ocrx_word' id='word_1_16' title='bbox 690 349 811 411; x_wconf 83' lang='lat' dir='ltr'><strong>spectata</strong></span> <span class='ocrx_word' id='word_1_17' title='bbox 828 344 920 411; x_wconf 91' lang='lat' dir='ltr'><strong>poeni·</strong></span> 
     </span>
     <span class='ocr_line' id='line_1_4' title="bbox 119 413 918 483; baseline -0.003 -13"><span class='ocrx_word' id='word_1_18' title='bbox 119 415 201 471; x_wconf 86' lang='lat' dir='ltr'><strong>tentis</strong></span> <span class='ocrx_word' id='word_1_19' title='bbox 220 414 380 483; x_wconf 91' lang='lat' dir='ltr'><strong>conditione,</strong></span> <span class='ocrx_word' id='word_1_20' title='bbox 404 429 472 468; x_wconf 86' lang='lat' dir='ltr'><strong>sexu</strong></span> <span class='ocrx_word' id='word_1_21' title='bbox 495 422 523 468; x_wconf 90' lang='lat' dir='ltr'><strong>et</strong></span> <span class='ocrx_word' id='word_1_22' title='bbox 541 420 638 482; x_wconf 88' lang='lat' dir='ltr'><strong>aetate,</strong></span> <span class='ocrx_word' id='word_1_23' title='bbox 666 420 746 481; x_wconf 86' lang='lat' dir='ltr'><strong>atquc</strong></span> <span class='ocrx_word' id='word_1_24' title='bbox 764 413 810 482; x_wconf 87' lang='lat' dir='ltr'><strong>ita,</strong></span> <span class='ocrx_word' id='word_1_25' title='bbox 835 420 866 468; x_wconf 90' lang='lat' dir='ltr'><strong>ut</strong></span> <span class='ocrx_word' id='word_1_26' title='bbox 884 429 918 468; x_wconf 83' lang='lat' dir='ltr'><strong>ex</strong></span> 
     </span>
     <span class='ocr_line' id='line_1_5' title="bbox 120 484 920 553; baseline -0.003 -11"><span class='ocrx_word' id='word_1_27' title='bbox 120 492 156 542; x_wconf 87' lang='lat' dir='ltr'><strong>ea</strong></span> <span class='ocrx_word' id='word_1_28' title='bbox 171 501 308 553; x_wconf 86' lang='lat' dir='ltr'><strong>nunquam</strong></span> <span class='ocrx_word' id='word_1_29' title='bbox 326 486 384 540; x_wconf 87' lang='lat' dir='ltr'><strong>aius</strong></span> <span class='ocrx_word' id='word_1_30' title='bbox 403 484 529 540; x_wconf 89' lang='lat' dir='ltr'><strong>delictam</strong></span> <span class='ocrx_word' id='word_1_31' title='bbox 545 485 714 539; x_wconf 87' lang='lat' dir='ltr'><strong>innotescere</strong></span> <span class='ocrx_word' id='word_1_32' title='bbox 731 491 820 552; x_wconf 80' lang='lat' dir='ltr'><strong>queat.</strong></span> <span class='ocrx_word' id='word_1_33' title='bbox 839 485 920 540; x_wconf 89' lang='lat' dir='ltr'><strong>Prae·</strong></span> 
     </span>
     <span class='ocr_line' id='line_1_6' title="bbox 120 555 920 625; baseline -0.004 -12"><span class='ocrx_word' id='word_1_34' title='bbox 120 558 238 614; x_wconf 88' lang='lat' dir='ltr'><strong>scribere</strong></span> <span class='ocrx_word' id='word_1_35' title='bbox 256 564 358 625; x_wconf 70' lang='lat' dir='ltr'><strong>posset,</strong></span> <span class='ocrx_word' id='word_1_36' title='bbox 376 557 538 624; x_wconf 87' lang='lat' dir='ltr'><strong>poenitentis</strong></span> <span class='ocrx_word' id='word_1_37' title='bbox 551 555 650 625; x_wconf 90' lang='lat' dir='ltr'><strong>indole,</strong></span> <span class='ocrx_word' id='word_1_38' title='bbox 669 555 828 624; x_wconf 88' lang='lat' dir='ltr'><strong>conditione,</strong></span> <span class='ocrx_word' id='word_1_39' title='bbox 847 563 920 610; x_wconf 90' lang='lat' dir='ltr'><strong>aeta·</strong></span> 
     </span>
     <span class='ocr_line' id='line_1_7' title="bbox 119 627 920 697; baseline -0.002 -13"><span class='ocrx_word' id='word_1_40' title='bbox 119 636 156 697; x_wconf 87' lang='lat' dir='ltr'><strong>te,</strong></span> <span class='ocrx_word' id='word_1_41' title='bbox 175 643 242 684; x_wconf 85' lang='lat' dir='ltr'><strong>sexu</strong></span> <span class='ocrx_word' id='word_1_42' title='bbox 261 635 319 697; x_wconf 84' lang='lat' dir='ltr'><strong>eta,</strong></span> <span class='ocrx_word' id='word_1_43' title='bbox 337 628 406 682; x_wconf 92' lang='lat' dir='ltr'><strong>bene</strong></span> <span class='ocrx_word' id='word_1_44' title='bbox 430 627 614 695; x_wconf 80' lang='lat' dir='ltr'><strong>consideratis,</strong></span> <span class='ocrx_word' id='word_1_45' title='bbox 631 643 658 681; x_wconf 86' lang='lat' dir='ltr'><strong>r.</strong></span> <span class='ocrx_word' id='word_1_46' title='bbox 678 643 703 694; x_wconf 84' lang='lat' dir='ltr'><strong>g.</strong></span> <span class='ocrx_word' id='word_1_47' title='bbox 726 627 852 681; x_wconf 87' lang='lat' dir='ltr'><strong>ieiunium</strong></span> <span class='ocrx_word' id='word_1_48' title='bbox 869 642 920 695; x_wconf 88' lang='lat' dir='ltr'><strong>per</strong></span> 
     </span>
     <span class='ocr_line' id='line_1_8' title="bbox 120 698 920 767; baseline -0.005 -11"><span class='ocrx_word' id='word_1_49' title='bbox 120 715 170 756; x_wconf 82' lang='lat' dir='ltr'><strong>sex</strong></span> <span class='ocrx_word' id='word_1_50' title='bbox 187 714 293 754; x_wconf 86' lang='lat' dir='ltr'><strong>menses</strong></span> <span class='ocrx_word' id='word_1_51' title='bbox 311 699 394 754; x_wconf 88' lang='lat' dir='ltr'><strong>semel</strong></span> <span class='ocrx_word' id='word_1_52' title='bbox 418 699 446 752; x_wconf 92' lang='lat' dir='ltr'><strong>in</strong></span> <span class='ocrx_word' id='word_1_53' title='bbox 470 698 646 767; x_wconf 88' lang='lat' dir='ltr'><strong>hebdomada,</strong></span> <span class='ocrx_word' id='word_1_54' title='bbox 669 698 714 751; x_wconf 84' lang='lat' dir='ltr'><strong>vel</strong></span> <span class='ocrx_word' id='word_1_55' title='bbox 737 698 920 752; x_wconf 76' lang='lat' dir='ltr'>recitationem</span> 
     </span>
     <span class='ocr_line' id='line_1_9' title="bbox 120 769 920 838; baseline -0.004 -12"><span class='ocrx_word' id='word_1_56' title='bbox 120 770 288 826; x_wconf 86' lang='lat' dir='ltr'><strong>Psalmorum</strong></span> <span class='ocrx_word' id='word_1_57' title='bbox 302 769 539 838; x_wconf 75' lang='lat' dir='ltr'><strong>poenitentialium,</strong></span> <span class='ocrx_word' id='word_1_58' title='bbox 554 776 601 824; x_wconf 90' lang='lat' dir='ltr'><strong>aut</strong></span> <span class='ocrx_word' id='word_1_59' title='bbox 612 769 708 823; x_wconf 76' lang='lat' dir='ltr'><strong>tertiae</strong></span> <span class='ocrx_word' id='word_1_60' title='bbox 718 770 803 837; x_wconf 88' lang='lat' dir='ltr'><strong>partis</strong></span> <span class='ocrx_word' id='word_1_61' title='bbox 812 769 920 823; x_wconf 87' lang='lat' dir='ltr'><strong>Rosarii</strong></span> 
     </span>
     <span class='ocr_line' id='line_1_10' title="bbox 121 839 919 908; baseline -0.005 -10"><span class='ocrx_word' id='word_1_62' title='bbox 121 841 205 898; x_wconf 88' lang='lat' dir='ltr'><strong>semel</strong></span> <span class='ocrx_word' id='word_1_63' title='bbox 230 849 277 896; x_wconf 89' lang='lat' dir='ltr'><strong>aut</strong></span> <span class='ocrx_word' id='word_1_64' title='bbox 301 841 343 896; x_wconf 88' lang='lat' dir='ltr'><strong>bis</strong></span> <span class='ocrx_word' id='word_1_65' title='bbox 369 841 397 894; x_wconf 87' lang='lat' dir='ltr'><strong>in</strong></span> <span class='ocrx_word' id='word_1_66' title='bbox 422 839 598 908; x_wconf 75' lang='lat' dir='ltr'><strong>hebdomada</strong></span> <span class='ocrx_word' id='word_1_67' title='bbox 624 839 718 894; x_wconf 90' lang='lat' dir='ltr'><strong>eodem</strong></span> <span class='ocrx_word' id='word_1_68' title='bbox 742 840 786 894; x_wconf 85' lang='lat' dir='ltr'><strong>vel</strong></span> <span class='ocrx_word' id='word_1_69' title='bbox 804 840 919 908; x_wconf 79' lang='lat' dir='ltr'><strong>longiori</strong></span> 
     </span>
     <span class='ocr_line' id='line_1_11' title="bbox 118 910 909 981; baseline -0.004 -12"><span class='ocrx_word' id='word_1_70' title='bbox 118 913 248 981; x_wconf 90' lang='lat' dir='ltr'><strong>temporis</strong></span> <span class='ocrx_word' id='word_1_71' title='bbox 267 913 363 980; x_wconf 86' lang='lat' dir='ltr'><strong>spatio,</strong></span> <span class='ocrx_word' id='word_1_72' title='bbox 382 912 426 966; x_wconf 85' lang='lat' dir='ltr'><strong>vel</strong></span> <span class='ocrx_word' id='word_1_73' title='bbox 444 910 516 966; x_wconf 87' lang='lat' dir='ltr'><strong>aliud</strong></span> <span class='ocrx_word' id='word_1_74' title='bbox 535 911 644 978; x_wconf 89' lang='lat' dir='ltr'><strong>aliquod</strong></span> <span class='ocrx_word' id='word_1_75' title='bbox 661 912 769 980; x_wconf 85' lang='lat' dir='ltr'><strong>pietatis</strong></span> <span class='ocrx_word' id='word_1_76' title='bbox 788 927 864 980; x_wconf 89' lang='lat' dir='ltr'><strong>opus.</strong></span> <span class='ocrx_word' id='word_1_77' title='bbox 907 921 909 924; x_wconf 84' lang='grc'><strong><em>·</em></strong></span> 
     </span>
    </p>

    <p class='ocr_par' dir='ltr' id='par_1_3' title="bbox 117 981 973 1834">
     <span class='ocr_line' id='line_1_12' title="bbox 156 981 920 1051; baseline -0.003 -13"><span class='ocrx_word' id='word_1_78' title='bbox 156 986 188 1038; x_wconf 67' lang='lat' dir='ltr'><strong>ba</strong></span> <span class='ocrx_word' id='word_1_79' title='bbox 209 983 288 1037; x_wconf 81' lang='lat' dir='ltr'><strong>Cum</strong></span> <span class='ocrx_word' id='word_1_80' title='bbox 308 983 527 1051; x_wconf 79' lang='lat' dir='ltr'><strong>obligatione</strong></span> <span class='ocrx_word' id='word_1_81' title='bbox 546 981 748 1038; x_wconf 85' lang='lat' dir='ltr'><strong>confitendi</strong></span> <span class='ocrx_word' id='word_1_82' title='bbox 766 990 834 1050; x_wconf 87' lang='lat' dir='ltr'><strong>etc.;</strong></span> <span class='ocrx_word' id='word_1_83' title='bbox 853 990 920 1038; x_wconf 87' lang='lat' dir='ltr'><strong>tem·</strong></span> 
     </span>
     <span class='ocr_line' id='line_1_13' title="bbox 119 1053 919 1124; baseline 0 -16"><span class='ocrx_word' id='word_1_84' title='bbox 119 1069 171 1124; x_wconf 86' lang='lat' dir='ltr'><strong>pus</strong></span> <span class='ocrx_word' id='word_1_85' title='bbox 190 1061 280 1109; x_wconf 88' lang='lat' dir='ltr'><strong>autem</strong></span> <span class='ocrx_word' id='word_1_86' title='bbox 298 1054 404 1122; x_wconf 80' lang='lat' dir='ltr'><strong>longius</strong></span> <span class='ocrx_word' id='word_1_87' title='bbox 429 1060 476 1108; x_wconf 90' lang='lat' dir='ltr'><strong>aut</strong></span> <span class='ocrx_word' id='word_1_88' title='bbox 493 1053 602 1108; x_wconf 77' lang='lat' dir='ltr'><strong>brevius</strong></span> <span class='ocrx_word' id='word_1_89' title='bbox 620 1061 739 1109; x_wconf 89' lang='lat' dir='ltr'><strong>statuere</strong></span> <span class='ocrx_word' id='word_1_90' title='bbox 758 1053 838 1108; x_wconf 89' lang='lat' dir='ltr'><strong>debet</strong></span> <span class='ocrx_word' id='word_1_91' title='bbox 856 1069 919 1108; x_wconf 91' lang='lat' dir='ltr'><strong>con·</strong></span> 
     </span>
     <span class='ocr_line' id='line_1_14' title="bbox 118 1125 919 1194; baseline -0.001 -13"><span class='ocrx_word' id='word_1_92' title='bbox 118 1125 256 1194; x_wconf 81' lang='lat' dir='ltr'><strong>fossarius,</strong></span> <span class='ocrx_word' id='word_1_93' title='bbox 277 1141 301 1179; x_wconf 84' lang='lat' dir='ltr'><strong>v.</strong></span> <span class='ocrx_word' id='word_1_94' title='bbox 320 1142 346 1194; x_wconf 75' lang='lat' dir='ltr'><strong>g.</strong></span> <span class='ocrx_word' id='word_1_95' title='bbox 364 1139 538 1193; x_wconf 86' lang='lat' dir='ltr'><strong>perannum,</strong></span> <span class='ocrx_word' id='word_1_96' title='bbox 558 1132 604 1179; x_wconf 88' lang='lat' dir='ltr'><strong>aut</strong></span> <span class='ocrx_word' id='word_1_97' title='bbox 617 1139 727 1194; x_wconf 81' lang='lat' dir='ltr'><strong>persex</strong></span> <span class='ocrx_word' id='word_1_98' title='bbox 739 1140 853 1193; x_wconf 86' lang='lat' dir='ltr'><strong>menses,</strong></span> <span class='ocrx_word' id='word_1_99' title='bbox 872 1132 919 1180; x_wconf 91' lang='lat' dir='ltr'><strong>aut</strong></span> 
     </span>
     <span class='ocr_line' id='line_1_15' title="bbox 119 1196 919 1265; baseline 0 -14"><span class='ocrx_word' id='word_1_100' title='bbox 119 1198 200 1252; x_wconf 89' lang='lat' dir='ltr'><strong>etiam</strong></span> <span class='ocrx_word' id='word_1_101' title='bbox 228 1211 278 1265; x_wconf 91' lang='lat' dir='ltr'><strong>per</strong></span> <span class='ocrx_word' id='word_1_102' title='bbox 302 1196 369 1251; x_wconf 89' lang='lat' dir='ltr'><strong>duos</strong></span> <span class='ocrx_word' id='word_1_103' title='bbox 395 1211 509 1263; x_wconf 89' lang='lat' dir='ltr'><strong>menses,</strong></span> <span class='ocrx_word' id='word_1_104' title='bbox 534 1202 616 1264; x_wconf 88' lang='lat' dir='ltr'><strong>prout</strong></span> <span class='ocrx_word' id='word_1_105' title='bbox 638 1197 800 1263; x_wconf 89' lang='lat' dir='ltr'><strong>poenitentis</strong></span> <span class='ocrx_word' id='word_1_106' title='bbox 818 1197 919 1264; x_wconf 84' lang='lat' dir='ltr'><strong>utilitas</strong></span> 
     </span>
     <span class='ocr_line' id='line_1_16' title="bbox 118 1266 919 1336; baseline -0.004 -12"><span class='ocrx_word' id='word_1_107' title='bbox 118 1283 168 1324; x_wconf 86' lang='lat' dir='ltr'><strong>scu</strong></span> <span class='ocrx_word' id='word_1_108' title='bbox 195 1266 335 1336; x_wconf 83' lang='lat' dir='ltr'><strong>dispositio</strong></span> <span class='ocrx_word' id='word_1_109' title='bbox 364 1266 535 1334; x_wconf 85' lang='lat' dir='ltr'><strong>suggesserit.</strong></span> <span class='ocrx_word' id='word_1_110' title='bbox 582 1266 611 1320; x_wconf 87' lang='lat' dir='ltr'><strong>Si</strong></span> <span class='ocrx_word' id='word_1_111' title='bbox 638 1268 696 1335; x_wconf 89' lang='lat' dir='ltr'><strong>ipse</strong></span> <span class='ocrx_word' id='word_1_112' title='bbox 730 1268 919 1335; x_wconf 82' lang='lat' dir='ltr'><strong>obligationem</strong></span> 
     </span>
     <span class='ocr_line' id='line_1_17' title="bbox 118 1337 919 1407; baseline -0.002 -13"><span class='ocrx_word' id='word_1_113' title='bbox 118 1339 170 1394; x_wconf 91' lang='lat' dir='ltr'><strong>sibi</strong></span> <span class='ocrx_word' id='word_1_114' title='bbox 187 1339 338 1406; x_wconf 90' lang='lat' dir='ltr'><strong>impositam</strong></span> <span class='ocrx_word' id='word_1_115' title='bbox 356 1337 463 1406; x_wconf 89' lang='lat' dir='ltr'><strong>quidem</strong></span> <span class='ocrx_word' id='word_1_116' title='bbox 483 1337 609 1406; x_wconf 71' lang='lat' dir='ltr'><strong>suscipit,</strong></span> <span class='ocrx_word' id='word_1_117' title='bbox 635 1337 683 1392; x_wconf 90' lang='lat' dir='ltr'><strong>sed</strong></span> <span class='ocrx_word' id='word_1_118' title='bbox 707 1338 818 1406; x_wconf 87' lang='lat' dir='ltr'><strong>implere</strong></span> <span class='ocrx_word' id='word_1_119' title='bbox 836 1339 919 1407; x_wconf 84' lang='lat' dir='ltr'><strong>aegb-</strong></span> 
     </span>
     <span class='ocr_line' id='line_1_18' title="bbox 117 1408 919 1480; baseline 0 -16"><span class='ocrx_word' id='word_1_120' title='bbox 117 1417 172 1480; x_wconf 76' lang='lat' dir='ltr'><strong>get,</strong></span> <span class='ocrx_word' id='word_1_121' title='bbox 199 1410 321 1478; x_wconf 81' lang='lat' dir='ltr'><strong>peccabit</strong></span> <span class='ocrx_word' id='word_1_122' title='bbox 347 1408 462 1478; x_wconf 89' lang='lat' dir='ltr'><strong>quidem,</strong></span> <span class='ocrx_word' id='word_1_123' title='bbox 489 1408 653 1476; x_wconf 85' lang='lat' dir='ltr'><strong>dispensatio</strong></span> <span class='ocrx_word' id='word_1_124' title='bbox 682 1425 747 1464; x_wconf 85' lang='lat' dir='ltr'><strong>vero</strong></span> <span class='ocrx_word' id='word_1_125' title='bbox 774 1409 835 1464; x_wconf 90' lang='lat' dir='ltr'><strong>ideo</strong></span> <span class='ocrx_word' id='word_1_126' title='bbox 864 1425 919 1464; x_wconf 90' lang='lat' dir='ltr'><strong>non</strong></span> 
     </span>
     <span class='ocr_line' id='line_1_19' title="bbox 119 1479 919 1550; baseline -0.001 -14"><span class='ocrx_word' id='word_1_127' title='bbox 119 1481 172 1536; x_wconf 88' lang='lat' dir='ltr'><strong>erit</strong></span> <span class='ocrx_word' id='word_1_128' title='bbox 188 1479 315 1536; x_wconf 82' lang='lat' dir='ltr'><strong>invalida</strong></span> <span class='ocrx_word' id='word_1_129' title='bbox 350 1481 474 1548; x_wconf 78' lang='lat' dir='ltr'><strong>Aliiaqac</strong></span> <span class='ocrx_word' id='word_1_130' title='bbox 495 1480 625 1534; x_wconf 74' lang='lat' dir='ltr'><strong>intuentia</strong></span> <span class='ocrx_word' id='word_1_131' title='bbox 651 1479 684 1534; x_wconf 86' lang='lat' dir='ltr'><strong>de</strong></span> <span class='ocrx_word' id='word_1_132' title='bbox 701 1481 761 1534; x_wconf 79' lang='lat' dir='ltr'><strong>iare</strong></span> <span class='ocrx_word' id='word_1_133' title='bbox 778 1481 919 1550; x_wconf 69' lang='lat' dir='ltr'><strong>somnam·</strong></span> 
     </span>
     <span class='ocr_line' id='line_1_20' title="bbox 118 1551 973 1630; baseline 0.002 -24"><span class='ocrx_word' id='word_1_134' title='bbox 118 1551 163 1606; x_wconf 73' lang='lat' dir='ltr'><strong>dte</strong></span> <span class='ocrx_word' id='word_1_135' title='bbox 182 1591 189 1606; x_wconf 91' lang='lat'><strong>.</strong></span> <span class='ocrx_word' id='word_1_136' title='bbox 205 1592 234 1606; x_wconf 88' lang='lat'><strong>..</strong></span> <span class='ocrx_word' id='word_1_137' title='bbox 255 1567 324 1619; x_wconf 83' lang='lat' dir='ltr'><strong>quae</strong></span> <span class='ocrx_word' id='word_1_138' title='bbox 342 1551 463 1605; x_wconf 84' lang='lat' dir='ltr'><strong>clausula</strong></span> <span class='ocrx_word' id='word_1_139' title='bbox 480 1551 590 1630; x_wconf 68' lang='lat' dir='ltr'><strong>respicit</strong></span> <span class='ocrx_word' id='word_1_140' title='bbox 608 1551 688 1605; x_wconf 88' lang='lat' dir='ltr'><strong>etiam</strong></span> <span class='ocrx_word' id='word_1_141' title='bbox 707 1551 773 1606; x_wconf 87' lang='lat' dir='ltr'><strong>alian</strong></span> <span class='ocrx_word' id='word_1_142' title='bbox 792 1552 918 1608; x_wconf 83' lang='lat' dir='ltr'><strong>materias</strong></span> <span class='ocrx_word' id='word_1_143' title='bbox 971 1569 973 1577; x_wconf 72' lang='grc'>’</span> 
     </span>
     <span class='ocr_line' id='line_1_21' title="bbox 118 1621 919 1691; baseline -0.001 -14"><span class='ocrx_word' id='word_1_144' title='bbox 118 1624 191 1678; x_wconf 89' lang='lat' dir='ltr'><strong>circa</strong></span> <span class='ocrx_word' id='word_1_145' title='bbox 209 1623 262 1677; x_wconf 89' lang='lat' dir='ltr'><strong>alia</strong></span> <span class='ocrx_word' id='word_1_146' title='bbox 274 1629 386 1691; x_wconf 89' lang='lat' dir='ltr'><strong>peccata</strong></span> <span class='ocrx_word' id='word_1_147' title='bbox 397 1621 558 1690; x_wconf 87' lang='lat' dir='ltr'><strong>poenitentis</strong></span> <span class='ocrx_word' id='word_1_148' title='bbox 576 1637 602 1679; x_wconf 86' lang='lat' dir='ltr'><strong>v.</strong></span> <span class='ocrx_word' id='word_1_149' title='bbox 621 1638 647 1690; x_wconf 83' lang='lat' dir='ltr'><strong>g.</strong></span> <span class='ocrx_word' id='word_1_150' title='bbox 664 1623 688 1676; x_wconf 84' lang='lat' dir='ltr'><strong>ai</strong></span> <span class='ocrx_word' id='word_1_151' title='bbox 705 1622 846 1690; x_wconf 88' lang='lat' dir='ltr'><strong>poenitens</strong></span> <span class='ocrx_word' id='word_1_152' title='bbox 863 1621 919 1676; x_wconf 83' lang='lat' dir='ltr'><strong>fur·</strong></span> 
     </span>
     <span class='ocr_line' id='line_1_22' title="bbox 117 1691 920 1762; baseline 0 -12"><span class='ocrx_word' id='word_1_153' title='bbox 117 1701 176 1750; x_wconf 90' lang='lat' dir='ltr'><strong>tum</strong></span> <span class='ocrx_word' id='word_1_154' title='bbox 193 1691 289 1748; x_wconf 82' lang='lat' dir='ltr'><strong>luisset</strong></span> <span class='ocrx_word' id='word_1_155' title='bbox 306 1693 453 1762; x_wconf 83' lang='lat' dir='ltr'><strong>confessus,</strong></span> <span class='ocrx_word' id='word_1_156' title='bbox 479 1693 512 1746; x_wconf 89' lang='lat' dir='ltr'><strong>de</strong></span> <span class='ocrx_word' id='word_1_157' title='bbox 530 1694 588 1748; x_wconf 90' lang='lat' dir='ltr'><strong>iure</strong></span> <span class='ocrx_word' id='word_1_158' title='bbox 607 1694 633 1746; x_wconf 87' lang='lat' dir='ltr'><strong>ei</strong></span> <span class='ocrx_word' id='word_1_159' title='bbox 659 1692 822 1762; x_wconf 79' lang='lat' dir='ltr'><strong>iniungenda</strong></span> <span class='ocrx_word' id='word_1_160' title='bbox 847 1699 920 1750; x_wconf 87' lang='lat' dir='ltr'><strong>esset</strong></span> 
     </span>
     <span class='ocr_line' id='line_1_23' title="bbox 119 1765 432 1834; baseline 0 -12"><span class='ocrx_word' id='word_1_161' title='bbox 119 1765 254 1822; x_wconf 87' lang='lat' dir='ltr'><strong>restitutio</strong></span> <span class='ocrx_word' id='word_1_162' title='bbox 273 1765 363 1834; x_wconf 91' lang='lat' dir='ltr'><strong>ablati,</strong></span> <span class='ocrx_word' id='word_1_163' title='bbox 381 1771 432 1822; x_wconf 87' lang='lat' dir='ltr'><strong>etc.</strong></span> 
     </span>
    </p>

    <p class='ocr_par' dir='ltr' id='par_1_4' title="bbox 119 1834 920 2037">
     <span class='ocr_line' id='line_1_24' title="bbox 157 1834 918 1904; baseline -0.004 -13"><span class='ocrx_word' id='word_1_164' title='bbox 157 1838 189 1891; x_wconf 81' lang='lat'><strong>6·</strong></span> <span class='ocrx_word' id='word_1_165' title='bbox 209 1835 401 1904; x_wconf 69' lang='lat' dir='ltr'><strong>absolvas,</strong></span> <span class='ocrx_word' id='word_1_166' title='bbox 428 1851 481 1902; x_wconf 90' lang='lat' dir='ltr'><strong>quo</strong></span> <span class='ocrx_word' id='word_1_167' title='bbox 499 1835 582 1889; x_wconf 83' lang='lat' dir='ltr'><strong>verbo</strong></span> <span class='ocrx_word' id='word_1_168' title='bbox 600 1834 757 1902; x_wconf 88' lang='lat' dir='ltr'><strong>insinuatur,</strong></span> <span class='ocrx_word' id='word_1_169' title='bbox 782 1834 918 1902; x_wconf 86' lang='lat' dir='ltr'><strong>dispansa·</strong></span> 
     </span>
     <span class='ocr_line' id='line_1_25' title="bbox 119 1904 920 1974; baseline -0.004 -10"><span class='ocrx_word' id='word_1_170' title='bbox 119 1907 221 1964; x_wconf 85' lang='lat' dir='ltr'><strong>tionem</strong></span> <span class='ocrx_word' id='word_1_171' title='bbox 238 1923 294 1962; x_wconf 91' lang='lat' dir='ltr'><strong>non</strong></span> <span class='ocrx_word' id='word_1_172' title='bbox 311 1921 371 1962; x_wconf 86' lang='lat' dir='ltr'><strong>esse</strong></span> <span class='ocrx_word' id='word_1_173' title='bbox 388 1904 562 1974; x_wconf 82' lang='lat' dir='ltr'><strong>largiendam,</strong></span> <span class='ocrx_word' id='word_1_174' title='bbox 585 1906 636 1960; x_wconf 90' lang='lat' dir='ltr'><strong>nisi</strong></span> <span class='ocrx_word' id='word_1_175' title='bbox 653 1907 729 1974; x_wconf 87' lang='lat' dir='ltr'><strong>prius</strong></span> <span class='ocrx_word' id='word_1_176' title='bbox 746 1905 822 1960; x_wconf 82' lang='lat' dir='ltr'><strong>linita</strong></span> <span class='ocrx_word' id='word_1_177' title='bbox 838 1905 920 1961; x_wconf 83' lang='lat' dir='ltr'><strong>fuerit</strong></span> 
     </span>
     <span class='ocr_line' id='line_1_26' title="bbox 121 1976 582 2037; baseline 0.002 -3"><span class='ocrx_word' id='word_1_178' title='bbox 121 1976 257 2034; x_wconf 85' lang='lat' dir='ltr'><strong>confessio</strong></span> <span class='ocrx_word' id='word_1_179' title='bbox 276 1985 304 2032; x_wconf 90' lang='lat' dir='ltr'><strong>et</strong></span> <span class='ocrx_word' id='word_1_180' title='bbox 320 1976 424 2031; x_wconf 89' lang='lat' dir='ltr'><strong>indulta</strong></span> <span class='ocrx_word' id='word_1_181' title='bbox 441 1977 582 2037; x_wconf 86' lang='lat' dir='ltr'><strong>absolutio.</strong></span> 
     </span>
    </p>

    <p class='ocr_par' dir='ltr' id='par_1_5' title="bbox 120 2047 919 2601">
     <span class='ocr_line' id='line_1_27' title="bbox 158 2047 919 2118; baseline -0.001 -15"><span class='ocrx_word' id='word_1_182' title='bbox 158 2052 190 2103; x_wconf 82' lang='lat'><strong>7·</strong></span> <span class='ocrx_word' id='word_1_183' title='bbox 204 2049 389 2104; x_wconf 85' lang='lat' dir='ltr'><strong>Dummodo</strong></span> <span class='ocrx_word' id='word_1_184' title='bbox 402 2047 684 2117; x_wconf 83' lang='lat' dir='ltr'><strong>impedimentum</strong></span> <span class='ocrx_word' id='word_1_185' title='bbox 698 2055 763 2118; x_wconf 88' lang='lat' dir='ltr'><strong>etc.;</strong></span> <span class='ocrx_word' id='word_1_186' title='bbox 781 2063 919 2117; x_wconf 84' lang='lat' dir='ltr'><strong>perquam</strong></span> 
     </span>
     <span class='ocr_line' id='line_1_28' title="bbox 122 2119 918 2188; baseline -0.003 -13"><span class='ocrx_word' id='word_1_187' title='bbox 122 2120 269 2175; x_wconf 89' lang='lat' dir='ltr'><strong>clausulam</strong></span> <span class='ocrx_word' id='word_1_188' title='bbox 283 2119 447 2188; x_wconf 81' lang='lat' dir='ltr'><strong>significatur</strong></span> <span class='ocrx_word' id='word_1_189' title='bbox 456 2119 648 2174; x_wconf 79' lang='lat' dir='ltr'><strong>confessarium</strong></span> <span class='ocrx_word' id='word_1_190' title='bbox 666 2119 764 2175; x_wconf 86' lang='lat' dir='ltr'><strong>debere</strong></span> <span class='ocrx_word' id='word_1_191' title='bbox 773 2120 841 2174; x_wconf 87' lang='lat' dir='ltr'><strong>bena</strong></span> <span class='ocrx_word' id='word_1_192' title='bbox 856 2134 918 2174; x_wconf 86' lang='lat' dir='ltr'><strong>exa·</strong></span> 
     </span>
     <span class='ocr_line' id='line_1_29' title="bbox 122 2190 918 2260; baseline -0.001 -15"><span class='ocrx_word' id='word_1_193' title='bbox 122 2192 233 2260; x_wconf 86' lang='lat' dir='ltr'><strong>minare,</strong></span> <span class='ocrx_word' id='word_1_194' title='bbox 252 2207 287 2245; x_wconf 90' lang='lat' dir='ltr'><strong>an</strong></span> <span class='ocrx_word' id='word_1_195' title='bbox 299 2191 516 2259; x_wconf 89' lang='lat' dir='ltr'><strong>impedimentum</strong></span> <span class='ocrx_word' id='word_1_196' title='bbox 529 2205 593 2244; x_wconf 86' lang='lat' dir='ltr'><strong>vero</strong></span> <span class='ocrx_word' id='word_1_197' title='bbox 607 2190 659 2245; x_wconf 91' lang='lat' dir='ltr'><strong>dici</strong></span> <span class='ocrx_word' id='word_1_198' title='bbox 672 2192 759 2258; x_wconf 87' lang='lat' dir='ltr'><strong>possit</strong></span> <span class='ocrx_word' id='word_1_199' title='bbox 772 2191 918 2260; x_wconf 90' lang='lat' dir='ltr'><strong>occultum;</strong></span> 
     </span>
     <span class='ocr_line' id='line_1_30' title="bbox 122 2261 918 2332; baseline 0 -16"><span class='ocrx_word' id='word_1_200' title='bbox 122 2279 185 2317; x_wconf 90' lang='lat' dir='ltr'><strong>nam</strong></span> <span class='ocrx_word' id='word_1_201' title='bbox 203 2269 245 2318; x_wconf 86' lang='lat' dir='ltr'><strong>est</strong></span> <span class='ocrx_word' id='word_1_202' title='bbox 262 2261 387 2332; x_wconf 88' lang='lat' dir='ltr'><strong>conditio,</strong></span> <span class='ocrx_word' id='word_1_203' title='bbox 412 2261 470 2316; x_wconf 90' lang='lat' dir='ltr'><strong>sinc</strong></span> <span class='ocrx_word' id='word_1_204' title='bbox 493 2277 547 2328; x_wconf 88' lang='lat' dir='ltr'><strong>qua</strong></span> <span class='ocrx_word' id='word_1_205' title='bbox 570 2277 625 2315; x_wconf 91' lang='lat' dir='ltr'><strong>non</strong></span> <span class='ocrx_word' id='word_1_206' title='bbox 642 2261 834 2316; x_wconf 85' lang='lat' dir='ltr'><strong>concederetur</strong></span> <span class='ocrx_word' id='word_1_207' title='bbox 850 2262 918 2316; x_wconf 85' lang='lat' dir='ltr'><strong>haec</strong></span> 
     </span>
     <span class='ocr_line' id='line_1_31' title="bbox 122 2331 919 2404; baseline -0.001 -17"><span class='ocrx_word' id='word_1_208' title='bbox 122 2334 222 2404; x_wconf 78' lang='lat' dir='ltr'><strong>gratia3</strong></span> <span class='ocrx_word' id='word_1_209' title='bbox 246 2334 308 2387; x_wconf 90' lang='lat' dir='ltr'><strong>binc</strong></span> <span class='ocrx_word' id='word_1_210' title='bbox 340 2334 363 2389; x_wconf 91' lang='lat' dir='ltr'><strong>si</strong></span> <span class='ocrx_word' id='word_1_211' title='bbox 387 2332 604 2401; x_wconf 88' lang='lat' dir='ltr'><strong>impedimentum</strong></span> <span class='ocrx_word' id='word_1_212' title='bbox 627 2331 726 2386; x_wconf 88' lang='lat' dir='ltr'><strong>factum</strong></span> <span class='ocrx_word' id='word_1_213' title='bbox 751 2331 847 2388; x_wconf 84' lang='lat' dir='ltr'><strong>fuisset</strong></span> <span class='ocrx_word' id='word_1_214' title='bbox 870 2348 919 2400; x_wconf 92' lang='lat' dir='ltr'><strong>pu-</strong></span> 
     </span>
     <span class='ocr_line' id='line_1_32' title="bbox 122 2403 919 2475; baseline -0.001 -17"><span class='ocrx_word' id='word_1_215' title='bbox 122 2405 220 2458; x_wconf 92' lang='lat' dir='ltr'><strong>blicum</strong></span> <span class='ocrx_word' id='word_1_216' title='bbox 238 2405 282 2459; x_wconf 82' lang='lat' dir='ltr'><strong>vel</strong></span> <span class='ocrx_word' id='word_1_217' title='bbox 306 2405 447 2475; x_wconf 83' lang='lat' dir='ltr'><strong>notorium,</strong></span> <span class='ocrx_word' id='word_1_218' title='bbox 473 2403 530 2459; x_wconf 87' lang='lat' dir='ltr'><strong>sive</strong></span> <span class='ocrx_word' id='word_1_219' title='bbox 557 2411 619 2457; x_wconf 89' lang='lat' dir='ltr'><strong>ante</strong></span> <span class='ocrx_word' id='word_1_220' title='bbox 637 2405 756 2472; x_wconf 88' lang='lat' dir='ltr'><strong>-pctitam</strong></span> <span class='ocrx_word' id='word_1_221' title='bbox 782 2403 919 2472; x_wconf 89' lang='lat' dir='ltr'><strong>dispensa·</strong></span> 
     </span>
     <span class='ocr_line' id='line_1_33' title="bbox 120 2474 919 2598; baseline -0.003 -68"><span class='ocrx_word' id='word_1_222' title='bbox 120 2475 231 2598; x_wconf 48' lang='lat' dir='ltr'><strong>{ionem</strong></span> <span class='ocrx_word' id='word_1_223' title='bbox 249 2477 306 2530; x_wconf 86' lang='lat' dir='ltr'><strong>sire</strong></span> <span class='ocrx_word' id='word_1_224' title='bbox 324 2482 428 2544; x_wconf 90' lang='lat' dir='ltr'><strong>postea,</strong></span> <span class='ocrx_word' id='word_1_225' title='bbox 445 2474 557 2530; x_wconf 87' lang='lat' dir='ltr'><strong>ulterius</strong></span> <span class='ocrx_word' id='word_1_226' title='bbox 573 2475 699 2544; x_wconf 78' lang='lat' dir='ltr'><strong>progredi</strong></span> <span class='ocrx_word' id='word_1_227' title='bbox 717 2475 840 2542; x_wconf 82' lang='lat' dir='ltr'><strong>nequiret</strong></span> <span class='ocrx_word' id='word_1_228' title='bbox 857 2489 919 2530; x_wconf 91' lang='lat' dir='ltr'><strong>con·</strong></span> 
     </span>
     <span class='ocr_line' id='line_1_34' title="bbox 134 2559 259 2601; baseline 0.016 -2"><span class='ocrx_word' id='word_1_229' title='bbox 134 2559 259 2601; x_wconf 83' lang='lat' dir='ltr'><strong>ansanus.</strong></span> 
     </span>
    </p>

    <p class='ocr_par' dir='ltr' id='par_1_6' title="bbox 121 2615 920 2898">
     <span class='ocr_line' id='line_1_35' title="bbox 159 2615 920 2686; baseline 0.001 -18"><span class='ocrx_word' id='word_1_230' title='bbox 159 2616 380 2685; x_wconf 70' lang='lat' dir='ltr'><strong>saaliudque</strong></span> <span class='ocrx_word' id='word_1_231' title='bbox 397 2633 465 2672; x_wconf 91' lang='lat' dir='ltr'><strong>nou</strong></span> <span class='ocrx_word' id='word_1_232' title='bbox 483 2617 610 2686; x_wconf 90' lang='lat' dir='ltr'><strong>obstet,</strong></span> <span class='ocrx_word' id='word_1_233' title='bbox 629 2616 685 2672; x_wconf 90' lang='lat' dir='ltr'><strong>scil.</strong></span> <span class='ocrx_word' id='word_1_234' title='bbox 703 2615 920 2684; x_wconf 88' lang='lat' dir='ltr'><strong>impedimentum</strong></span> 
     </span>
     <span class='ocr_line' id='line_1_36' title="bbox 124 2687 919 2758; baseline -0.001 -18"><span class='ocrx_word' id='word_1_235' title='bbox 124 2687 288 2756; x_wconf 89' lang='lat' dir='ltr'><strong>canonicum,</strong></span> <span class='ocrx_word' id='word_1_236' title='bbox 307 2689 358 2742; x_wconf 92' lang='lat' dir='ltr'><strong>boc</strong></span> <span class='ocrx_word' id='word_1_237' title='bbox 376 2689 478 2756; x_wconf 85' lang='lat' dir='ltr'><strong>pariter</strong></span> <span class='ocrx_word' id='word_1_238' title='bbox 496 2696 537 2744; x_wconf 87' lang='lat' dir='ltr'><strong>est</strong></span> <span class='ocrx_word' id='word_1_239' title='bbox 554 2687 678 2758; x_wconf 89' lang='lat' dir='ltr'><strong>conditio,</strong></span> <span class='ocrx_word' id='word_1_240' title='bbox 704 2689 761 2742; x_wconf 87' lang='lat' dir='ltr'><strong>sine</strong></span> <span class='ocrx_word' id='word_1_241' title='bbox 787 2702 841 2754; x_wconf 85' lang='lat' dir='ltr'><strong>qua</strong></span> <span class='ocrx_word' id='word_1_242' title='bbox 864 2702 919 2740; x_wconf 92' lang='lat' dir='ltr'><strong>non</strong></span> 
     </span>
     <span class='ocr_line' id='line_1_37' title="bbox 122 2755 919 2827; baseline -0.003 -15"><span class='ocrx_word' id='word_1_243' title='bbox 122 2755 315 2812; x_wconf 87' lang='lat' dir='ltr'><strong>concederetur</strong></span> <span class='ocrx_word' id='word_1_244' title='bbox 332 2760 419 2826; x_wconf 80' lang='lat' dir='ltr'><strong>gratia</strong></span> <span class='ocrx_word' id='word_1_245' title='bbox 437 2759 642 2827; x_wconf 89' lang='lat' dir='ltr'><strong>dispensationis</strong></span> <span class='ocrx_word' id='word_1_246' title='bbox 649 2777 658 2827; x_wconf 53' lang='lat'><strong>‘3</strong></span> <span class='ocrx_word' id='word_1_247' title='bbox 676 2774 737 2813; x_wconf 89' lang='lat' dir='ltr'><strong>nam</strong></span> <span class='ocrx_word' id='word_1_248' title='bbox 755 2759 783 2810; x_wconf 91' lang='lat' dir='ltr'><strong>in</strong></span> <span class='ocrx_word' id='word_1_249' title='bbox 801 2757 860 2811; x_wconf 87' lang='lat' dir='ltr'><strong>t&#39;oro</strong></span> <span class='ocrx_word' id='word_1_250' title='bbox 879 2758 919 2811; x_wconf 93' lang='lat' dir='ltr'><strong>in-</strong></span> 
     </span>
     <span class='ocr_line' id='line_1_38' title="bbox 121 2827 918 2898; baseline -0.005 -13"><span class='ocrx_word' id='word_1_251' title='bbox 121 2835 203 2885; x_wconf 85' lang='lat' dir='ltr'><strong>terno</strong></span> <span class='ocrx_word' id='word_1_252' title='bbox 215 2829 405 2898; x_wconf 88' lang='lat' dir='ltr'><strong>impedimenta</strong></span> <span class='ocrx_word' id='word_1_253' title='bbox 413 2845 468 2886; x_wconf 93' lang='lat' dir='ltr'><strong>non</strong></span> <span class='ocrx_word' id='word_1_254' title='bbox 481 2829 645 2898; x_wconf 83' lang='lat' dir='ltr'><strong>auferuntur,</strong></span> <span class='ocrx_word' id='word_1_255' title='bbox 659 2830 711 2884; x_wconf 87' lang='lat' dir='ltr'><strong>nisi</strong></span> <span class='ocrx_word' id='word_1_256' title='bbox 725 2829 814 2884; x_wconf 89' lang='lat' dir='ltr'><strong>omnia</strong></span> <span class='ocrx_word' id='word_1_257' title='bbox 827 2827 918 2896; x_wconf 84' lang='lat' dir='ltr'><strong>simul;</strong></span> 
     </span>
    </p>
   </div>
   <div class='ocr_carea' id='block_1_3' title="bbox 0 0 1078 3234">
    <p class='ocr_par' dir='ltr' id='par_1_7' title="bbox 0 0 1078 3234">
     <span class='ocr_line' id='line_1_39' title="bbox 0 0 1078 3234; baseline 0 0"><span class='ocrx_word' id='word_1_258' title='bbox 0 0 1078 3234; x_wconf 95' lang='lat' dir='ltr'><strong> </strong></span> 
     </span>
    </p>
   </div>
  </div>
 </body>
</html>
