<?xml version="1.0" encoding="UTF-8"?>
<!DOCTYPE html PUBLIC "-//W3C//DTD XHTML 1.0 Transitional//EN"
    "http://www.w3.org/TR/xhtml1/DTD/xhtml1-transitional.dtd">
<html xmlns="http://www.w3.org/1999/xhtml" xml:lang="en" lang="en">
 <head>
  <title>
</title>
<meta http-equiv="Content-Type" content="text/html;charset=utf-8" />
  <meta name='ocr-system' content='tesseract 3.04.00' />
  <meta name='ocr-capabilities' content='ocr_page ocr_carea ocr_par ocr_line ocrx_word'/>
</head>
<body>
  <div class='ocr_page' id='page_1' title='image "./manualesacerdot00schngoog_0190.png"; bbox 0 0 2108 3226; ppageno 0'>
   <div class='ocr_carea' id='block_1_1' title="bbox 143 168 860 220">
    <p class='ocr_par' dir='ltr' id='par_1_1' title="bbox 143 168 860 220">
     <span class='ocr_line' id='line_1_1' title="bbox 143 168 860 220; baseline -0.001 -8"><span class='ocrx_word' id='word_1_1' title='bbox 143 168 184 213; x_wconf 83' lang='lat' dir='ltr'>lec</span> <span class='ocrx_word' id='word_1_2' title='bbox 228 173 306 212; x_wconf 85' lang='lat' dir='ltr'>Preces</span> <span class='ocrx_word' id='word_1_3' title='bbox 320 171 343 212; x_wconf 90' lang='lat' dir='ltr'>ln</span> <span class='ocrx_word' id='word_1_4' title='bbox 357 171 484 212; x_wconf 78' lang='lat' dir='ltr'>uisitatione</span> <span class='ocrx_word' id='word_1_5' title='bbox 498 171 534 215; x_wconf 60' lang='grc' dir='ltr'>δε.</span> <span class='ocrx_word' id='word_1_6' title='bbox 549 171 685 211; x_wconf 71' lang='lat' dir='ltr'><strong>sacramenti</strong></span> <span class='ocrx_word' id='word_1_7' title='bbox 697 171 860 220; x_wconf 83' lang='lat' dir='ltr'>persolvendae.</span> 
     </span>
    </p>
   </div>
   <div class='ocr_carea' id='block_1_2' title="bbox 142 273 944 1042">
    <p class='ocr_par' dir='ltr' id='par_1_2' title="bbox 142 273 944 1042">
     <span class='ocr_line' id='line_1_2' title="bbox 143 273 941 346; baseline 0.003 -17"><span class='ocrx_word' id='word_1_8' title='bbox 143 290 190 330; x_wconf 90' lang='lat' dir='ltr'>cor</span> <span class='ocrx_word' id='word_1_9' title='bbox 208 289 309 330; x_wconf 89' lang='lat' dir='ltr'>summe</span> <span class='ocrx_word' id='word_1_10' title='bbox 324 274 494 330; x_wconf 84' lang='lat' dir='ltr'>benedictum</span> <span class='ocrx_word' id='word_1_11' title='bbox 511 273 600 343; x_wconf 88' lang='lat' dir='ltr'>laudo,</span> <span class='ocrx_word' id='word_1_12' title='bbox 619 273 738 343; x_wconf 82' lang='lat' dir='ltr'>glorifico</span> <span class='ocrx_word' id='word_1_13' title='bbox 757 283 784 330; x_wconf 89' lang='lat' dir='ltr'>et</span> <span class='ocrx_word' id='word_1_14' title='bbox 801 274 941 346; x_wconf 82' lang='lat' dir='ltr'>benedico,</span> 
     </span>
     <span class='ocr_line' id='line_1_3' title="bbox 144 345 942 414; baseline 0.003 -14"><span class='ocrx_word' id='word_1_15' title='bbox 144 345 217 414; x_wconf 86' lang='lat' dir='ltr'>quod</span> <span class='ocrx_word' id='word_1_16' title='bbox 233 347 363 414; x_wconf 88' lang='lat' dir='ltr'>potueris,</span> <span class='ocrx_word' id='word_1_17' title='bbox 389 347 499 402; x_wconf 80' lang='lat' dir='ltr'>sciveris</span> <span class='ocrx_word' id='word_1_18' title='bbox 518 353 598 414; x_wconf 87' lang='lat' dir='ltr'>atque</span> <span class='ocrx_word' id='word_1_19' title='bbox 616 346 735 401; x_wconf 84' lang='lat' dir='ltr'>volueris</span> <span class='ocrx_word' id='word_1_20' title='bbox 752 346 815 401; x_wconf 91' lang='lat' dir='ltr'>huic</span> <span class='ocrx_word' id='word_1_21' title='bbox 831 347 942 402; x_wconf 88' lang='lat' dir='ltr'>nobilis·</span> 
     </span>
     <span class='ocr_line' id='line_1_4' title="bbox 144 416 942 486; baseline -0.001 -14"><span class='ocrx_word' id='word_1_22' title='bbox 144 417 210 472; x_wconf 90' lang='lat' dir='ltr'>simo</span> <span class='ocrx_word' id='word_1_23' title='bbox 230 417 304 472; x_wconf 87' lang='lat' dir='ltr'>cordi</span> <span class='ocrx_word' id='word_1_24' title='bbox 317 425 372 472; x_wconf 89' lang='lat' dir='ltr'>tam</span> <span class='ocrx_word' id='word_1_25' title='bbox 385 418 542 486; x_wconf 83' lang='lat' dir='ltr'>multiplicia</span> <span class='ocrx_word' id='word_1_26' title='bbox 555 416 626 473; x_wconf 88' lang='lat' dir='ltr'>dona</span> <span class='ocrx_word' id='word_1_27' title='bbox 642 417 841 486; x_wconf 75' lang='lat' dir='ltr'>gratiarumque</span> <span class='ocrx_word' id='word_1_28' title='bbox 858 418 942 472; x_wconf 88' lang='lat' dir='ltr'>abun-</span> 
     </span>
     <span class='ocr_line' id='line_1_5' title="bbox 143 487 944 558; baseline 0.002 -16"><span class='ocrx_word' id='word_1_29' title='bbox 143 487 261 542; x_wconf 87' lang='lat' dir='ltr'>dantiam</span> <span class='ocrx_word' id='word_1_30' title='bbox 274 488 404 558; x_wconf 81' lang='lat' dir='ltr'>conferre,</span> <span class='ocrx_word' id='word_1_31' title='bbox 423 496 451 543; x_wconf 91' lang='lat' dir='ltr'>et</span> <span class='ocrx_word' id='word_1_32' title='bbox 464 505 575 558; x_wconf 89' lang='lat' dir='ltr'>summo,</span> <span class='ocrx_word' id='word_1_33' title='bbox 599 505 652 556; x_wconf 87' lang='lat' dir='ltr'>quo</span> <span class='ocrx_word' id='word_1_34' title='bbox 664 505 782 558; x_wconf 90' lang='lat' dir='ltr'>possum,</span> <span class='ocrx_word' id='word_1_35' title='bbox 797 489 895 544; x_wconf 85' lang='lat' dir='ltr'>affectu</span> <span class='ocrx_word' id='word_1_36' title='bbox 914 497 944 544; x_wconf 87' lang='lat' dir='ltr'>et</span> 
     </span>
     <span class='ocr_line' id='line_1_6' title="bbox 142 559 942 629; baseline 0.001 -15"><span class='ocrx_word' id='word_1_37' title='bbox 142 561 296 616; x_wconf 81' lang='lat' dir='ltr'>reverentia</span> <span class='ocrx_word' id='word_1_38' title='bbox 314 559 397 615; x_wconf 88' lang='lat' dir='ltr'>offero</span> <span class='ocrx_word' id='word_1_39' title='bbox 420 567 484 615; x_wconf 88' lang='lat' dir='ltr'>tuae</span> <span class='ocrx_word' id='word_1_40' title='bbox 509 575 650 628; x_wconf 86' lang='lat' dir='ltr'>supremae</span> <span class='ocrx_word' id='word_1_41' title='bbox 673 560 808 615; x_wconf 89' lang='lat' dir='ltr'>maiestati</span> <span class='ocrx_word' id='word_1_42' title='bbox 824 559 942 629; x_wconf 87' lang='lat' dir='ltr'>idipsum</span> 
     </span>
     <span class='ocr_line' id='line_1_7' title="bbox 143 631 940 701; baseline 0 -15"><span class='ocrx_word' id='word_1_43' title='bbox 143 647 190 686; x_wconf 88' lang='lat' dir='ltr'>cor</span> <span class='ocrx_word' id='word_1_44' title='bbox 200 631 380 686; x_wconf 90' lang='lat' dir='ltr'>dulcissimum</span> <span class='ocrx_word' id='word_1_45' title='bbox 390 637 470 699; x_wconf 89' lang='lat' dir='ltr'>atque</span> <span class='ocrx_word' id='word_1_46' title='bbox 479 632 556 686; x_wconf 89' lang='lat' dir='ltr'>unice</span> <span class='ocrx_word' id='word_1_47' title='bbox 563 631 744 699; x_wconf 89' lang='lat' dir='ltr'>dignissimum</span> <span class='ocrx_word' id='word_1_48' title='bbox 751 631 822 686; x_wconf 90' lang='lat' dir='ltr'>omni</span> <span class='ocrx_word' id='word_1_49' title='bbox 828 632 940 701; x_wconf 88' lang='lat' dir='ltr'>honore,</span> 
     </span>
     <span class='ocr_line' id='line_1_8' title="bbox 143 701 940 771; baseline 0.003 -16"><span class='ocrx_word' id='word_1_50' title='bbox 143 703 207 770; x_wconf 84' lang='lat' dir='ltr'>quia</span> <span class='ocrx_word' id='word_1_51' title='bbox 224 703 333 770; x_wconf 89' lang='lat' dir='ltr'>plenum</span> <span class='ocrx_word' id='word_1_52' title='bbox 351 708 392 756; x_wconf 92' lang='lat' dir='ltr'>est</span> <span class='ocrx_word' id='word_1_53' title='bbox 414 702 504 756; x_wconf 84' lang='lat' dir='ltr'>divina</span> <span class='ocrx_word' id='word_1_54' title='bbox 525 701 687 771; x_wconf 83' lang='lat' dir='ltr'>gratitudine</span> <span class='ocrx_word' id='word_1_55' title='bbox 712 718 743 756; x_wconf 90' lang='lat' dir='ltr'>ac</span> <span class='ocrx_word' id='word_1_56' title='bbox 766 701 940 758; x_wconf 80' lang='lat' dir='ltr'>beatitudinis</span> 
     </span>
     <span class='ocr_line' id='line_1_9' title="bbox 142 773 940 843; baseline 0.001 -15"><span class='ocrx_word' id='word_1_57' title='bbox 142 773 307 842; x_wconf 81' lang='lat' dir='ltr'>perfectione</span> <span class='ocrx_word' id='word_1_58' title='bbox 326 773 460 828; x_wconf 85' lang='lat' dir='ltr'>excellens</span> <span class='ocrx_word' id='word_1_59' title='bbox 477 774 695 842; x_wconf 87' lang='lat' dir='ltr'>inperpetuum,</span> <span class='ocrx_word' id='word_1_60' title='bbox 721 780 802 840; x_wconf 84' lang='lat' dir='ltr'>atque</span> <span class='ocrx_word' id='word_1_61' title='bbox 817 789 883 843; x_wconf 88' lang='lat' dir='ltr'>oro,</span> <span class='ocrx_word' id='word_1_62' title='bbox 909 780 940 830; x_wconf 90' lang='lat' dir='ltr'>ut</span> 
     </span>
     <span class='ocr_line' id='line_1_10' title="bbox 143 843 942 914; baseline 0 -16"><span class='ocrx_word' id='word_1_63' title='bbox 143 859 193 914; x_wconf 88' lang='lat' dir='ltr'>per</span> <span class='ocrx_word' id='word_1_64' title='bbox 206 843 272 898; x_wconf 90' lang='lat' dir='ltr'>illud</span> <span class='ocrx_word' id='word_1_65' title='bbox 285 844 372 911; x_wconf 89' lang='lat' dir='ltr'>ipsum</span> <span class='ocrx_word' id='word_1_66' title='bbox 387 845 512 912; x_wconf 88' lang='lat' dir='ltr'>supplere</span> <span class='ocrx_word' id='word_1_67' title='bbox 533 861 565 898; x_wconf 85' lang='lat' dir='ltr'>ac</span> <span class='ocrx_word' id='word_1_68' title='bbox 584 843 703 913; x_wconf 84' lang='lat' dir='ltr'>perfecte</span> <span class='ocrx_word' id='word_1_69' title='bbox 717 852 870 899; x_wconf 85' lang='lat' dir='ltr'>restaurare</span> <span class='ocrx_word' id='word_1_70' title='bbox 884 844 942 913; x_wconf 86' lang='lat' dir='ltr'>dig-</span> 
     </span>
     <span class='ocr_line' id='line_1_11' title="bbox 142 914 942 1042; baseline 0.001 -72"><span class='ocrx_word' id='word_1_71' title='bbox 142 916 224 1042; x_wconf 52' lang='lat' dir='ltr'>Idem,</span> <span class='ocrx_word' id='word_1_72' title='bbox 238 914 367 982; x_wconf 88' lang='lat' dir='ltr'>quidquid</span> <span class='ocrx_word' id='word_1_73' title='bbox 379 916 443 969; x_wconf 91' lang='lat' dir='ltr'>mali</span> <span class='ocrx_word' id='word_1_74' title='bbox 452 915 571 972; x_wconf 88' lang='lat' dir='ltr'>commisi</span> <span class='ocrx_word' id='word_1_75' title='bbox 581 923 608 970; x_wconf 89' lang='lat' dir='ltr'>et</span> <span class='ocrx_word' id='word_1_76' title='bbox 620 916 730 970; x_wconf 91' lang='lat' dir='ltr'>inomni</span> <span class='ocrx_word' id='word_1_77' title='bbox 741 915 812 970; x_wconf 88' lang='lat' dir='ltr'>bono</span> <span class='ocrx_word' id='word_1_78' title='bbox 826 916 942 985; x_wconf 84' lang='lat' dir='ltr'>neglexi.</span> 
     </span>
     <span class='ocr_line' id='line_1_12' title="bbox 168 1001 237 1040; baseline 0 -1"><span class='ocrx_word' id='word_1_79' title='bbox 168 1001 237 1040; x_wconf 90' lang='lat' dir='ltr'>men.</span> 
     </span>
    </p>
   </div>
   <div class='ocr_carea' id='block_1_3' title="bbox 232 1065 852 1158">
    <p class='ocr_par' dir='ltr' id='par_1_3' title="bbox 232 1065 852 1158">
     <span class='ocr_line' id='line_1_13' title="bbox 232 1065 852 1158; baseline 0.002 -23"><span class='ocrx_word' id='word_1_80' title='bbox 232 1091 306 1136; x_wconf 77' lang='lat' dir='ltr'>Oratio</span> <span class='ocrx_word' id='word_1_81' title='bbox 315 1065 347 1137; x_wconf 74' lang='lat' dir='ltr'>=sd</span> <span class='ocrx_word' id='word_1_82' title='bbox 360 1107 399 1158; x_wconf 79' lang='lat' dir='ltr'>eor</span> <span class='ocrx_word' id='word_1_83' title='bbox 411 1094 463 1138; x_wconf 76' lang='lat' dir='ltr'>issu</span> <span class='ocrx_word' id='word_1_84' title='bbox 476 1107 515 1146; x_wconf 80' lang='lat' dir='ltr'>pro</span> <span class='ocrx_word' id='word_1_85' title='bbox 527 1093 693 1151; x_wconf 72' lang='lat' dir='ltr'>agonizantibus.</span> <span class='ocrx_word' id='word_1_86' title='bbox 709 1117 732 1126; x_wconf 92' lang='lat'>-</span> <span class='ocrx_word' id='word_1_87' title='bbox 748 1095 852 1148; x_wconf 78' lang='lat' dir='ltr'>(Indulg.)</span> 
     </span>
    </p>
   </div>
   <div class='ocr_carea' id='block_1_4' title="bbox 142 1175 942 1602">
    <p class='ocr_par' dir='ltr' id='par_1_4' title="bbox 142 1175 942 1516">
     <span class='ocr_line' id='line_1_14' title="bbox 179 1175 939 1246; baseline 0.001 -16"><span class='ocrx_word' id='word_1_88' title='bbox 179 1175 201 1230; x_wconf 94' lang='lat'>0</span> <span class='ocrx_word' id='word_1_89' title='bbox 221 1175 423 1231; x_wconf 87' lang='lat' dir='ltr'>clementissime</span> <span class='ocrx_word' id='word_1_90' title='bbox 437 1178 512 1244; x_wconf 77' lang='lat' dir='ltr'>Jesu</span> <span class='ocrx_word' id='word_1_91' title='bbox 530 1184 634 1232; x_wconf 91' lang='lat' dir='ltr'>amator</span> <span class='ocrx_word' id='word_1_92' title='bbox 652 1177 807 1246; x_wconf 83' lang='lat' dir='ltr'>animarum,</span> <span class='ocrx_word' id='word_1_93' title='bbox 826 1175 939 1232; x_wconf 86' lang='lat' dir='ltr'>obsecro</span> 
     </span>
     <span class='ocr_line' id='line_1_15' title="bbox 142 1247 941 1316; baseline -0.001 -13"><span class='ocrx_word' id='word_1_94' title='bbox 142 1253 170 1303; x_wconf 89' lang='lat' dir='ltr'>te</span> <span class='ocrx_word' id='word_1_95' title='bbox 187 1262 238 1316; x_wconf 91' lang='lat' dir='ltr'>per</span> <span class='ocrx_word' id='word_1_96' title='bbox 255 1247 377 1315; x_wconf 85' lang='lat' dir='ltr'>agoniam</span> <span class='ocrx_word' id='word_1_97' title='bbox 392 1247 479 1302; x_wconf 89' lang='lat' dir='ltr'>cordis</span> <span class='ocrx_word' id='word_1_98' title='bbox 492 1248 533 1302; x_wconf 91' lang='lat' dir='ltr'>tui</span> <span class='ocrx_word' id='word_1_99' title='bbox 545 1248 705 1304; x_wconf 87' lang='lat' dir='ltr'>sanctissimi</span> <span class='ocrx_word' id='word_1_100' title='bbox 718 1255 746 1303; x_wconf 89' lang='lat' dir='ltr'>et</span> <span class='ocrx_word' id='word_1_101' title='bbox 757 1263 807 1316; x_wconf 89' lang='lat' dir='ltr'>per</span> <span class='ocrx_word' id='word_1_102' title='bbox 820 1247 941 1302; x_wconf 91' lang='lat' dir='ltr'>dolorem</span> 
     </span>
     <span class='ocr_line' id='line_1_16' title="bbox 142 1317 942 1388; baseline 0.003 -16"><span class='ocrx_word' id='word_1_103' title='bbox 142 1319 234 1373; x_wconf 87' lang='lat' dir='ltr'>matris</span> <span class='ocrx_word' id='word_1_104' title='bbox 248 1325 310 1372; x_wconf 87' lang='lat' dir='ltr'>tuse</span> <span class='ocrx_word' id='word_1_105' title='bbox 328 1318 521 1388; x_wconf 85' lang='lat' dir='ltr'>immaculatae,</span> <span class='ocrx_word' id='word_1_106' title='bbox 538 1319 601 1374; x_wconf 88' lang='lat' dir='ltr'>lava</span> <span class='ocrx_word' id='word_1_107' title='bbox 617 1319 647 1372; x_wconf 91' lang='lat' dir='ltr'>in</span> <span class='ocrx_word' id='word_1_108' title='bbox 661 1317 794 1388; x_wconf 84' lang='lat' dir='ltr'>Sanguine</span> <span class='ocrx_word' id='word_1_109' title='bbox 813 1326 861 1374; x_wconf 89' lang='lat' dir='ltr'>tuo</span> <span class='ocrx_word' id='word_1_110' title='bbox 878 1334 942 1388; x_wconf 87' lang='lat' dir='ltr'>pec-</span> 
     </span>
     <span class='ocr_line' id='line_1_17' title="bbox 142 1389 941 1460; baseline 0.003 -16"><span class='ocrx_word' id='word_1_111' title='bbox 142 1396 248 1444; x_wconf 88' lang='lat' dir='ltr'>catores</span> <span class='ocrx_word' id='word_1_112' title='bbox 260 1390 343 1444; x_wconf 87' lang='lat' dir='ltr'>totius</span> <span class='ocrx_word' id='word_1_113' title='bbox 355 1390 447 1443; x_wconf 92' lang='lat' dir='ltr'>mundi</span> <span class='ocrx_word' id='word_1_114' title='bbox 460 1407 529 1444; x_wconf 91' lang='lat' dir='ltr'>nunc</span> <span class='ocrx_word' id='word_1_115' title='bbox 542 1391 646 1460; x_wconf 88' lang='lat' dir='ltr'>positos</span> <span class='ocrx_word' id='word_1_116' title='bbox 659 1390 687 1446; x_wconf 89' lang='lat' dir='ltr'>in</span> <span class='ocrx_word' id='word_1_117' title='bbox 701 1389 798 1459; x_wconf 90' lang='lat' dir='ltr'>agonia</span> <span class='ocrx_word' id='word_1_118' title='bbox 819 1397 846 1444; x_wconf 88' lang='lat' dir='ltr'>et</span> <span class='ocrx_word' id='word_1_119' title='bbox 858 1389 941 1446; x_wconf 84' lang='lat' dir='ltr'>hodie</span> 
     </span>
     <span class='ocr_line' id='line_1_18' title="bbox 142 1461 425 1516; baseline 0 -1"><span class='ocrx_word' id='word_1_120' title='bbox 142 1461 294 1516; x_wconf 88' lang='lat' dir='ltr'>morituros.</span> <span class='ocrx_word' id='word_1_121' title='bbox 331 1461 425 1516; x_wconf 86' lang='lat' dir='ltr'>Amen.</span> 
     </span>
    </p>

    <p class='ocr_par' dir='ltr' id='par_1_5' title="bbox 179 1531 942 1602">
     <span class='ocr_line' id='line_1_19' title="bbox 179 1531 942 1602; baseline 0.001 -15"><span class='ocrx_word' id='word_1_122' title='bbox 179 1531 232 1588; x_wconf 83' lang='lat' dir='ltr'>(lor</span> <span class='ocrx_word' id='word_1_123' title='bbox 249 1532 317 1588; x_wconf 85' lang='lat' dir='ltr'>Jesu</span> <span class='ocrx_word' id='word_1_124' title='bbox 333 1532 361 1586; x_wconf 91' lang='lat' dir='ltr'>in</span> <span class='ocrx_word' id='word_1_125' title='bbox 380 1531 477 1602; x_wconf 87' lang='lat' dir='ltr'>agonia</span> <span class='ocrx_word' id='word_1_126' title='bbox 494 1531 602 1602; x_wconf 82' lang='lat' dir='ltr'>factum,</span> <span class='ocrx_word' id='word_1_127' title='bbox 620 1532 747 1588; x_wconf 87' lang='lat' dir='ltr'>miserere</span> <span class='ocrx_word' id='word_1_128' title='bbox 764 1531 942 1588; x_wconf 86' lang='lat' dir='ltr'>morientium.</span> 
     </span>
    </p>
   </div>
   <div class='ocr_carea' id='block_1_5' title="bbox 266 1651 820 1711">
    <p class='ocr_par' dir='ltr' id='par_1_6' title="bbox 266 1651 820 1711">
     <span class='ocr_line' id='line_1_20' title="bbox 266 1651 820 1711; baseline 0 -15"><span class='ocrx_word' id='word_1_129' title='bbox 266 1651 528 1699; x_wconf 67' lang='lat' dir='ltr'>commemorassemus</span> <span class='ocrx_word' id='word_1_130' title='bbox 542 1654 617 1698; x_wconf 82' lang='lat' dir='ltr'>beatae</span> <span class='ocrx_word' id='word_1_131' title='bbox 631 1652 710 1698; x_wconf 69' lang='lat' dir='ltr'>Mesae</span> <span class='ocrx_word' id='word_1_132' title='bbox 722 1653 820 1711; x_wconf 77' lang='lat' dir='ltr'>Virginis.</span> 
     </span>
    </p>
   </div>
   <div class='ocr_carea' id='block_1_6' title="bbox 143 1719 945 2290">
    <p class='ocr_par' dir='ltr' id='par_1_7' title="bbox 183 1719 629 1791">
     <span class='ocr_line' id='line_1_21' title="bbox 183 1719 629 1791; baseline 0 -16"><span class='ocrx_word' id='word_1_133' title='bbox 183 1720 213 1775; x_wconf 89' lang='lat' dir='ltr'>V.</span> <span class='ocrx_word' id='word_1_134' title='bbox 234 1719 287 1775; x_wconf 86' lang='lat' dir='ltr'>(lor</span> <span class='ocrx_word' id='word_1_135' title='bbox 303 1721 407 1776; x_wconf 88' lang='lat' dir='ltr'>Mariae</span> <span class='ocrx_word' id='word_1_136' title='bbox 425 1721 629 1791; x_wconf 87' lang='lat' dir='ltr'>immaculatum,</span> 
     </span>
    </p>

    <p class='ocr_par' dir='ltr' id='par_1_8' title="bbox 179 1791 940 1863">
     <span class='ocr_line' id='line_1_22' title="bbox 179 1791 940 1863; baseline 0.004 -18"><span class='ocrx_word' id='word_1_137' title='bbox 179 1791 214 1846; x_wconf 85' lang='lat' dir='ltr'>R.</span> <span class='ocrx_word' id='word_1_138' title='bbox 234 1792 333 1847; x_wconf 87' lang='lat' dir='ltr'>Amore</span> <span class='ocrx_word' id='word_1_139' title='bbox 351 1793 426 1863; x_wconf 76' lang='lat' dir='ltr'>lesu,</span> <span class='ocrx_word' id='word_1_140' title='bbox 446 1808 498 1861; x_wconf 88' lang='lat' dir='ltr'>quo</span> <span class='ocrx_word' id='word_1_141' title='bbox 518 1792 604 1862; x_wconf 88' lang='lat' dir='ltr'>ardes,</span> <span class='ocrx_word' id='word_1_142' title='bbox 623 1791 738 1846; x_wconf 88' lang='lat' dir='ltr'>accende</span> <span class='ocrx_word' id='word_1_143' title='bbox 752 1807 799 1848; x_wconf 86' lang='lat' dir='ltr'>ccr</span> <span class='ocrx_word' id='word_1_144' title='bbox 810 1799 940 1848; x_wconf 86' lang='lat' dir='ltr'>nostrum.</span> 
     </span>
    </p>

    <p class='ocr_par' dir='ltr' id='par_1_9' title="bbox 143 1862 945 2290">
     <span class='ocr_line' id='line_1_23' title="bbox 182 1862 943 1932; baseline 0.004 -15"><span class='ocrx_word' id='word_1_145' title='bbox 182 1862 300 1917; x_wconf 82' lang='lat' dir='ltr'>Oremue.</span> <span class='ocrx_word' id='word_1_146' title='bbox 338 1864 547 1919; x_wconf 84' lang='lat' dir='ltr'>clementissime</span> <span class='ocrx_word' id='word_1_147' title='bbox 560 1864 644 1932; x_wconf 88' lang='lat' dir='ltr'>Dens,</span> <span class='ocrx_word' id='word_1_148' title='bbox 663 1864 709 1932; x_wconf 85' lang='lat' dir='ltr'>qui</span> <span class='ocrx_word' id='word_1_149' title='bbox 723 1862 758 1918; x_wconf 85' lang='lat' dir='ltr'>cd</span> <span class='ocrx_word' id='word_1_150' title='bbox 770 1873 943 1932; x_wconf 86' lang='lat' dir='ltr'>peccatorum</span> 
     </span>
     <span class='ocr_line' id='line_1_24' title="bbox 143 1933 944 2004; baseline 0.001 -15"><span class='ocrx_word' id='word_1_151' title='bbox 143 1933 257 1989; x_wconf 87' lang='lat' dir='ltr'>salutem</span> <span class='ocrx_word' id='word_1_152' title='bbox 275 1935 485 2004; x_wconf 86' lang='lat' dir='ltr'>miserorumque</span> <span class='ocrx_word' id='word_1_153' title='bbox 507 1935 657 2004; x_wconf 81' lang='lat' dir='ltr'>pertirgium</span> <span class='ocrx_word' id='word_1_154' title='bbox 683 1951 730 1990; x_wconf 90' lang='lat' dir='ltr'>ccr</span> <span class='ocrx_word' id='word_1_155' title='bbox 748 1935 944 1990; x_wconf 89' lang='lat' dir='ltr'>sanctissimum</span> 
     </span>
     <span class='ocr_line' id='line_1_25' title="bbox 144 2005 945 2062; baseline 0.005 -4"><span class='ocrx_word' id='word_1_156' title='bbox 144 2010 172 2059; x_wconf 88' lang='lat' dir='ltr'>et</span> <span class='ocrx_word' id='word_1_157' title='bbox 184 2005 381 2060; x_wconf 87' lang='lat' dir='ltr'>immaculatum</span> <span class='ocrx_word' id='word_1_158' title='bbox 389 2007 493 2060; x_wconf 88' lang='lat' dir='ltr'>Mariae</span> <span class='ocrx_word' id='word_1_159' title='bbox 508 2005 597 2061; x_wconf 77' lang='lat' dir='ltr'>divium</span> <span class='ocrx_word' id='word_1_160' title='bbox 612 2005 685 2060; x_wconf 86' lang='lat' dir='ltr'>cordi</span> <span class='ocrx_word' id='word_1_161' title='bbox 695 2005 758 2060; x_wconf 84' lang='lat' dir='ltr'>Filii</span> <span class='ocrx_word' id='word_1_162' title='bbox 763 2008 782 2062; x_wconf 87' lang='lat' dir='ltr'><strong>J</strong></span> <span class='ocrx_word' id='word_1_163' title='bbox 783 2022 831 2062; x_wconf 91' lang='lat' dir='ltr'>esu</span> <span class='ocrx_word' id='word_1_164' title='bbox 844 2007 945 2062; x_wconf 83' lang='lat' dir='ltr'>Christi</span> 
     </span>
     <span class='ocr_line' id='line_1_26' title="bbox 144 2076 943 2146; baseline 0.001 -15"><span class='ocrx_word' id='word_1_165' title='bbox 144 2076 255 2131; x_wconf 69' lang='lat' dir='ltr'>cantate</span> <span class='ocrx_word' id='word_1_166' title='bbox 283 2084 310 2131; x_wconf 89' lang='lat' dir='ltr'>et</span> <span class='ocrx_word' id='word_1_167' title='bbox 335 2077 518 2134; x_wconf 88' lang='lat' dir='ltr'>misericordia</span> <span class='ocrx_word' id='word_1_168' title='bbox 545 2077 705 2132; x_wconf 90' lang='lat' dir='ltr'>simillimum</span> <span class='ocrx_word' id='word_1_169' title='bbox 732 2093 792 2133; x_wconf 87' lang='lat' dir='ltr'>esse</span> <span class='ocrx_word' id='word_1_170' title='bbox 818 2077 943 2146; x_wconf 80' lang='lat' dir='ltr'>voluisti3</span> 
     </span>
     <span class='ocr_line' id='line_1_27' title="bbox 144 2147 944 2217; baseline 0.001 -15"><span class='ocrx_word' id='word_1_171' title='bbox 144 2147 268 2216; x_wconf 90' lang='lat' dir='ltr'>concede,</span> <span class='ocrx_word' id='word_1_172' title='bbox 283 2156 313 2203; x_wconf 91' lang='lat' dir='ltr'>ut</span> <span class='ocrx_word' id='word_1_173' title='bbox 327 2150 372 2217; x_wconf 89' lang='lat' dir='ltr'>qui</span> <span class='ocrx_word' id='word_1_174' title='bbox 384 2150 463 2204; x_wconf 91' lang='lat' dir='ltr'>huius</span> <span class='ocrx_word' id='word_1_175' title='bbox 473 2148 617 2203; x_wconf 88' lang='lat' dir='ltr'>dulcissimi</span> <span class='ocrx_word' id='word_1_176' title='bbox 632 2155 659 2202; x_wconf 91' lang='lat' dir='ltr'>et</span> <span class='ocrx_word' id='word_1_177' title='bbox 669 2149 841 2203; x_wconf 89' lang='lat' dir='ltr'>amantissimi</span> <span class='ocrx_word' id='word_1_178' title='bbox 854 2148 944 2204; x_wconf 88' lang='lat' dir='ltr'>cordis</span> 
     </span>
     <span class='ocr_line' id='line_1_28' title="bbox 143 2219 944 2290; baseline 0.002 -18"><span class='ocrx_word' id='word_1_179' title='bbox 143 2220 298 2274; x_wconf 85' lang='lat' dir='ltr'>memoriam</span> <span class='ocrx_word' id='word_1_180' title='bbox 317 2221 428 2290; x_wconf 87' lang='lat' dir='ltr'>agimus,</span> <span class='ocrx_word' id='word_1_181' title='bbox 447 2219 592 2274; x_wconf 89' lang='lat' dir='ltr'>secundum</span> <span class='ocrx_word' id='word_1_182' title='bbox 610 2235 657 2274; x_wconf 91' lang='lat' dir='ltr'>ccr</span> <span class='ocrx_word' id='word_1_183' title='bbox 672 2220 738 2274; x_wconf 89' lang='lat' dir='ltr'>Jesu</span> <span class='ocrx_word' id='word_1_184' title='bbox 755 2219 869 2274; x_wconf 89' lang='lat' dir='ltr'>inveniri</span> <span class='ocrx_word' id='word_1_185' title='bbox 887 2235 944 2274; x_wconf 90' lang='lat' dir='ltr'>me·</span> 
     </span>
    </p>
   </div>
   <div class='ocr_carea' id='block_1_7' title="bbox 142 2290 943 2416">
    <p class='ocr_par' dir='ltr' id='par_1_10' title="bbox 142 2290 943 2416">
     <span class='ocr_line' id='line_1_29' title="bbox 142 2290 943 2415; baseline 0.001 -71"><span class='ocrx_word' id='word_1_186' title='bbox 142 2305 258 2415; x_wconf 67' lang='lat' dir='ltr'>rAemamur.</span> <span class='ocrx_word' id='word_1_187' title='bbox 286 2291 341 2346; x_wconf 89' lang='lat' dir='ltr'>Per</span> <span class='ocrx_word' id='word_1_188' title='bbox 359 2291 480 2346; x_wconf 89' lang='lat' dir='ltr'>eumdem</span> <span class='ocrx_word' id='word_1_189' title='bbox 496 2291 630 2346; x_wconf 80' lang='lat' dir='ltr'>Christum</span> <span class='ocrx_word' id='word_1_190' title='bbox 650 2290 793 2346; x_wconf 90' lang='lat' dir='ltr'>Dominum</span> <span class='ocrx_word' id='word_1_191' title='bbox 813 2298 943 2346; x_wconf 72' lang='lat' dir='ltr'>ausurum.</span> 
     </span>
     <span class='ocr_line' id='line_1_30' title="bbox 196 2377 238 2416; baseline 0.024 -1"><span class='ocrx_word' id='word_1_192' title='bbox 196 2377 238 2416; x_wconf 91' lang='lat' dir='ltr'>en.</span> 
     </span>
    </p>
   </div>
   <div class='ocr_carea' id='block_1_8' title="bbox 144 2453 946 2586">
    <p class='ocr_par' dir='ltr' id='par_1_11' title="bbox 144 2453 946 2586">
     <span class='ocr_line' id='line_1_31' title="bbox 144 2453 946 2520; baseline 0.001 -11"><span class='ocrx_word' id='word_1_193' title='bbox 144 2465 224 2510; x_wconf 77' lang='lat' dir='ltr'>Preces</span> <span class='ocrx_word' id='word_1_194' title='bbox 243 2468 271 2511; x_wconf 88' lang='lat' dir='ltr'>ad</span> <span class='ocrx_word' id='word_1_195' title='bbox 292 2453 430 2512; x_wconf 80' lang='lat' dir='ltr'>obtinendum</span> <span class='ocrx_word' id='word_1_196' title='bbox 443 2467 512 2512; x_wconf 82' lang='lat' dir='ltr'>aslum</span> <span class='ocrx_word' id='word_1_197' title='bbox 529 2480 569 2520; x_wconf 79' lang='lat' dir='ltr'>pro</span> <span class='ocrx_word' id='word_1_198' title='bbox 581 2465 734 2518; x_wconf 71' lang='lat' dir='ltr'>exdimticns</span> <span class='ocrx_word' id='word_1_199' title='bbox 751 2469 888 2520; x_wconf 67' lang='lat' dir='ltr'>mutorum</span> <span class='ocrx_word' id='word_1_200' title='bbox 905 2480 946 2520; x_wconf 79' lang='lat' dir='ltr'>pse</span> 
     </span>
     <span class='ocr_line' id='line_1_32' title="bbox 184 2529 904 2586; baseline 0.001 -13"><span class='ocrx_word' id='word_1_201' title='bbox 184 2531 396 2576; x_wconf 63' lang='lat' dir='ltr'>intercessionem.</span> <span class='ocrx_word' id='word_1_202' title='bbox 411 2533 440 2576; x_wconf 81' lang='grc' dir='ltr'>Μ.</span> <span class='ocrx_word' id='word_1_203' title='bbox 454 2532 480 2576; x_wconf 87' lang='lat' dir='ltr'>V.</span> <span class='ocrx_word' id='word_1_204' title='bbox 493 2531 541 2574; x_wconf 84' lang='lat' dir='ltr'>sine</span> <span class='ocrx_word' id='word_1_205' title='bbox 555 2529 602 2574; x_wconf 87' lang='lat' dir='ltr'>labe</span> <span class='ocrx_word' id='word_1_206' title='bbox 617 2533 740 2583; x_wconf 68' lang='lat' dir='ltr'>caneecm.</span> <span class='ocrx_word' id='word_1_207' title='bbox 757 2554 779 2562; x_wconf 99' lang='lat'>-</span> <span class='ocrx_word' id='word_1_208' title='bbox 799 2532 904 2586; x_wconf 84' lang='lat' dir='ltr'>(Indulg.)</span> 
     </span>
    </p>
   </div>
   <div class='ocr_carea' id='block_1_9' title="bbox 144 2611 945 2895">
    <p class='ocr_par' dir='ltr' id='par_1_12' title="bbox 144 2611 945 2895">
     <span class='ocr_line' id='line_1_33' title="bbox 178 2611 944 2680; baseline 0.003 -14"><span class='ocrx_word' id='word_1_209' title='bbox 178 2612 427 2668; x_wconf 87' lang='lat' dir='ltr'>Misericordissime</span> <span class='ocrx_word' id='word_1_210' title='bbox 440 2612 530 2668; x_wconf 85' lang='lat' dir='ltr'>Deusl</span> <span class='ocrx_word' id='word_1_211' title='bbox 548 2619 605 2667; x_wconf 89' lang='lat' dir='ltr'>tcto</span> <span class='ocrx_word' id='word_1_212' title='bbox 624 2612 705 2668; x_wconf 88' lang='lat' dir='ltr'>corde</span> <span class='ocrx_word' id='word_1_213' title='bbox 723 2611 843 2668; x_wconf 85' lang='lat' dir='ltr'>detestor</span> <span class='ocrx_word' id='word_1_214' title='bbox 861 2619 944 2680; x_wconf 75' lang='lat' dir='ltr'>atque</span> 
     </span>
     <span class='ocr_line' id='line_1_34' title="bbox 144 2683 945 2752; baseline 0.002 -14"><span class='ocrx_word' id='word_1_215' title='bbox 144 2683 283 2740; x_wconf 86' lang='lat' dir='ltr'>abominor</span> <span class='ocrx_word' id='word_1_216' title='bbox 310 2684 398 2738; x_wconf 91' lang='lat' dir='ltr'>omnia</span> <span class='ocrx_word' id='word_1_217' title='bbox 424 2699 484 2738; x_wconf 86' lang='lat' dir='ltr'>mea</span> <span class='ocrx_word' id='word_1_218' title='bbox 506 2691 630 2752; x_wconf 80' lang='lat' dir='ltr'>peccata3</span> <span class='ocrx_word' id='word_1_219' title='bbox 658 2683 779 2738; x_wconf 75' lang='lat' dir='ltr'>demutor</span> <span class='ocrx_word' id='word_1_220' title='bbox 805 2685 886 2740; x_wconf 89' lang='lat' dir='ltr'>etiam</span> <span class='ocrx_word' id='word_1_221' title='bbox 911 2699 945 2740; x_wconf 85' lang='lat' dir='ltr'>ae</span> 
     </span>
     <span class='ocr_line' id='line_1_35' title="bbox 144 2753 944 2823; baseline 0.005 -15"><span class='ocrx_word' id='word_1_222' title='bbox 144 2753 231 2810; x_wconf 88' lang='lat' dir='ltr'>defleo</span> <span class='ocrx_word' id='word_1_223' title='bbox 250 2755 338 2810; x_wconf 90' lang='lat' dir='ltr'>omnia</span> <span class='ocrx_word' id='word_1_224' title='bbox 355 2761 467 2822; x_wconf 88' lang='lat' dir='ltr'>peccata</span> <span class='ocrx_word' id='word_1_225' title='bbox 480 2755 592 2808; x_wconf 88' lang='lat' dir='ltr'>aliorum</span> <span class='ocrx_word' id='word_1_226' title='bbox 610 2754 644 2810; x_wconf 87' lang='lat' dir='ltr'>ab</span> <span class='ocrx_word' id='word_1_227' title='bbox 662 2755 737 2810; x_wconf 85' lang='lat' dir='ltr'>initio</span> <span class='ocrx_word' id='word_1_228' title='bbox 751 2754 843 2810; x_wconf 89' lang='lat' dir='ltr'>mundi</span> <span class='ocrx_word' id='word_1_229' title='bbox 856 2770 944 2823; x_wconf 85' lang='lat' dir='ltr'>usque</span> 
     </span>
     <span class='ocr_line' id='line_1_36' title="bbox 145 2825 945 2895; baseline 0.004 -16"><span class='ocrx_word' id='word_1_230' title='bbox 145 2825 181 2880; x_wconf 90' lang='lat' dir='ltr'>ad</span> <span class='ocrx_word' id='word_1_231' title='bbox 193 2826 263 2880; x_wconf 89' lang='lat' dir='ltr'>hanc</span> <span class='ocrx_word' id='word_1_232' title='bbox 280 2826 374 2880; x_wconf 87' lang='lat' dir='ltr'>horam</span> <span class='ocrx_word' id='word_1_233' title='bbox 393 2826 541 2895; x_wconf 77' lang='lat' dir='ltr'>commissa,</span> <span class='ocrx_word' id='word_1_234' title='bbox 560 2825 623 2893; x_wconf 83' lang='lat' dir='ltr'>quia</span> <span class='ocrx_word' id='word_1_235' title='bbox 636 2841 788 2895; x_wconf 83' lang='lat' dir='ltr'>supremam</span> <span class='ocrx_word' id='word_1_236' title='bbox 801 2833 875 2882; x_wconf 88' lang='lat' dir='ltr'>tuam</span> <span class='ocrx_word' id='word_1_237' title='bbox 888 2841 945 2882; x_wconf 87' lang='lat' dir='ltr'>ma·</span> 
     </span>
    </p>
   </div>
   <div class='ocr_carea' id='block_1_10' title="bbox 486 3025 499 3059">
    <p class='ocr_par' dir='ltr' id='par_1_13' title="bbox 486 3025 499 3059">
     <span class='ocr_line' id='line_1_37' title="bbox 486 3025 499 3059; baseline 0 0"><span class='ocrx_word' id='word_1_238' title='bbox 486 3025 499 3059; x_wconf 61' lang='lat' dir='ltr'>i</span> 
     </span>
    </p>
   </div>
   <div class='ocr_carea' id='block_1_11' title="bbox 0 0 1059 3226">
    <p class='ocr_par' dir='ltr' id='par_1_14' title="bbox 0 0 1059 3226">
     <span class='ocr_line' id='line_1_38' title="bbox 0 0 1059 3226; baseline 0 0"><span class='ocrx_word' id='word_1_239' title='bbox 0 0 1059 3226; x_wconf 95' lang='lat' dir='ltr'> </span> 
     </span>
    </p>
   </div>
  </div>
 </body>
</html>
