2108 3226
201 199 206 216 ,
276 161 351 202 l’rtrnn
364 161 506 211 prosperatio
519 161 548 202 ad
560 161 659 202 mam.
847 155 875 202 ii

86 273 276 342 etSanguinem
288 274 399 329 Domini
412 273 498 328 nostri
510 273 528 328 J
529 288 577 329 esu
591 272 690 328 Christi
703 272 778 328 iuxta
791 273 873 329 ritum

85 351 180 400 amotae
198 361 326 400 romanae
346 344 483 413 ecclcsiae,
507 343 543 398 ad
559 343 667 399 laudem
685 345 873 412 omnipotentis

85 415 128 470 Dei
139 417 272 484 totiusque
287 417 380 471 curiae
393 415 595 483 triumphantis,
614 414 650 468 ad
663 415 805 469 utilitatem
817 431 873 471 me·

85 501 120 540 am
135 489 269 556 totiusque
288 488 380 542 curiae
404 487 551 556 militantis,
559 487 579 557 ¹)
602 501 654 554 pro
673 485 802 555 omnibus,
827 487 873 555 qui

85 572 109 612 se
125 559 376 614 commendaverunt
401 558 566 612 orationibus
593 557 661 612 meis
682 557 712 611 in
729 571 828 626 genere
847 565 875 613 et

85 628 108 682 in
123 631 222 700 specie,
251 636 280 685 et
297 637 350 699 pro
368 628 440 683 felici
463 635 535 684 statu
559 635 668 684 sanotae
685 642 813 684 romanae
832 642 874 683 eo·

86 699 179 757 dodae.
215 702 313 755 Amen.

115 771 241 827 Gaudium
259 788 321 827 cum
339 785 415 840 pace,
434 769 646 825 emendationem
658 770 740 839 vitae,
758 769 875 839 spatium

86 855 155 896 verae
171 843 365 913 poenitentiae,
386 843 499 911 gratiam
517 849 544 896 et
563 842 772 897 consolationem
791 841 876 895 sancti

86 909 203 984 Spiritum
228 914 461 984 perseverantiam
482 913 511 966 in
537 913 614 968 bonis
632 912 758 980 operibns
775 912 876 967 tribuet

87 985 154 1041 nobis
171 988 342 1056 omnipotens
361 991 389 1039 et
405 984 556 1041 misericors
574 984 712 1040 Dominus.
737 983 833 1039 Amen.

427 1081 526 1096 wwww

86 1147 178 1204 Praxco
195 1149 358 1220 applicandi
377 1148 502 1204 fructum
522 1149 623 1204 ldiaaae
646 1161 698 1226 pro
723 1149 873 1219 petentium

391 1231 566 1288 diversitate.

117 1328 237 1370 Formatam
251 1328 397 1369 Intentlonem
416 1329 521 1370 offerendi
539 1328 671 1368 mendcium
689 1329 818 1378 praeprimis
831 1341 876 1378 qua

87 1390 216 1434 latrsmicurn
229 1398 252 1434 et
267 1393 440 1434 eucharisticum
449 1395 548 1442 seqnitur
556 1394 657 1443 intentio,
672 1396 723 1433 anta
731 1394 822 1434 Missam
830 1395 875 1434 for·

89 1458 164 1508 moda,
183 1459 312 1509 applicandi
325 1457 420 1498 fructum
433 1459 530 1499 eiusdem
549 1471 590 1510 pro
607 1461 727 1510 potantium
740 1459 875 1506 diversitate.

121 1539 142 1590 l.
165 1537 198 1592 Si
213 1538 308 1592 Missa
321 1541 434 1604 pecator
454 1538 485 1592 in
502 1537 589 1592 colore
612 1537 668 1591 clio
686 1553 768 1605 praem
784 1539 876 1606 cipro:

90 1603 205 1663 Fructum
219 1607 354 1677 sacrificii,
373 1606 511 1675 quodiam
525 1609 661 1664 celebrare
674 1607 792 1676 intendo,
811 1607 875 1662 (ior-

92 1689 135 1744 pus
150 1687 176 1735 et
196 1680 363 1748 Sanguinem
381 1680 415 1734 D.
433 1679 468 1738 N.
486 1680 512 1735 J.
532 1680 594 1734 Chr.
614 1677 804 1747 consecrando,
829 1694 876 1747 ap·

91 1747 151 1814 plico
167 1750 296 1820 primario
315 1756 343 1805 et
354 1751 536 1820 principaliter
553 1750 592 1805 ad
601 1749 776 1805 intentionem
789 1748 876 1806 dantis

92 1817 290 1892 eleemosynam,
318 1821 402 1875 atilli
419 1822 463 1876 vel
479 1823 546 1892 illis,
575 1822 618 1877 cui
635 1821 679 1874 vel
697 1821 792 1889 quibus
810 1821 876 1878 dans

92 1888 276 1962 eleemosynam
295 1890 410 1947 eundem
427 1892 542 1948 fruetm
560 1892 689 1962 applicari
706 1893 828 1948 voluerit.

121 1965 144 2019 2.
160 1963 192 2018 Si
204 1965 297 2018 Messa
310 1969 424 2032 petctrcr
436 1980 491 2033 pro
509 1965 642 2033 defrmcto,
660 1963 702 2018 vel
708 1979 763 2032 pro
780 1963 876 2032 ddun-

92 2033 146 2087 ctu:
161 2035 289 2090 Fructum
309 2033 440 2104 sacrificii,
458 2034 596 2103 quodiam
609 2035 745 2089 celebrere
759 2034 876 2103 intendo,

93 2103 205 2166 primario
219 2114 248 2161 et
263 2106 449 2174 principaliter
464 2107 570 2175 applico
582 2105 618 2160 ad
630 2106 803 2160 intentionem
813 2106 878 2160 dan·

93 2171 346 2246 mnemosynem,
374 2185 403 2232 et
424 2177 463 2232 illi
486 2178 531 2231 vel
552 2177 605 2232 illis
624 2176 748 2232 defuncto
770 2178 814 2231 vel
832 2176 878 2231 de·

94 2239 186 2316 functa
204 2249 248 2303 cui
261 2249 308 2304 vel
321 2248 417 2316 quibus
429 2247 545 2304 fructum
563 2248 643 2304 huius
656 2247 778 2304 sacrificii
793 2248 879 2316 appli-

96 2317 141 2370 cui
156 2319 239 2374 voluit
264 2318 332 2374 dans
351 2321 555 2388 eleemosynam.
587 2319 665 2387 Quod
682 2320 706 2374 si
722 2320 767 2374 ille
786 2319 879 2374 defun-

95 2389 143 2442 ctas
159 2401 212 2444 non
229 2390 363 2460 indigeat,
395 2391 438 2445 vel
462 2391 502 2445 illi
520 2389 637 2445 defimcti
663 2406 718 2444 non
734 2389 879 2458 indigeant,

97 2453 289 2538 adulteriorem
306 2461 481 2517 intentionem
506 2461 594 2516 dantis
619 2463 815 2530 eleemosynam
833 2477 879 2528 ap-

97 2525 168 2604 phem
191 2539 218 2586 et
234 2533 285 2588 tali
301 2533 429 2587 ulteriore
446 2533 593 2587 intentione
616 2549 671 2588 non
687 2531 810 2601 formata,
834 2531 879 2586 vel

95 2593 133 2652 ills
153 2600 238 2656 locum
262 2619 318 2659 non
341 2604 471 2673 habente,
499 2603 671 2659 conformiter
686 2609 875 2673 praesumptae

97 2685 257 2772 Har—tutis
273 2729 378 2769 formulis
396 2727 461 2768 huius
475 2728 585 2769 Orationis
598 2728 634 2768 hle
650 2729 735 2768 ineerta
748 2728 799 2766 sunt
813 2727 880 2765 verba

140 2782 318 2876 ῗοξαῑῶπέὲιῆιάς
343 2781 366 2825 P.
385 2782 470 2822 Manrel
488 2783 511 2822 in
534 2781 662 2822 collectione
679 2781 780 2820 Romana
804 2779 880 2817 eadem
