2106 3228
238 275 347 315 Materiae
361 273 517 314 nonnullarum
530 273 703 317 meditationum
846 271 872 314 41

92 369 113 424 si
128 387 186 442 crgo
200 375 252 429 hoc
265 375 352 431 solum
365 375 497 430 habemus
509 376 537 428 in
549 377 686 445 praesenti
704 377 811 432 saeculo
824 377 872 432 bo-

90 459 148 512 num,
162 447 182 500 si
194 462 336 502 vescamur
346 461 429 500 carne
441 447 554 517 Domini,
568 463 601 501 cx
613 448 665 502 hoc
678 447 756 515 digne
766 457 872 516 sumpto

89 513 235 572 iuvenesces.
270 519 405 586 Aestima,
430 517 518 586 lunda,
545 535 612 586 ama,
633 519 744 586 anhela3
763 527 791 574 et
808 535 872 587 quo·

89 585 130 640 ties
146 588 253 658 accedis,
273 589 377 657 aliquid
395 590 495 644 veteris
511 590 626 645 hominis
645 589 759 658 depone.

116 658 158 712 ΙΙΙ.
189 661 336 730 Eccrpcns
367 661 465 715 Morio
496 661 564 714 obiit
590 663 622 716 tc
652 666 784 714 mon-tono
814 677 874 716 cum

87 727 252 791 festinatione.
272 733 349 800 (Luc.
368 734 404 800 1.)
423 731 542 787 Effectus
555 733 599 786 hic
612 732 664 786 fuit
677 732 800 800 concepti
813 731 874 789 Dei.

88 796 137 864 Quo
153 802 218 856 enim
231 803 285 856 iam
298 804 361 858 Deo
374 804 463 871 plena,
482 804 520 857 ait
539 803 566 857 S.
580 803 749 871 Ambrosius,
768 803 820 857 nisi
839 801 874 856 ad

88 874 211 936 superiora
224 890 284 929 cum
295 874 470 929 festinatione
484 875 677 929 contenderet?
695 874 818 928 Eundem
830 889 873 928 ac-

92 940 149 1008 cipis
164 945 190 997 in
207 945 390 1014 Eucharistia,
410 961 489 1012 quem
505 947 588 1014 Virgo
607 946 736 1014 concepit.
754 944 829 1000 Idem
846 945 875 998 in

91 1017 120 1079 tc,
136 1015 183 1069 nisi
200 1023 229 1070 tu
244 1017 371 1085 obsistas,
391 1016 554 1086 operabitur,
572 1023 603 1071 ut
612 1017 722 1071 ardente
735 1018 874 1071 voluntate

87 1082 115 1135 ad
138 1086 217 1140 arduo
240 1089 373 1142 virtutum
392 1087 551 1156 contendas,
578 1095 658 1156 atque
684 1087 752 1143 adeo
776 1103 874 1157 magna

86 1151 240 1212 testinatione
260 1159 296 1214 ad
313 1159 419 1226 apicem
436 1159 609 1227 perfectionis
627 1161 777 1228 pervenias.

115 1241 227 1290 cnopercro
236 1245 258 1283 id
267 1244 408 1284 desideranti
417 1245 470 1292 Deo,
485 1255 512 1284 ne
526 1247 549 1284 ta
559 1254 645 1293 semper
655 1254 694 1293 per
708 1251 771 1284 tuum
779 1245 872 1294 iungun-

86 1311 124 1342 rsm
135 1307 156 1344 in
169 1308 212 1347 imo
225 1311 331 1358 reportat.
359 1309 462 1348 Elevabit
474 1311 497 1349 te
510 1311 577 1358 Deus,
591 1311 685 1350 sednon
699 1311 746 1349 sine
759 1314 788 1353 tc.

87 1408 127 1461 ³9.
144 1412 324 1466 meditatio:
348 1411 392 1466 De
406 1412 540 1478 effectrices
548 1411 598 1467 SS.
607 1411 808 1466 Duodecimus
818 1410 873 1481 (11.)

131 1506 167 1550 Qus
180 1509 291 1548 manducat
305 1509 360 1548 hamc
370 1519 455 1558 punem,
470 1509 523 1548 vicet
536 1510 559 1548 iro
572 1511 681 1550 aetenum.
704 1507 778 1556 (doun.
791 1505 820 1558 6.)

120 1583 139 1636 1.
155 1585 255 1640 Panem
274 1587 443 1656 Anpclmrcm
460 1587 635 1640 manducauit
651 1586 738 1640 hocne.
758 1586 874 1656 (Puta.)

92 1650 182 1710 Dicitur
191 1657 237 1710 SS.
250 1658 425 1712 Eucharistia
433 1659 519 1726 panis
534 1658 705 1728 Anpelorum,
722 1672 784 1725 non,
804 1657 877 1723 quod

95 1723 177 1793 Angeli
196 1729 291 1783 ecdem
306 1729 413 1783 Christo
434 1729 507 1782 beuti
519 1728 649 1797 fruantur,
669 1727 793 1794 quodque
808 1727 875 1782 adeo

95 1809 121 1847 ea
133 1797 477 1869 (Eucharistia)vescantr1r,
491 1799 539 1854 sed
553 1799 624 1867 quod
633 1800 755 1853 hominen
769 1813 873 1852 sumen-

92 1869 126 1919 tes
136 1871 203 1924 velut
210 1871 333 1940 Angelos
347 1870 451 1927 efficiat.
464 1872 506 1924 lta
515 1872 595 1938 Hugo
605 1870 684 1924 Card.
698 1870 736 1936 (in
750 1869 814 1938 Cap.
830 1873 872 1924 31.

92 1933 168 2009 Prov.)
185 1941 276 1996 Datus
294 1949 334 1996 cst
351 1942 510 2009 hominibus,
527 1947 559 1996 ut
575 1942 644 2008 fiant
661 1941 766 2010 Aopcli.
796 1941 873 2008 Quae

93 2011 131 2062 tua
142 2017 180 2065 est
194 2013 318 2081 felicitas,
338 2016 361 2068 si
378 2012 429 2067 fias
447 2014 521 2066 velut
539 2014 659 2081 corporis
678 2027 782 2080 expers,
801 2019 874 2066 totus

94 2080 229 2153 pinsentis,
242 2085 422 2139 tentationum
431 2085 563 2153 immunis,
577 2083 773 2151 apassionibus
785 2083 873 2137 liber?

93 2146 157 2206 Certe
174 2155 327 2211 sinendum
344 2155 431 2208 faetus
450 2171 479 2209 es
497 2156 567 2222 telis,
585 2162 615 2208 tu
632 2155 802 2222 impedivisti.
836 2154 874 2208 Et

94 2233 149 2284 quac
164 2225 229 2280 haec
251 2236 301 2281 tna
313 2228 427 2294 insania,
445 2225 614 2294 campensis,
631 2226 702 2279 nolle
721 2225 757 2279 ad
774 2225 874 2292 angeli·

95 2304 141 2345 can
156 2293 345 2362 perfectionem
363 2299 525 2364 pervenire?

121 2363 149 2418 Il.
176 2367 310 2437 Qttotptcot
328 2373 419 2422 actem
429 2373 584 2436 receperunt
595 2383 662 2435 com,
682 2367 757 2422 dedit
773 2368 812 2420 cis
824 2380 875 2434 po·

94 2433 201 2505 wion,
218 2441 290 2504 filios
305 2440 362 2493 Dei
374 2440 443 2505 ficri.
463 2439 549 2507 (Joam.
561 2439 595 2507 1.)
613 2438 733 2492 Effectus
750 2437 799 2492 SS.
819 2437 875 2491 Eu·

96 2501 219 2563 ehnsdac
239 2519 295 2578 est,
325 2518 356 2564 ut
373 2518 402 2564 te
419 2509 501 2564 faciat
517 2509 600 2563 filium
617 2510 684 2578 Dei,
710 2525 765 2563 non
782 2509 875 2575 utique

95 2580 231 2652 tamdem,
251 2581 301 2636 sed
320 2581 488 2650 adoptivum3
508 2597 560 2648 quo
578 2579 616 2647 iit,
645 2588 676 2634 ut
694 2580 772 2634 simul
790 2581 875 2633 intres

95 2657 116 2696 11¹
128 2647 165 2703 ins
181 2651 351 2707 hereditatis:
370 2655 396 2706 sc'
413 2654 483 2705 enim
499 2653 552 2718 sitii
568 2653 624 2705 Dei
640 2653 740 2719 comos,
759 2655 784 2704 ut
800 2649 873 2703 herc·

97 2712 139 2770 des.
148 2720 229 2785 (Rom.
238 2726 273 2794 8.)
293 2724 315 2777 0
328 2723 423 2777 miram
434 2723 625 2791 dignationemi
639 2721 779 2790 Expende,
795 2735 874 2788 quem

96 2795 182 2850 penem
198 2795 313 2850 habeas!
334 2810 415 2862 quem
424 2793 549 2848 flatreml
569 2810 622 2862 quo
642 2793 747 2860 affectu,
766 2807 820 2857 qua
832 2804 875 2844 re·

96 2865 199 2917 *nonna
218 2873 244 2920 et
260 2866 360 2921 fiducia
376 2866 406 2919 in
425 2881 485 2919 eum
502 2865 567 2919 ferri
586 2865 700 2918 debeas!
728 2861 778 2916 sed
796 2875 876 2926 quarn

98 2923 196 2998 degemr
212 2936 294 2993 tueris
312 2939 445 2992 hactenus
463 2935 533 2992 filius
552 2941 581 2990 et
596 2934 697 2988 frater!
733 2931 831 2984 Nonne
848 2935 876 2980 te
