2106 3228
407 179 479 221 Indsu
492 179 596 228 eapItum.
846 232 864 272 P

197 286 225 344 3.
244 283 319 339 Ordo
328 283 828 340 errandusinbituuiarummaiorutn
865 243 900 284 κ’

245 356 432 424 processione,
451 370 520 422 qnae
535 353 606 410 festo
621 355 648 409 S.
659 355 746 410 Marci
760 355 828 410 oela-

246 427 342 480 bratur
360 465 826 483 ...........
846 428 898 482 687

275 497 400 551 Litauiae
419 496 452 550 de
472 497 594 552 omnibus
613 496 718 552 Sanctis
845 500 897 554 669

202 569 230 622 4.
249 565 292 621 De
300 565 475 636 processione
481 566 585 623 infesto
593 567 720 636 Corporis
729 566 828 623 Christi
845 570 897 624 695

113 641 139 710 7)
156 638 201 694 De
214 637 296 693 modo
310 637 392 693 dandi
408 638 620 694 benedictionem
642 655 702 694 curn
717 638 766 696 SS
780 638 827 694 Sa·

186 716 323 764 eramento
363 749 827 766 ...........
846 710 897 782 698

114 782 141 852 8)
158 781 241 835 De'
223 797 271 848 us,
295 794 365 848 quae
384 781 522 835 observari
541 779 663 836 debent
655 797 684 834 ιιι
690 781 827 864 precibus

186 852 238 906 XL
256 852 392 920 horarum,
411 851 476 906 XIII
490 851 625 922 horarum,
644 859 671 906 et
688 852 716 906 in
731 851 826 908 adora·

187 892 599 1049 ”retardans
636 963 644 1049 :
681 963 690 1050 1
727 963 735 1050 :
772 964 780 1050 :
817 923 897 1050 :tit

208 1067 234 1119 2.
252 1064 351 1120 Preces
369 1065 552 1132 praescriptae
591 1104 826 1123 ......
844 1065 898 1118 714

115 1135 144 1206 9)
162 1135 206 1189 De
224 1134 391 1190 celebrandis
409 1136 564 1203 patrociniis
591 1175 599 1190 .
636 1175 644 1192 .
682 1165 726 1191 .·
727 1175 735 1191 .
772 1177 780 1192 .
818 1138 897 1208 ,719

99 1207 144 1276 10)
162 1207 206 1261 De
230 1206 363 1289 aliquibus
389 1206 630 1274 praestantioribus
656 1206 740 1262 sacris
767 1206 827 1262 fun·

190 1277 342 1333 ctionibns
334 1293 363 1330 ιιι
375 1278 522 1332 minoribus
536 1277 654 1374 ecclesiis
667 1277 826 1346 parochiali-

188 1348 241 1402 bus
257 1347 418 1417 peragendis
455 1388 824 1404 .........
844 1349 897 1402 724

148 1420 171 1474 I.
190 1419 264 1473 De''
246 1435 288 1488 ns,
306 1434 377 1487 quaa
390 1418 559 1473 observanda
571 1427 634 1476 sunt
648 1419 677 1472 in
688 1418 758 1474 festo
772 1420 825 1475 Pu·

189 1460 394 1545 rificationisB.
413 1489 450 1544 M
469 1488 552 1546 V.
816 1490 896 1546 ,726

134 1563 170 1617 II.
188 1561 263 1615 De'
245 1577 287 1630 ns,
302 1575 371 1629 quae
385 1531 553 1616 observanda
568 1530 706 1616 suntieria
721 1559 768 1616 IV
783 1560 825 1617 ci-

187 1647 284 1686 nerum
318 1671 825 1688 ............
845 1632 896 1685 731

122 1703 171 1758 ΠΙ.
189 1703 269 1757 De''
250 1719 299 1771 us,
324 1717 394 1771 qnae
417 1701 585 1758 observanda
608 1709 671 1758 sunt
687 1702 828 1758 Dominica

188 1774 342 1828 Palmarum
364 1813 826 1830 ...........
845 1774 898 1827 734

120 1846 169 1904 IV.
186 1845 231 1900 Da
248 1847 290 1915 iis,
308 1860 378 1912 quae
397 1844 565 1900 observanda
584 1853 647 1900 sunt
665 1843 734 1899 feria
747 1843 780 1899 V.
798 1844 826 1898 iu

188 1917 282 1972 Coena
297 1916 407 1971 Domini
455 1953 825 1973 .........
845 1916 896 1969 739

131 1988 167 2044 V.
184 1988 230 2041 De
243 1988 286 2055 iis,
303 2002 374 2056 quae
394 1985 563 2042 observanda
582 1991 644 2042 sunt
656 1985 725 2041 feria
738 1987 785 2042 VI.
798 1987 826 2040 in

187 2059 340 2115 Parasoeve
365 2097 825 2114 ............
844 2057 897 2112 745

120 2129 168 2189 VI.
186 2128 725 2198 Deiisqnacobservandasuntsabbato
732 2135 826 2184 sancto
844 2129 897 2181 754

100 2203 144 2270 11)
161 2200 238 2256 Ordo
250 2200 285 2255 ad
297 2199 480 2268 recipiendum
495 2201 730 2269 processionaliter
744 2201 825 2254 Prae·

186 2273 272 2327 latum
288 2273 333 2327 vel
350 2271 483 2339 Legatum
543 2311 551 2326 .
589 2311 597 2326 .
624 2323 629 2328 .
634 2311 824 2328 .....
844 2271 896 2324 763

98 2343 142 2414 12)
160 2342 235 2398 Ordo
254 2342 289 2397 ad
305 2340 455 2398 visitamus
472 2341 613 2411 parochias
631 2381 822 2398 .....
843 2342 896 2395 767

98 2416 131 2468 13
158 2414 424 2470 Desuccranento
439 2411 823 2468 confirmationisconferendo
843 2414 895 2468 772

97 2487 131 2539 14
159 2485 303 2542 Orationes
321 2483 455 2554 quaedam
472 2484 595 2552 publicae
634 2523 824 2540 .....
844 2484 897 2536 777

169 2561 195 2614 1.
212 2557 352 2613 Invocatio
371 2554 457 2611 sancti
475 2554 590 2623 Spiritus
633 2593 824 2612 .....
844 2555 896 2607 777

167 2624 631 2687 2.0ratiodeven.Sacra1nento
678 2666 686 2682 .
725 2665 733 2680 .
770 2665 778 2681 .
816 2626 896 2680 ,777

165 2703 192 2756 3.
209 2700 335 2770 Hymnus
355 2699 393 2752 Te
409 2697 500 2752 Deum
542 2713 569 2752 .·
588 2735 824 2753 ......
844 2697 896 2764 777

165 2774 192 2826 4.
209 2772 253 2828 De
270 2772 304 2828 Β.
322 2769 362 2828 Μ.
380 2768 406 2823 V
407 2805 825 2825 ..........
844 2767 897 2820 777

165 2845 192 2898 b.
209 2841 305 2899 Oratio
323 2847 388 2910 post
405 2839 505 2898 Psabn
522 2837 729 2910 poenitentiales
771 2875 780 2890 .
818 2835 898 2889 ,777
