2152 3234
179 149 221 192 528
355 153 388 192 lia
402 152 593 193 sacramentorum
605 152 802 194 ministratione.

179 257 271 325 sponsi
288 257 342 312 sint
359 254 408 310 filii
426 264 473 312 aut
490 255 560 310 filine
577 255 701 324 familias,
719 260 767 309 aut
784 253 911 322 minores,
930 268 981 323 pa-

178 328 276 384 rochus
295 326 425 396 exploret,
444 343 479 382 au
496 326 530 381 de
549 343 680 382 consensu
697 332 847 396 parentum,
869 326 915 380 vel
933 341 981 380 eo·

178 415 246 468 rum,
265 399 311 467 qui
328 406 470 468 parentum
486 399 574 453 locum
592 404 692 466 tenent,
718 397 854 466 sponsalia
872 403 981 452 contru-

178 471 274 525 xerint.
308 470 334 528 d.
352 471 396 524 An
409 475 533 539 separate
548 471 639 524 vivant
651 476 707 522 tam
720 468 772 537 die,
791 483 872 534 quum
884 475 982 537 noete;

102 580 105 586 .
178 542 223 596 vel
241 541 264 596 si
282 543 356 610 prius
381 541 430 596 sub
456 540 550 596 eodem
574 548 645 595 teoto
664 539 859 606 habitaverint,
890 555 926 593 nn
946 554 982 593 ex

179 619 300 681 tempore
319 611 482 681 sponsalium
500 612 619 680 separati
636 611 743 668 fuerint.
771 609 836 680 (Cir.
850 610 982 666 Lamber-

179 684 229 738 tini
246 685 386 738 Institutio
404 687 449 738 80.
486 683 567 740 (lonc.
586 683 705 737 Trideut.
724 681 793 736 uest
811 685 856 735 24.
875 697 935 750 cap.
957 686 983 748 1,

179 755 214 810 de
230 756 280 822 ref.
295 751 430 822 Matrica.)
468 769 491 808 e.
510 755 553 808 An
571 754 624 810 sint
638 753 762 808 catholici
781 760 809 807 et
825 751 921 816 infide
936 768 982 807 ca·

179 826 279 880 thelica
297 825 456 881 sufficienter
473 826 604 883 instructi.
613 826 633 894 1)
662 825 682 881 f.
701 824 803 892 Quibus
821 823 850 876 in
866 824 933 879 locis
954 831 983 878 et

180 897 306 965 quamdiu
322 897 351 950 in
369 897 479 966 singulis
496 897 563 952 locis
581 896 679 951 ultimis
698 895 773 950 aunis
792 893 925 964 degerint.

374 995 399 1049 3.
426 993 471 1046 De
483 992 784 1062 procumauoutusst)

216 1073 443 1130 Proclamstiones
465 1075 524 1143 (seu
541 1075 639 1145 banna)
664 1081 727 1130 sunt
750 1075 982 1144 promulgationes

179 1144 302 1214 publicae
311 1144 475 1200 Matrimonii
493 1161 510 1200 a
528 1149 633 1214 sponsis
650 1146 767 1216 ineundi,
786 1146 873 1201 factae
888 1162 981 1202 coram

179 1215 273 1285 populi
290 1213 442 1282 frequentia
459 1231 520 1270 cum
540 1220 569 1271 in
585 1216 680 1286 finem,
708 1225 739 1272 ut
756 1217 779 1272 si
798 1218 857 1284 quis
876 1233 911 1272 ex
928 1233 979 1287 po·

178 1287 243 1356 pulo
262 1285 369 1356 aliquod
386 1287 603 1355 impedimentum
620 1290 691 1344 inter
708 1289 866 1344 contrahere
885 1289 978 1343 volen-

179 1366 221 1413 tes
238 1351 338 1428 no'sset,
362 1358 428 1412 illud
445 1375 524 1426 quam
542 1360 656 1428 primum
675 1359 709 1414 ad
725 1359 914 1429 praecavenda
930 1376 979 1415 va·

178 1429 221 1483 ria
237 1429 309 1483 mala
326 1429 360 1484 ud
378 1430 525 1499 parochum
543 1429 659 1500 deierut3
686 1447 790 1486 necnon
813 1437 844 1486 ut
861 1431 980 1501 populns

180 1499 216 1554 ad
233 1516 377 1570 supernam
395 1500 606 1557 benedictionem
630 1501 726 1558 tuturis
745 1503 903 1571 coniugibus
921 1503 979 1559 suis
1058 1517 1059 1587 p

179 1572 305 1641 precibus
327 1572 521 1640 impetrandam
545 1574 683 1628 excitetur.
722 1574 833 1628 Maximi
850 1575 981 1629 momenti

180 1651 230 1713 est,
248 1644 333 1713 probe
351 1643 584 1769 inwlldtelfcfflufl
602 1644 713 1700 Consilii
727 1645 801 1699 Trid.
815 1645 925 1702 Decret.
944 1645 978 1700 de
1057 1695 1058 1698 ,

178 1715 286 1770 reform.
305 1715 457 1771 Matrimon.
532 1719 556 1770 3.
576 1722 777 1785 „antequam
794 1718 977 1771 matrimo-

179 1788 270 1841 nium
286 1787 528 1856 contrahetur,
542 1785 628 1857 ter-³)
644 1788 817 1856 aproprio
832 1795 978 1842 contra·
1057 1777 1058 1801 ¹

179 1857 336 1912 bantium
348 1858 502 1926 parocho
517 1859 693 1914 continuis
707 1858 828 1913 diebus
841 1858 979 1928 festius)

178 1928 213 1981 in
240 1929 394 1984 eeclesia
427 1923 522 1984 ibtra
554 1929 770 2000 Missurum)
808 1930 980 1986 solemnia

178 1999 323 2067 publice
350 1999 592 2069 denuntietur,
623 2001 719 2056 inter
747 2001 980 2070 quosMatri·

178 2070 329 2124 monium
355 2071 403 2126 sit
431 2071 727 2130 contrahendum.“
1051 2033 1056 2233 4

194 2234 215 2287 ¹)
230 2237 262 2276 lie
280 2236 323 2276 boc
340 2238 422 2286 puncto
440 2247 531 2278 examen
549 2237 615 2278 simul
633 2248 683 2278 enm
700 2240 793 2286 utraque
814 2240 878 2288 parte
891 2237 979 2279 institui

232 2303 318 2352 potest;
333 2303 352 2342 si
365 2313 418 2342 vero
428 2304 515 2345 aliunde
525 2307 619 2353 constet,
634 2314 726 2354 sponsos
736 2304 791 2344 eatis
799 2305 920 2346 instructos
930 2317 979 2346 esso

231 2368 254 2408 tn
268 2368 369 2407 doctrina
383 2369 511 2419 christiana,
526 2380 617 2412 namen
626 2371 703 2410 deboc
717 2373 799 2420 puncto
814 2373 887 2422 potent
901 2373 979 2413 iisdem

232 2434 359 2478 condonari.

193 2496 216 2551 Ι)
230 2499 273 2543 err.
287 2500 369 2543 munet.
382 2500 515 2541 Pastoralbi.
529 2512 549 2541 a.
565 2499 624 2544 1870.
639 2513 660 2543 ιι.
675 2499 694 2547 i.
708 2499 728 2543 8.
742 2500 762 2546 9.
777 2500 809 2543 lt.

191 2563 214 2617 8)
228 2565 271 2610 (tir,
285 2564 436 2609 Nordnmariiu
451 2566 580 2610 Paetoraibi.
598 2577 620 2607 a.
633 2568 679 2609 111.
693 2579 752 2608 num.
767 2563 788 2608 b.

191 2628 215 2682 ι)
229 2630 278 2670 lion
291 2639 343 2668 vero
357 2630 434 2670 diebus
447 2631 510 2671 isatis
524 2631 645 2681 abrogatis.
670 2631 702 2684 (8.
717 2633 738 2674 tl.
753 2633 775 2673 0.
790 2632 862 2685 1828.)

190 2694 213 2747 ὓ)
228 2695 414 2736 Pmclnmationes
428 2697 571 2746 quandoque,
585 2698 644 2738 iusta
658 2700 773 2740 tumens:
788 2709 868 2748 esua,
888 2711 939 2742 enm
950 2701 977 2742 li-

231 2759 304 2799 centta
317 2759 420 2810 llpiswpi
433 2761 481 2801 bert
499 2765 590 2811 possunt
603 2763 661 2830 inter
679 2764 787 2806 solemnes
800 2763 918 2815 vespera.
946 2766 977 2818 (ἃ

232 2825 253 2870 0.
267 2825 290 2866 0.
304 2824 340 2866 25.
356 2826 399 2868 Oct.
414 2825 486 2876 retu.)
