2146 3234
215 185 218 196 ¹
312 157 429 222 ¹Modus
443 182 532 222 iuvandi
546 183 670 224 morientes.
803 205 806 214 .
869 183 910 227 6⁴¹1*

111 283 163 339 sibi
181 281 296 338 salutem
314 285 582 353 corporispraestare
596 285 756 356 dignabitur,
774 297 909 358 proponat

110 354 144 409 de
169 361 259 408 cetero
284 371 334 422 pro
358 356 460 411 viribus
485 358 541 412 suis
568 373 585 412 a
608 358 726 426 peccatis
751 375 855 429 cavere,
881 369 909 417 et

109 426 167 480 eius
185 425 311 480 mandata
329 441 446 482 servare.

144 499 171 550 4.
189 497 323 551 Horteter
336 504 485 565 praeterea,
508 493 596 552 ut'eo
619 499 706 565 modo,
735 515 787 567 quo
809 506 906 568 potest,

109 568 203 624 satam
221 584 254 621 ccc
272 569 352 622 corde
369 571 410 622 e'to
422 586 475 637 per
492 570 636 623 intervalla
649 575 789 638 precetur:

146 639 276 694 Miserere
290 641 350 709 mei,
365 641 447 709 Deus,
465 639 609 695 secundum
622 657 745 710 magnam
759 640 907 696 misericor·

112 709 183 764 diam
194 718 276 764 tuam.
299 741 327 750 -
353 712 384 765 In
397 718 433 782 te,
451 712 573 781 Domine,
593 713 708 780 speravi,
726 728 780 766 non
799 711 907 766 confun-

99 781 160 835 ‘dar
176 783 205 835 in
223 789 367 845 aeternum.
389 812 422 822 -
441 784 473 836 In
490 799 583 838 manus
603 791 671 852 tuas,
697 783 820 852 Domine,
839 798 908 836 com-

111 852 207 907 mendo
227 853 349 920 spiritum
362 869 458 922 meum,
478 854 613 910 redemisti
627 870 678 924 mc,
696 855 818 923 Domine,
832 854 907 910 Deus

110 924 239 978 veritatis.
273 955 306 963 -
338 925 422 994 Deus,
447 927 474 978 in
499 925 660 980 adiutorium
685 942 773 980 meum
790 924 907 995 intende,

109 994 232 1064 Domine,
251 994 286 1049 ad
304 995 482 1050 adiuvandum
498 997 540 1050 me
557 996 663 1052 festina.
689 1027 722 1036 —
748 999 816 1052 Esto
834 997 907 1066 mihi,

109 1066 232 1135 Domine,
249 1067 278 1119 in
294 1067 382 1121 Deum
400 1075 587 1136 protectorem.
611 1100 645 1109 —
663 1068 746 1137 Deus,
774 1069 907 1137 propitius

109 1144 168 1192 esto
196 1137 261 1190 mihi
285 1139 427 1204 peccatori.
454 1167 488 1178 ·-
515 1139 675 1194 Dulcissimo
702 1140 816 1194 Domine
840 1140 908 1194 Jesu

111 1208 224 1276 Christe,
248 1223 298 1275 per
322 1209 448 1262 virtutem
473 1211 654 1264 sanctissimae
679 1211 816 1266 Passionis
844 1219 907 1266 tuae
975 1217 978 1222 '

109 1280 199 1346 recipe
218 1293 262 1332 me
283 1282 311 1331 in
335 1295 473 1332 numerum
497 1280 641 1334 electorum
666 1288 779 1336 tuorum.
799 1311 833 1322 -
851 1282 907 1337 Do·

109 1351 181 1404 mine
199 1350 265 1402 Jesu
284 1349 397 1418 Christe,
416 1350 521 1417 suscipe
540 1352 662 1418 spiritum
679 1367 775 1409 meum.
794 1383 828 1392 —
847 1353 906 1407 Ma·

108 1421 158 1488 ria,
177 1427 263 1478 mater
280 1421 391 1488 gratiae,
416 1427 502 1474 mater
525 1421 731 1490 misericordiae,
756 1430 786 1476 tu
804 1439 853 1478 nos
873 1424 906 1478 ab

111 1491 190 1544 hoste
214 1496 334 1558 protege,
359 1498 386 1545 et
413 1491 481 1544 hora
504 1493 597 1546 mortis
622 1492 737 1560 suscipe,
757 1523 790 1532 -
810 1493 907 1550 Sancte

109 1560 213 1628 Angele
237 1560 297 1630 Dei,
321 1561 386 1614 mihi
410 1568 499 1616 custos
525 1563 628 1616 assiste.
649 1591 682 1602 -
702 1563 799 1618 Omnes
824 1565 909 1618 sancti

109 1631 215 1699 Angeli,
235 1638 262 1685 et
280 1647 372 1686 omnes
387 1632 477 1686 Sancti
489 1633 646 1688 intercedite
663 1650 713 1702 pro
732 1648 782 1702 me,
802 1635 907 1688 etmihi

109 1701 264 1758 succurrite.

122 1775 172 1830 ’5.
190 1774 269 1827 Haec
295 1779 320 1828 ct
336 1774 380 1828 his
396 1775 497 1828 similia
515 1776 617 1843 poterit
636 1774 760 1843 prudens
783 1773 909 1829 sacerdos

59 1857 62 1864 ⁴
109 1845 220 1914 culpare*
226 1844 245 1913 ¹)
273 1845 314 1898 oet
333 1846 417 1899 totino
435 1861 562 1913 sermone,
583 1861 638 1914 pro
657 1861 792 1914 personae
816 1851 906 1914 captu,

108 1917 235 1971 comtentt'
251 1931 400 1986 eapperere.

124 2058 147 2111 ι)
163 2060 247 2098 Poterit
261 2061 327 2098 eiiam
341 2058 402 2098 hisce
415 2058 448 2098 uti
461 2043 574 2120 precibus:

144 2130 192 2200 8⁰3
213 2129 302 2200 pionte
321 2143 354 2183 aa
373 2127 442 2198 mint,
462 2143 475 2182 o
493 2127 560 2184 meio
574 2127 650 2185 enter
669 2129 716 2200 {im
733 2127 908 2199 prostrates,
953 2129 956 2136 '

108 2207 165 2256 toas
175 2201 222 2256 Du
236 2199 396 2270 profitebere
414 2201 470 2268 ipsit,
489 2202 541 2254 unt
556 2201 624 2270 oure
635 2201 717 2255 Deire
730 2200 814 2269 ipsiiipe
827 2200 908 2271 iiirrtpe

108 2285 141 2340 311
159 2271 265 2342 glauben
283 2271 402 2340 ootsseilft,
428 2271 484 2325 torti
502 2271 549 2325 Du
568 2270 604 2325 tie
622 2271 762 2339 uoiepibare
780 2271 908 2340 Deserat

109 2341 161 2412 hii.
198 2344 241 2411 {iu
265 2342 349 2409 histem
374 2341 476 2410 teiiipen
502 2342 618 2398 etentes
644 2343 695 2396 toiII
719 2343 751 2412 ii)
769 2342 839 2398 leben
856 2347 907 2398 unt

107 2414 209 2481 sterben.
228 2443 262 2452 -
281 2413 328 2483 δώ
347 2413 408 2481 huffe
428 2414 469 2478 oei
488 2413 558 2482 Dim,
580 2413 637 2468 rosit
655 2415 701 2469 Do
719 2413 844 2482 urreubtiot
863 2419 907 2484 pie

108 2484 153 2553 τίς,
171 2484 320 2566 tacuissetis
333 2487 390 2566 ¹emb
408 2491 490 2552 petrea
509 2483 560 2552 tte.
584 2484 631 2554 &dp
650 2485 711 2567 tutte
728 2488 779 2540 uob
798 2492 908 2540 tretecus

110 2554 477 2707 stetissetis
494 2555 591 2708 eeu
606 2556 907 2708 ,strictitate

109 2696 204 2764 stoeben
222 2697 274 2765 uf.
299 2726 333 2735 —
359 2697 406 2766 {int
430 2696 490 2751 uene
509 2697 578 2765 Dici,
608 2698 663 2753 meri
682 2699 728 2753 Du
753 2700 799 2752 tot
823 2698 908 2765 tricipite

109 2765 167 2824 eut
184 2766 227 2836 bip
245 2796 278 2806 —
298 2768 344 2838 ott,
365 2769 429 2836 [aitte
449 2768 481 2893 ir?
500 2767 561 2838 Diei
588 2770 639 2838 bod)
665 2769 751 2838 prlicit
776 2767 822 2822 aiis
840 2769 908 2837 Dour

109 2838 206 2894 meinos
225 2837 326 2894 iibens.
345 2867 379 2878 -
398 2839 445 2908 Sat
480 2853 548 2894 error
566 2845 594 2894 es
613 2850 662 2894 tou
679 2841 783 2912 pascu,
811 2837 856 2904 toti
875 2838 909 2908 top
