2098 3222
200 185 326 226 Benedictio
340 186 369 226 ed
382 186 463 236 omnio,
483 187 640 236 tpprctstu
655 187 677 230 8.
690 187 718 228 Β.
732 186 754 231 0.
837 185 878 230 itt

84 285 190 342 oblotos
208 291 236 340 et
253 285 288 340 cd
305 292 333 341 to
351 287 490 342 venientes
508 286 727 356 complectebaris
751 289 808 356 (iic
827 305 879 358 po-

82 363 132 411 nat
156 373 254 410 otacus
277 373 358 425 super
382 359 474 426 capito
487 359 646 427 puerorum)
664 375 811 426 manusque
835 377 878 415 su-

5 429 6 432 ’
81 443 132 497 per
149 427 210 482 illos
227 428 366 497 imponens
384 427 569 498 benedicebos‚
595 436 676 497 etque
695 429 817 484 dicebas:
836 430 877 485 Si·

82 497 139 554 nite
157 499 284 567 pervides
297 500 390 554 venire
404 499 440 554 cd
452 515 503 570 me,
523 506 550 555 et
567 500 650 555 nolite
659 500 803 569 prohibere
822 515 878 571 eos,

81 570 175 625 talium
193 576 235 626 est
253 570 323 625 enim
339 585 451 640 reguum
470 571 613 639 coelorum,
631 578 660 627 et
670 572 767 640 Augeli
786 587 878 628 eorum

82 655 188 710 semper
212 640 304 696 vident
330 641 426 696 faciem
449 643 538 698 Patris
565 643 632 711 mei3
658 643 771 711 respice,
797 658 878 712 quoe-

81 728 181 782 sumus,
205 712 241 766 od
263 713 341 781 pueri
365 713 415 782 (oei
438 713 553 782 puellae,
576 715 602 768 ot·
622 714 706 781 foeni
734 729 813 780 cous,
831 729 879 768 scu

81 798 235 854 puerorum,
248 785 290 838 oet
303 785 461 854 puellarum)
475 785 662 855 innocentium,
681 791 709 840 et
722 784 757 839 td
771 800 879 840 suorum

80 862 223 924 parentum
242 854 418 925 devotionem,
445 863 472 910 et
490 856 635 911 elementer
659 871 706 911 eos
730 854 812 910 hodic
829 871 879 924 per

80 925 256 981 ministerium
272 941 360 982 meum
378 926 516 996 bene†dic‚
529 935 565 982 ut
582 927 610 982 in
622 933 669 982 tuo
686 927 774 996 gretie
792 933 819 982 et
830 927 878 980 mi·

81 997 226 1054 sericordic
243 1011 349 1066 semper
366 997 515 1068 proficiant,
534 1006 561 1053 te
579 999 693 1068 sopiant,
711 1007 739 1052 te
758 997 878 1068 timeant,

82 1073 110 1122 et
126 1067 253 1122 mandato
270 1075 318 1122 tuo
335 1076 512 1137 etpcrentum
525 1068 684 1136 custodiunt,
704 1077 732 1124 et
750 1068 785 1123 td
798 1067 878 1124 finem

81 1144 202 1206 optatum
214 1137 329 1194 feliciter
342 1141 507 1207 perveniant
525 1139 579 1195 Per
590 1147 626 1210 te,
641 1139 766 1196 Salvator
779 1139 879 1210 mundi,

82 1209 128 1278 qui
146 1226 205 1264 cum
217 1209 297 1264 Putre
316 1216 344 1264 et
354 1209 455 1279 Spiritu
469 1216 560 1266 sancto
571 1211 638 1267 vivis
652 1218 680 1268 et
691 1226 789 1281 regnes
803 1211 878 1268 Deus

81 1281 110 1334 in
129 1279 237 1335 saecule
254 1280 428 1336 soeculorum.
447 1310 481 1320 -
499 1281 535 1336 R.
553 1279 647 1336 Amen.

119 1349 274 1405 Benedictio
291 1350 344 1404 Dei
362 1351 558 1420 omnipotentis,
577 1355 595 1420 †
612 1352 702 1408 Petris
727 1358 755 1408 et
771 1352 834 1408 Filii
852 1359 880 1408 et

84 1420 200 1490 Spiritus
219 1422 304 1476 sancti
321 1421 466 1477 descendat
484 1431 619 1492 superte,
639 1423 691 1490 (oet
704 1423 772 1493 vos),
791 1431 819 1479 et
836 1440 880 1478 cu·

85 1490 185 1548 studiat
203 1499 283 1560 etque
302 1491 399 1562 dirigat
416 1500 443 1547 tc
463 1493 516 1562 (oet
528 1493 586 1564 vos)
605 1501 633 1549 et
651 1501 758 1548 moneat
775 1509 881 1564 semper

84 1563 230 1620 vobiscum.
249 1592 282 1602 —
301 1563 336 1619 R.
354 1566 448 1619 Amen.

120 1635 309 1704 Asperpaeicr
327 1652 401 1704 apoto
418 1634 563 1690 benedicio.

135 1724 177 1770 to.
197 1725 345 1772 Benedictio
360 1727 394 1772 cd
408 1726 502 1784 omnio,
516 1727 664 1782 appr-otest
677 1738 701 1772 e.
716 1727 741 1772 S.
755 1726 786 1772 R.
800 1726 825 1772 (i.

82 1785 127 1836 (lx
140 1784 184 1826 Bit.
199 1783 261 1822 Rom.
275 1783 358 1824 Romae
373 1781 433 1828 186⁴„
447 1785 507 1833 typis
521 1786 542 1824 S.
552 1785 659 1834 congreg.
674 1785 701 1824 do
714 1794 806 1833 propag.
821 1783 878 1835 fido.)

117 1847 196 1901 Haec
214 1846 404 1902 benedictionis
415 1847 535 1915 formula
548 1847 672 1904 adiiciet*
680 1853 770 1916 potest
783 1864 803 1901 a
816 1862 879 1916 quc·

80 1918 125 1974 oie
142 1917 279 1972 sacerdote
292 1934 346 1986 pro
366 1919 489 1974 amotos
506 1919 593 1987 rebus,
612 1920 646 1974 de
664 1919 761 1988 petbus
778 1919 879 1988 specta-

80 1989 116 2046 it'c
133 1988 278 2044 benedictio
296 2005 351 2044 ooo
368 1989 481 2044 habetor
498 1990 528 2044 io
546 1989 655 2046 Romo
671 1991 805 2046 Εοηιαηο.
902 2039 917 2049 ,
1010 2003 1013 2010 “

122 2059 153 2114 V.
171 2059 340 2114 Adiutorium
358 2068 478 2116 nostrum
497 2067 546 2116 etc.

121 2131 152 2185 V.
171 2131 300 2186 Dominus
318 2132 455 2188 vobiscum
473 2137 523 2186 etc.

43 2220 45 2228 ’
119 2202 237 2258 Oremue
256 2201 340 2272 Deus,
358 2203 433 2258 cuius
458 2203 541 2258 verbo
566 2200 764 2258 sanctificantur
782 2200 879 2272 omnio,

79 2273 294 2331 benedictionem
318 2283 390 2328 tuam
409 2271 515 2328 effunde
534 2289 615 2343 super
633 2281 783 2328 creaturam
799 2273 879 2328 istum

89 2345 131 2400 cei
156 2352 293 2400 creaturos
320 2344 404 2414 istos),
430 2351 457 2400 et
482 2343 599 2414 praesto,
626 2351 665 2414 ut,
690 2344 810 2412 quisquis
837 2358 878 2412 est

89 2416 131 2470 oei
151 2416 200 2486 eis)
219 2415 365 2472 secundum
382 2415 469 2484 legem
494 2423 522 2470 et
546 2416 711 2470 voluntatem
728 2421 802 2469 tuum
819 2431 879 2470 cum

82 2487 228 2554 gratiarum
246 2487 350 2542 actione
365 2502 430 2542 usus
443 2485 532 2556 fuerit,
549 2502 599 2556 per
611 2486 806 2541 invocationem
818 2501 879 2542 son·

82 2557 192 2612 ctissimi
209 2559 323 2614 nominis
341 2558 389 2627 tui,
409 2558 529 2626 corporis
556 2557 698 2613 sanitatem
722 2564 749 2612 et
774 2557 879 2612 animae

81 2627 201 2696 tutelam,
218 2635 246 2683 to
265 2638 374 2684 auctore
391 2629 530 2697 percipiet.
564 2629 617 2684 Per
636 2628 770 2684 Christum
787 2628 879 2683 Domi-

81 2693 146 2753 ndm
163 2707 291 2757 nostrum.
326 2700 421 2754 Amen.

78 2841 95 2897 b
116 2769 224 2894 Dgt'cdc
241 2771 317 2826 tilam
342 2772 394 2838 (oei
417 2770 491 2838 mot)
513 2770 639 2826 tuendos
666 2771 783 2840 osperpt't
805 2783 880 2838 coco

74 2885 77 2892 .
96 2856 144 2896 ene
162 2841 225 2896 icto.
