2152 3234
336 163 368 202 ns
382 161 522 204 scamno
536 137 681 210 1111111111
754 214 757 221 Ι
867 161 910 206 tas

141 267 195 319 11.Ι
207 263 237 318 Si
254 277 319 318 vero
336 261 407 318 infra
425 261 492 318 duos
509 277 615 318 menses
630 269 696 332 post
708 263 793 320 factas
806 263 907 321 denun-

64 367 66 370 ·
96 337 233 392 tiationes
242 334 440 389 Matrimonium
457 349 511 388 non
530 335 710 397 contrahatur.
731 334 907 393 denuntiatio·

98 423 154 462 nes
174 413 339 474 repetantur,
357 406 410 460 nisi
427 405 505 460 aliter
521 405 657 475 Episcopo
674 405 805 462 rideatur.

142 481 188 534 12.
207 477 430 532 Denuntiationes
448 483 538 530 autem
554 476 620 533 dant
637 478 689 532 hoc
707 476 797 532 modo.
833 478 908 535 Inter

100 549 254 604 Missurum
272 547 401 602 solemnia
417 548 550 616 parochus
575 549 704 617 populum
722 548 864 604 admoneat
881 549 910 604 in

101 621 178 676 hanc
197 619 357 674 sententiam
374 619 478 688 vulgari
496 635 635 675 sermons:
885 623 886 626 ’

144 693 189 748 13.
208 691 312 745 Notum
329 691 366 744 sit
383 690 505 744 omnibns
516 691 560 744 bic
569 691 765 758 praeconabat,
784 691 857 760 qnod
869 691 908 746 N.

101 763 158 829 vir,
179 767 204 816 et
222 761 260 816 N.
279 762 382 828 mulier,
401 778 435 815 erc
451 762 503 814 tali
519 761 560 815 cel
577 763 628 815 tali
642 763 752 829 familie
776 767 802 816 et
822 779 909 831 puro·

103 834 179 900 chia,
198 832 258 887 Deo
276 833 432 900 adiurante,
450 832 594 886 intendant
611 835 682 888 inter
704 849 732 888 se
750 835 908 890 contrahere

103 905 327 959 Matrinmm'nm.
362 903 484 958 Proinde
509 904 683 959 admonemus
702 921 792 959 omnes
810 911 835 959 et
852 907 907 960 ain-

102 977 194 1046 yuloe,
213 981 244 1029 nt
253 976 279 1028 sd
290 976 350 1042 quis
362 976 466 1029 noverat
479 975 593 1043 aliquod
605 977 856 1046 censanpnine'tatc'a
869 977 911 1031 cei

104 1047 264 1114 affinitatis,
291 1051 341 1100 emt
358 1047 526 1115 oopnnte'onc's
543 1048 703 1115 spiritualis,
732 1048 773 1102 oei
796 1047 910 1116 qncdm's

105 1117 189 1172 alind
206 1115 424 1184 impedimentum
442 1119 574 1172 intereos
592 1133 654 1186 esse,
673 1119 745 1186 qnod
762 1119 906 1174 Matrimo-

105 1191 187 1244 nt'nm
206 1186 417 1242 contrabendum
444 1189 556 1242 invicem
578 1189 716 1258 impediet,
739 1191 909 1258 illudentem

101 1261 228 1331 primam
255 1259 332 1313 nobis
356 1259 516 1313 denuntiare
540 1259 648 1328 debeam
675 1265 700 1314 ci
717 1261 766 1315 hoc
784 1262 910 1317 admonc-

32 1371 36 1378 .
107 1347 172 1386 mas
189 1331 287 1398 primo,
307 1330 330 1385 si
347 1330 429 1384 fucrit
446 1330 546 1398 prima,
571 1330 615 1384 vel
632 1331 756 1398 secando,
782 1333 805 1387 si
828 1333 911 1388 fuerit

109 1401 245 1468 secunda,
264 1401 308 1456 vel
325 1403 411 1468 tertio,
430 1402 454 1455 si
471 1400 552 1455 fuerit
569 1401 650 1456 tertia
665 1400 839 1457 denuntiatio.

149 1476 192 1526 14.
210 1473 320 1542 Moneat
332 1473 466 1540 parochus
478 1471 612 1541 coniuges,
630 1479 735 1526 utente
749 1473 911 1529 benedictio·

111 1559 177 1597 nem
194 1543 386 1598 sacerdotalem
404 1542 539 1610 intemplo
558 1542 752 1611 suscipiendam
770 1545 798 1597 in
817 1543 912 1600 eadem

114 1613 196 1670 domo
213 1631 267 1670 non
285 1615 446 1684 cohabitent,
465 1627 552 1681 neque
571 1613 768 1668 Matrimonium
787 1631 908 1670 consum·

111 1693 193 1754 ment,
212 1702 260 1740 nec
279 1687 360 1741 etiam
379 1685 457 1741 simul
475 1696 607 1754 maneant,
624 1685 678 1740 nisi
698 1685 829 1753 aliquibus
847 1702 910 1753 pro·

111 1757 228 1826 pinquis,
253 1757 297 1812 vel
320 1757 380 1811 aliis
401 1755 603 1825 praesentibns;
631 1771 700 1825 quae
726 1755 912 1811 benedictioa

111 1829 187 1883 nullo
206 1829 268 1897 alio,
287 1844 367 1896 quam
381 1828 486 1896 abipso
500 1828 627 1895 parocho,
646 1843 695 1882 seu
708 1827 741 1881 ab
756 1827 809 1881 alio
823 1841 911 1882 sacer-

111 1899 176 1954 dote
186 1899 220 1953 de
230 1899 314 1968 ipsius
321 1900 432 1967 parochi
440 1899 484 1952 vel
492 1897 749 1966 Ordinariilicentia,
757 1894 911 1954 fieridebet

151 1972 193 2024 15.
212 1970 314 2025 Caveat
332 1971 411 2024 etiam
429 1966 571 2038 parochus,
595 1985 638 2038 ne,
658 1969 764 2037 quando
783 1970 910 2038 coniuges

110 2042 141 2096 in
157 2041 251 2109 primis
268 2042 368 2110 nuptiis
393 2041 605 2096 benedictionem
628 2042 787 2110 acceperint,
813 2056 860 2096 eos
883 2042 912 2096 in

111 2111 235 2168 secundis
253 2111 401 2181 benedicat,
428 2112 485 2166 sive
503 2111 606 2180 mulier,
634 2112 690 2170 sive
715 2113 795 2166 etiam
817 2113 859 2167 vir
876 2112 910 2168 ad

114 2183 245 2239 secundas
263 2184 370 2251 nuptias
388 2190 515 2238 nauseat:
552 2181 606 2238 Sed
632 2183 678 2237 ubi
702 2198 735 2237 ea
757 2184 831 2251 viget
849 2200 910 2238 cou-

110 2253 239 2323 suetudo,
272 2261 303 2308 11
329 2255 352 2309 11
379 2255 474 2310 mulier
504 2255 603 2309 nemini
635 2269 751 2322 unquam
781 2255 910 2325 nupserit,

111 2326 216 2380 etiamsi
229 2326 271 2379 vir
280 2325 359 2379 aliam
368 2341 479 2380 uxorem
487 2326 619 2394 habuerit,
633 2326 742 2394 nuptiae
752 2325 910 2380 benedican-

112 2404 163 2466 tur,
183 2412 216 2451 ea
234 2396 367 2452 servanda
385 2403 435 2452 est.
453 2395 507 2451 Sed
524 2396 621 2450 viduae
635 2397 742 2464 nuptias
757 2411 812 2450 non
829 2397 910 2452 bene·

113 2467 191 2536 dicat,
210 2468 316 2522 etiamsi
334 2467 391 2523 eius
408 2468 451 2522 vir
467 2484 602 2535 nunquam
619 2482 731 2522 uxorem
750 2467 864 2522 duxerit.

149 2541 190 2594 16.
212 2538 412 2593 Matrimonium
437 2539 466 2593 in
498 2540 611 2594 ecelesia
638 2539 751 2593 maxime
780 2538 911 2593 celebrari

113 2609 203 2677 decet;
222 2609 270 2664 sed
289 2611 312 2664 si
330 2609 401 2664 domi
419 2610 581 2665 celebratum
605 2609 685 2664 fuerit
702 2618 845 2679 praesente
863 2625 911 2680 pa·

6 2691 7 2698 ’
112 2681 194 2737 rocho
213 2688 240 2735 et
257 2680 378 2750 testibus,
397 2682 489 2750 sponsi
506 2681 615 2736 veniant
628 2681 663 2734 ad
677 2681 815 2736 ecclesiam
827 2680 908 2736 bene·

113 2752 255 2808 dictionem
279 2753 422 2820 accepturi,
449 2759 476 2806 et
498 2760 562 2807 tunc
593 2760 687 2808 caveat
711 2750 850 2820 sacerdos,
875 2766 910 2806 ne

114 2825 209 2880 iterum
227 2839 245 2878 a
262 2823 479 2880 contrahentibus
497 2839 656 2879 consensum
671 2822 774 2891 exigat,
792 2821 911 2877 1111111-
