2138 3226
307 165 450 226 hecespnte
464 168 487 206 et
499 168 551 215 post
563 166 728 210 contessionem.
876 163 918 207 167

14 247 15 268 ¹
118 281 173 336 qne
198 265 244 320 die
267 266 296 320 in
318 266 472 336 parndisum
496 265 632 335 recepisti.
666 267 720 321 Per
742 265 846 334 insigne
864 267 917 323 hoc

118 347 183 394 tune
193 337 393 392 misericordiae
403 344 431 392 et
440 338 596 393 clementiae
606 353 682 406 opus,
692 344 719 392 te
729 337 843 406 supplex
856 355 916 394 oum

119 409 218 466 eodem
235 408 339 464 latrone
357 409 535 479 (utinemperi
545 410 643 464 nmoris
654 416 682 463 et
699 409 799 464 doloris
806 409 916 480 edens)

14 479 15 482 ’
122 497 181 548 oro,
206 481 310 536 oJesn
326 480 475 551 Nenenene,
498 481 625 536 miserere
651 480 712 548 mei,
737 487 765 534 et
786 495 828 534 me
853 480 917 536 licet

119 551 268 621 indignum,
285 552 313 606 in
331 559 405 606 tuom
416 552 529 620 gratiam
546 553 645 621 recipe.
663 551 766 606 Fateor
783 551 916 606 emerissi·

119 639 180 678 mne
198 630 263 677 tune
280 623 418 678 Passionis
443 629 470 677 ct
495 624 581 678 crucis
606 637 714 678 censam
739 637 799 677 esse
818 621 917 677 delicte

118 709 188 761 men,
217 709 286 761 quae
312 693 424 762 proinde
452 709 486 749 ex
510 695 598 748 enimc
623 711 694 748 nunc
718 693 839 748 detestor
856 709 916 748 oum

120 764 272 820 firmissimo
290 766 439 835 proposito,
458 781 541 820 ecme
551 764 678 833 deinceps
693 781 753 819 cum
765 771 814 819 tua
828 765 916 832 gretie

119 852 256 904 nunquam
264 837 447 904 repetiturum.
465 837 596 892 Miserere
606 837 667 905 mei,
678 851 693 890 o
703 837 777 905 lesu,
787 836 915 890 miserere

119 908 180 1048 ἶιὲθί,
206 907 253 976 qui
278 909 412 1048 memmio
436 909 555 962 omnimo
573 913 688 976 propter
708 909 913 976 poententiam.

151 995 195 1038 e.
215 982 258 1047 11,
276 981 318 1032 24.

155 995 186 1105 61.)
217 1049 316 1104 Emori
334 1049 487 1118 mentoris,
506 1063 575 1117 qnae
599 1048 688 1117 periit,
711 1055 805 1118 pastor
830 1049 914 1119 bone;

119 1121 164 1190 pie
182 1122 259 1189 Jesu,
277 1135 377 1188 quaere
389 1135 496 1175 servum
504 1127 587 1189 tuum,
606 1127 634 1175 et
650 1119 733 1174 reduc
747 1121 831 1175 mein
843 1122 914 1175 viem

119 1191 306 1247 mandatorum
322 1199 437 1247 tuorum.
457 1191 499 1245 Tu
509 1192 578 1246 enim
590 1191 693 1248 dixisti:
711 1192 834 1247 Visitnbo
845 1207 910 1248 oves

116 1278 206 1332 mens3
229 1262 301 1331 qnod
318 1263 445 1330 perierat,
468 1263 617 1331 requiram
642 1269 669 1318 et
692 1262 764 1330 quod
782 1263 914 1318 abiectum

117 1341 185 1404 eret,
204 1334 346 1402 reducem
372 1333 444 1402 qnod
469 1340 636 1406 contractum
660 1341 709 1403 est,
734 1333 865 1402 nlligsb03
884 1341 913 1388 et

117 1405 191 1474 qnod
208 1405 349 1474 infirmum,
367 1404 548 1462 consolidabo.
573 1405 672 1474 Aspice
690 1405 803 1460 vulnere
819 1419 913 1472 pecce-

115 1484 207 1533 torum
223 1491 352 1545 meorum,
371 1492 484 1543 quornm
500 1491 555 1531 non
574 1483 616 1531 est
632 1491 766 1546 numerus,
792 1482 819 1530 et
846 1491 915 1530 seno

115 1563 159 1606 en.
178 1548 246 1603 Tuis
259 1563 302 1602 ms
315 1547 433 1603 humeris
443 1547 507 1601 licet
515 1547 653 1618 indignum
667 1547 768 1616 excipe,
787 1553 815 1600 et
828 1545 914 1600 adduc

115 1619 153 1674 od
170 1633 281 1688 gregem
294 1619 440 1673 electorum
452 1625 574 1687 tuorum3
592 1619 629 1673 ibi
642 1617 844 1672 misericordior
856 1617 913 1670 Do·

114 1691 187 1746 mint
202 1691 234 1744 irc
252 1695 390 1744 merrom
407 1690 530 1744 cantabo.
567 1690 622 1757 (Ps.
641 1691 685 1758 88,
704 1689 739 1758 2.)

152 1764 178 1816 7.
215 1761 262 1815 Me
286 1761 419 1828 miserum,
445 1761 491 1828 qui
513 1760 706 1828 Hierosolymis
730 1758 914 1815 Jerichuntem

114 1831 259 1900 descendi3
274 1832 320 1900 qui
329 1831 479 1886 locoverce
488 1832 563 1900 pacis
573 1831 688 1900 deserto,
702 1829 812 1885 fallaces
820 1829 913 1884 mundi

113 1911 143 1960 et
161 1903 251 1958 cernis
268 1902 460 1958 delectationes
478 1910 595 1958 sectatus
623 1919 689 1972 sum,
715 1908 743 1956 et
766 1902 795 1954 in
818 1916 913 1956 menne

112 1973 285 2050 ledemallum
306 1975 440 2029 latronum
464 1973 554 2043 incidi,
582 1989 599 2027 e
624 1973 719 2041 quibus
742 1972 911 2027 innocentiae

113 2052 193 2102 veste
222 2046 362 2114 spoliatus,
387 2051 416 2100 et
442 2044 477 2099 ed
500 2051 614 2099 mortem
639 2045 742 2099 enimse
760 2041 912 2098 miserendo

113 2118 271 2186 spectaculo
290 2117 446 2172 vulneretur
465 2118 537 2171 sum!
560 2116 696 2184 Propitios
713 2116 742 2169 in
760 2130 802 2170 me
821 2114 914 2169 oculos

114 2194 253 2257 converte,
281 2203 297 2241 o
327 2188 373 2256 pie
398 2188 573 2256 Samaritone,
602 2194 629 2241 et
653 2187 781 2242 miserere
805 2186 858 2240 mei
884 2185 913 2238 in

113 2260 247 2328 sanguine
267 2264 439 2327 peccatorum
455 2273 576 2313 meorum
600 2273 643 2312 me
661 2257 814 2312 volutantis.
851 2255 913 2310 Non

114 2337 165 2400 est,
195 2329 243 2398 qui
269 2331 357 2397 possit
381 2336 428 2384 eut
444 2329 511 2384 velit
527 2329 625 2384 misero
643 2329 708 2383 mihi
725 2329 754 2383 in
771 2329 823 2383 hoc
841 2333 914 2382 stetu

115 2403 262 2457 salutarem
271 2401 403 2469 praebere
417 2407 643 2469 menumprceter
654 2407 690 2469 te,
708 2400 823 2454 Domine
832 2399 912 2465 Jesu3

113 2471 142 2526 in
159 2480 188 2528 te
207 2471 266 2528 solo
284 2477 361 2527 mese
379 2472 450 2526 vites
469 2487 531 2540 spes
550 2478 592 2527 est
609 2472 712 2540 posite3
730 2477 761 2525 tn
777 2470 872 2524 unicus
881 2483 912 2522 es

115 2544 220 2598 enimes
245 2558 322 2598 mese
346 2542 480 2611 medicns;
505 2543 577 2612 huic,
603 2543 723 2612 obsecro,
750 2540 849 2596 amoris
873 2538 914 2593 tui

115 2615 206 2670 vinnm
225 2621 253 2669 et
267 2613 466 2670 misericordiae
481 2614 569 2668 oleum
581 2612 700 2682 infunde,
720 2619 747 2666 et
759 2611 839 2666 induc
854 2623 914 2664 eom

115 2683 143 2739 in
159 2686 257 2740 vulnus
276 2685 550 2740 secretissimilnteris
568 2685 616 2740 tui.
635 2685 714 2740 Haec
731 2683 836 2751 reputes
853 2695 914 2734 mcc

115 2756 145 2810 io
161 2756 299 2812 saeculum
324 2755 443 2811 carnoti:
468 2756 512 2812 lo'c
535 2756 670 2825 latitabo,
696 2755 824 2823 comem
849 2750 916 2820 cleps·

116 2841 181 2882 cam.
218 2827 272 2896 (Pe.
292 2829 426 2897 131,14.)
