2098 3222
190 162 224 202 Da
237 162 388 204 mortuone
402 164 425 202 et
437 173 495 202 nova
508 164 672 204 commistione
684 163 796 206 altarium.
850 161 892 206 tta

95 264 271 322 sectationem
284 271 334 331 per
346 261 503 334 tractionem
515 263 625 333 tumuli,
645 279 698 332 quo
712 263 892 322 reconduntur

94 335 240 404 reliquiae,
264 335 309 389 vel
327 333 470 390 earundem
491 335 660 391 amhuonem
678 341 706 390 et
723 334 811 392 denuo
830 352 892 392 cou-

95 406 196 464 samari
213 405 319 461 debent
355 405 394 473 (8.
409 405 444 463 R.
460 405 489 462 0.
501 408 546 463 23.
560 407 635 460 Maia⁴
643 409 735 475 1835.)

133 493 175 544 10.
199 490 303 544 Altaria
321 491 466 558 antiquitus
490 497 660 560 consecrata,
690 491 821 560 aquibus
840 492 892 548 alio

94 561 218 616 translati
235 568 298 616 sunt
314 561 385 616 tituli
403 567 431 616 et
447 561 590 631 imagines,
617 577 672 616 non
697 569 787 618 amota
804 569 894 619 tamon

95 646 188 688 mensa
211 633 265 687 iam
283 640 438 688 consecrata
456 648 473 686 a
489 633 627 701 primaevo
651 632 726 701 loco,
753 649 808 688 non
825 634 893 689 indi·

94 711 160 774 gent
176 701 249 759 nova
266 705 475 762 consecratione.
515 703 555 771 (S.
570 704 604 759 R.
622 704 650 760 0.
672 707 698 760 7.
710 705 782 760 Jalii
800 707 891 772 1759.)

132 791 175 845 ll.
203 787 307 842 Altaria
338 787 475 856 portatilia
513 785 739 843 consecrationem
771 789 894 846 amittunt

95 859 199 916 amissis
216 859 336 927 reliquiis
360 857 459 913 ibidem
476 858 636 928 reconditis,
662 873 712 912 nec
735 858 830 915 sufficit
848 860 893 915 ab·

95 945 162 998 aque
179 945 251 984 nova
269 931 468 985 consecratione
486 930 514 982 in
531 929 584 985 illis
602 929 733 984 tumulare
748 930 814 986 alias
831 931 893 986 reli·

95 1002 172 1072 quias
191 1001 366 1057 authenticas.
403 1000 444 1069 (S.
458 1001 492 1055 R.
509 1000 537 1056 0.
552 1001 763 1069 allatrare.)

132 1089 174 1140 12.
192 1077 285 1140 Atrine
302 1085 437 1154 portatile,
456 1085 530 1140 cuius
549 1085 719 1153 sepulchrum
733 1084 792 1141 aliis
809 1085 891 1142 vesti·

95 1157 146 1226 giis
165 1155 372 1212 consecrationis
394 1155 592 1211 remanentibus
618 1157 753 1211 invenitur
777 1173 890 1212 vacuum

96 1227 180 1283 saeris
197 1225 330 1295 reliquiis,
355 1227 475 1294 reputari
493 1225 573 1281 debet
590 1227 629 1281 ita
645 1227 753 1294 penitus
771 1229 892 1284 amisisse

96 1297 331 1366 consecrationem,
354 1304 385 1351 ut
402 1297 461 1352 aliis
478 1296 598 1365 reliquiis
614 1298 740 1366 repositis
757 1299 786 1353 in
804 1300 892 1369 sepul·

96 1369 171 1436 chro,
199 1383 231 1422 eo
250 1368 290 1422 uti
307 1384 361 1422 non
378 1368 458 1423 liceat
476 1368 578 1436 absque
593 1384 666 1424 nova
683 1371 893 1426 consecratione.

98 1439 140 1508 (S.
154 1439 189 1494 R.
204 1439 233 1494 0.
246 1442 291 1494 23.
304 1440 380 1494 Maii
390 1441 480 1507 1846.)

136 1532 177 1584 13.
195 1529 288 1584 Altarc
297 1529 434 1599 portatae
453 1528 528 1584 cuius
540 1527 657 1596 lapidem
670 1534 791 1584 sanctum
804 1526 892 1595 sepul-

98 1599 216 1654 ohralem
232 1601 383 1669 Episcopus
407 1615 461 1654 non
486 1599 646 1656 curiositatis
670 1598 719 1655 sed
743 1597 893 1654 securitatis

98 1686 191 1739 cansa,
206 1671 224 1726 i.
243 1686 267 1725 e.
285 1669 415 1726 lustrandi
432 1671 560 1738 reliquias
574 1686 655 1726 cansa
668 1669 781 1738 aperuit,
799 1669 894 1737 hisque

98 1742 214 1810 repertis
233 1741 393 1797 authenticis
407 1740 494 1796 denuo
509 1742 665 1811 composuit,
683 1741 851 1808 loculumque
865 1746 896 1795 ut

98 1814 174 1882 priua
192 1813 310 1882 occlusit,
336 1820 467 1881 quatenus
484 1813 636 1882 Episcopus
654 1813 759 1880 inipso
778 1810 895 1864 celebra·

98 1885 177 1954 verit,
195 1900 249 1938 non
267 1883 368 1953 indiget
385 1885 438 1938 alia
455 1885 663 1942 consecratione.
701 1882 742 1950 (8.
757 1882 792 1937 R.
808 1880 837 1937 0.
850 1885 894 1938 12.

99 1956 172 2025 Aug.
183 1957 274 2022 1858.)
290 1984 324 1996 -
338 1955 430 2009 Altera
447 1955 541 2039 rimam,
559 1957 635 2010 cuius
652 1955 721 2023 lapis
738 1968 789 2023 pro
807 1952 894 2022 sigillo

100 2026 235 2095 sepulchri
251 2025 423 2093 reliquiarum
440 2026 588 2082 inserviens
606 2026 641 2082 oh
656 2025 787 2080 deiectum
806 2024 895 2092 calcis,

99 2114 154 2167 qua
171 2096 409 2166 conglutinabatur,
434 2096 547 2166 amplius
570 2097 710 2167 sepulchro
729 2112 783 2152 non
800 2095 896 2149 haere·

97 2171 159 2239 bat,
178 2167 284 2236 quando
302 2167 453 2236 Episcopus
470 2169 546 2237 ipse,
568 2175 599 2224 ut
615 2183 673 2222 rem
690 2165 785 2222 melius
803 2166 895 2233 explo-

96 2246 178 2309 raret,
196 2238 314 2308 lapidem
325 2239 413 2307 ipsum
426 2253 506 2294 manu
519 2254 569 2294 sna
581 2240 672 2308 morit,
691 2245 718 2294 et
731 2253 791 2292 oum
804 2238 896 2305 reipsa

97 2312 200 2369 solutus
219 2316 306 2379 esset,
334 2308 367 2364 de
385 2310 439 2364 situ
457 2310 621 2380 sublevavit,
651 2309 786 2380 (reliquias
804 2314 895 2364 tamen

97 2383 171 2437 nullo
197 2381 276 2438 modo
299 2381 388 2450 tetigit
411 2380 455 2436 rel
473 2379 592 2452 dimovit)
617 2388 644 2436 et
664 2380 760 2436 deinde
778 2379 894 2448 lapidem
957 2415 960 2422 .

97 2453 226 2522 reposuit,
244 2468 316 2507 nora
338 2451 440 2520 indiget
457 2453 665 2509 consecratione.
702 2451 743 2520 (8.
756 2450 791 2508 R.
806 2449 836 2506 0.
849 2454 892 2505 14.

98 2524 184 2578 Mart.
197 2525 287 2591 taor.)

136 2610 178 2664 14.
195 2607 299 2662 Altaria
316 2605 453 2676 portatilia
465 2622 520 2661 non
534 2606 656 2661 amittrmt
667 2605 895 2661 consecrationem

98 2693 183 2746 suam
210 2677 316 2746 quando
333 2677 465 2747 frangitur
482 2677 612 2747 sigillum,
639 2675 711 2744 quod
727 2676 847 2745 reliquiis
864 2675 893 2729 in

98 2748 240 2819 sepulchro
264 2749 372 2805 inclusis
390 2749 547 2820 apponitur;
571 2749 594 2804 si
620 2755 709 2803 autem
726 2746 839 2803 fractum
857 2747 893 2800 sit

97 2820 275 2892 sepulchrum,
301 2821 345 2876 vel
363 2821 420 2878 eius
439 2820 605 2891 operculum,
630 2826 677 2876 aut
695 2819 775 2876 etiam
792 2818 892 2875 solunt·
