2146 3234
171 157 212 203 596
244 133 247 138 ¹
345 162 378 202 De
392 162 583 232 sacramentorum
596 163 792 206 administratione.

169 264 288 333 siplura
312 266 469 334 coexistunt,
494 266 540 333 qui
562 281 644 320 unum
667 264 778 334 exponit
801 272 830 321 et
854 265 971 322 alterum

169 335 238 404 silet,
265 337 322 392 sive
345 337 432 406 bona,
456 338 513 394 sive
537 337 608 392 mala
634 335 702 405 fide,
727 336 828 390 nullam
853 337 971 405 gratiam

169 407 280 464 obtinet
316 406 388 462 Hine
411 409 435 464 si
459 415 568 476 praeter
589 415 727 462 narratum
749 407 972 476 impedimentum

169 477 242 533 aliud
260 479 358 549 obstet,
376 479 421 536 vel
434 479 457 534 si
471 486 597 548 suscepte
614 493 696 547 super
708 493 762 533 uno
775 478 971 547 impedimento

169 548 382 618 dispensatione,
416 550 489 604 aliud
517 558 614 618 postea
644 549 793 618 detegitur,
825 557 972 620 umrmqoe

167 620 264 746 iterrnlm
280 623 385 676 narrari
409 621 490 676 debet
506 637 557 691 pro
574 637 647 676 nove
664 620 866 690 dispensatione
884 622 970 690 impe-

167 697 228 748 tmn
247 707 271 746 a

204 767 236 821 9⁸
255 761 478 818 Discretioni
495 770 579 818 tuae
598 763 860 832 committimus,
891 779 971 832 qna·

167 840 271 889 tenus
289 851 362 889 cum
381 834 510 902 eodem,
528 841 588 904 etc,
608 835 705 901 quibus
722 835 812 889 verbis
826 842 913 905 patet,
932 834 971 891 di·

169 905 367 973 spensationem
381 905 533 975 expeditam
541 905 625 961 finisse
638 904 762 960 informa
770 906 970 974 commissoria;

170 991 202 1031 ac
219 976 332 1045 proinde
349 977 567 1044 impedimentum
584 991 639 1031 non
656 977 777 1046 solvitur,
795 977 849 1032 nisi
867 991 901 1034 eo
915 993 971 1032 mo·

170 1054 268 1114 mento,
294 1063 347 1114 quo
372 1055 436 1116 post
454 1048 648 1103 absolutionem
667 1047 765 1117 domm,
790 1047 972 1106 confessarius

169 1117 318 1187 poenitenti
336 1116 462 1189 declarat,
487 1135 516 1174 se
533 1119 562 1173 vi
579 1119 746 1174 auctoritatis
763 1119 892 1174 obtentae
911 1137 971 1176 oum

169 1203 202 1244 eo
222 1186 386 1256 dispensare.

207 1262 256 1312 10⁵
268 1259 533 1316 Matrimonium
552 1276 626 1315 cum
645 1260 741 1316 dicta
757 1259 792 1316 N.
807 1259 847 1316 de
866 1262 972 1317 nulli·

169 1336 246 1386 tate
272 1331 409 1398 prioris
438 1347 638 1386 consensus
665 1333 890 1402 certiorate,
914 1332 972 1389 sed

169 1401 222 1456 ita
240 1409 354 1471 ceute,
373 1410 410 1458 ut
434 1403 569 1460 latoris
596 1401 774 1458 delictum
800 1419 972 1474 nusquam

170 1471 371 1541 detegatur.

208 1544 274 1599 Cum
290 1545 359 1600 haec
378 1543 499 1600 clausula
524 1559 559 1598 ex
577 1545 646 1613 stylo
664 1545 754 1601 cudae
773 1545 801 1600 in
818 1544 917 1602 litteris
935 1545 971 1602 di·

171 1616 349 1684 spensationis
367 1614 420 1670 lori
437 1616 535 1670 interni
553 1603 659 1684 semper
677 1617 777 1684 apponi
796 1617 891 1686 soleat,
910 1633 970 1672 con·

171 1685 301 1744 fesserius
319 1693 442 1756 satagere
456 1686 545 1756 debet,
563 1695 594 1742 ut
603 1687 675 1742 alter
688 1686 786 1742 coniux
800 1686 834 1742 de
847 1688 969 1744 nullitate

71 1753 75 1766 ’
170 1759 268 1826 prioris
287 1773 433 1814 consensus
452 1764 529 1812 caute
549 1757 732 1827 admoneatur,
757 1765 838 1827 atque
861 1766 968 1816 mutuus

170 1829 267 1884 iterum
300 1843 446 1885 consensus
472 1828 601 1884 eliciatur.
636 1829 783 1886 Benedicto
808 1830 880 1886 XIV.
905 1845 968 1899 prae

171 1901 268 1956 ceteris
281 1901 368 1956 modis
378 1899 479 1956 assidet
488 1915 617 1967 sequens:
633 1901 837 1969 „Inpedimenti
848 1902 969 1958 conscios

169 1969 254 2025 lihere
268 1970 394 2039 declaret,
413 1986 442 2026 se
455 1970 530 2025 haud
542 1972 593 2026 rite
604 1971 776 2028 Matrimonio
793 1973 968 2040 consensisse,

170 2055 231 2094 cum
248 2041 361 2108 primum
379 2041 542 2098 celebratum
560 2042 625 2110 fuit;
649 2043 764 2112 ideoque
791 2053 919 2112 oportere
937 2059 969 2099 ex

171 2111 282 2168 consilio
315 2111 472 2168 confessarii
503 2121 584 2181 atquc
615 2114 736 2170 internae
768 2115 967 2182 tranquillitatis

171 2196 261 2250 causa,
285 2190 316 2237 ιιι
340 2185 418 2239 ambo
445 2199 604 2240 consensum
628 2192 767 2254 renovent,
793 2201 877 2254 seque
895 2186 924 2241 id
940 2187 969 2240 li·

170 2251 266 2306 beuter
282 2251 413 2310 facturum
431 2254 563 2310 ostendat.
582 2255 684 2323 Quodsi
703 2249 772 2312 alter
792 2258 889 2313 coniux
908 2273 967 2312 ean·

171 2321 232 2376 dem
249 2323 414 2380 voluntatem
431 2326 584 2395 patefaciet,
608 2326 636 2381 id
655 2328 720 2383 satis
745 2329 805 2397 erit,
831 2336 862 2383 ut
885 2344 970 2384 novus

172 2407 319 2449 consensus
336 2397 412 2451 iuxta
429 2399 623 2466 praescriptam
640 2413 761 2454 normam
776 2399 881 2456 elicitus
895 2399 968 2454 intel·

171 2462 297 2532 ligatur.“
317 2466 412 2536 (Instit.
432 2468 496 2522 eccl.
515 2471 559 2524 87.
573 2485 635 2538 pag.
649 2472 711 2524 437.
733 2469 969 2539 ed.Rom.1747.l

172 2533 201 2588 Si
220 2535 326 2601 quando
344 2537 396 2592 hoc
414 2537 537 2593 videatur
554 2539 633 2594 valde
647 2540 827 2608 periculosum
845 2549 892 2597 aut
909 2557 969 2610 pro·

172 2607 314 2672 pemodum
331 2608 504 2678 impossibile,
523 2619 570 2665 eut
583 2611 783 2667 rescribendum
797 2619 839 2669 est
852 2611 888 2668 ad
901 2628 968 2681 enm,

171 2677 382 2758 aquotlitterae
401 2678 510 2736 fuerunt
527 2682 678 2752 expeditae,
703 2690 733 2737 ut
758 2683 817 2752 ipse
835 2691 967 2753 suggerat

171 2745 236 2812 quid
254 2754 289 2801 sit
307 2748 447 2817 agendum,
466 2759 514 2806 aut
537 2751 762 2822 dispensatio
787 2756 825 2810 in
851 2753 969 2810 radice

171 2823 214 2871 cst
230 2817 358 2885 petenda.
382 2820 439 2873 lmo
463 2820 492 2874 in
510 2838 574 2879 casu
598 2826 804 2893 urgentissimae
827 2827 970 2882 necessita-
