2108 3226
165 136 205 181 130
353 141 479 182 Gratiarum
493 143 591 184 actiones
605 144 655 192 port
668 143 768 184 maram.

165 250 193 296 et
209 241 306 310 Angeli
332 257 387 297 nou
406 249 467 297 sunt
488 241 611 296 mundi'
602 258 631 297 m
650 249 796 310 conspectu
812 249 875 312 tuo,
904 245 990 312 quis·

165 328 215 382 ego
234 329 301 382 sum,
327 320 355 368 et
375 328 444 397 quae
466 312 560 368 domus
580 329 649 381 mea,
668 322 699 368 ut
713 314 748 370 ad
761 329 803 368 me
817 316 918 384 venire,
938 324 969 372 et

162 385 191 438 in
208 399 251 438 me
270 385 427 439 commorari
450 385 588 439 volueris?
627 385 731 452 Quid
724 402 753 438 m
768 400 812 439 me
829 385 968 458 invenisti,

162 471 212 509 rex
220 456 375 510 tremendae
383 456 540 524 maiestatls,
555 455 626 524 quod
643 456 772 524 atemplo
786 457 887 524 gloriae
900 465 968 513 tuae

162 527 283 581 traheret
301 533 328 580 te
347 534 375 582 et
392 526 555 582 descendere
573 525 701 581 faceret'
693 545 721 580 m
741 527 864 596 abyssum
885 529 967 584 mise-

162 599 283 652 riarum?
319 598 376 653 Vos
394 599 491 666 Angeli
510 599 615 666 sanct,-
626 614 676 652 ros
695 611 787 653 omnes
806 599 884 653 elect-l
901 600 966 670 Dei,

163 670 252 724 venite
254 668 375 739 ,audite
391 676 418 723 et
429 669 545 724 narrabo
561 669 648 738 vobis,
668 676 769 735 quauta
781 669 875 724 fecerit
887 671 968 728 Deus

165 741 268 794 animae
286 755 377 808 meae3
396 747 456 794 c'um
474 741 544 794 enim
558 755 645 795 essem
661 756 765 809 pauper
783 748 811 795 et
829 741 967 796 abomina-

163 811 240 880 bilis,
265 825 315 864 nee
334 811 461 866 auderem
479 812 570 866 oculos
588 827 663 866 meos
689 813 780 865 levare
807 811 842 866 ad
860 813 968 868 coelum

163 897 229 950 prae
241 881 410 937 multitudine
423 883 593 950 iniquitatum
606 899 738 951 mearum,
748 884 794 936 ille
803 899 846 936 me
859 883 892 938 de
903 886 966 952 pul·

163 968 227 1007 vere
252 953 389 1008 suscitavit
415 960 443 1008 ct
468 955 553 1008 erexit
572 953 605 1008 de
625 961 758 1022 stercore,
791 961 823 1008 ut
841 954 966 1010 sederem

163 1040 224 1077 cum
236 1023 409 1093 principibus,
429 1031 456 1078 et
469 1025 503 1078 de
516 1040 610 1079 mensa
622 1026 680 1079 eius
695 1024 868 1079 comederem.
895 1026 965 1080 Gra·
1043 1065 1044 1068 ,

163 1095 215 1150 tias
233 1095 272 1148 illi
286 1096 357 1163 agite
371 1112 420 1164 pro
434 1111 485 1165 me,
503 1112 561 1164 ros,
576 1097 653 1149 amici
666 1096 720 1149 mei
732 1095 895 1164 fidelissimi;
910 1112 964 1165 ego

163 1167 234 1220 euim
251 1181 320 1234 puer
337 1183 403 1236 sum,
422 1183 476 1221 non
492 1168 579 1249 ¹auius,
599 1167 749 1235 reducum,
769 1175 796 1220 et
813 1167 903 1222 nescio
922 1169 964 1223 lo·

163 1237 217 1305 qui,
241 1252 292 1291 neo
309 1238 417 1292 verba
409 1238 525 1306 maenio,
555 1237 650 1305 quibus
668 1239 777 1306 possim,
795 1245 826 1292 ut
843 1254 893 1306 par
911 1246 964 1309 est,

161 1315 218 1362 tam
232 1308 370 1376 copiosum
382 1325 477 1363 munus
492 1310 594 1376 gratim
609 1309 738 1363 extollere
754 1316 781 1363 et
794 1308 966 1376 praedicare

163 1379 228 1446 Quis
247 1379 317 1434 enim
344 1396 419 1434 amor
441 1379 560 1434 infinitae
579 1380 683 1434 caritati
712 1381 771 1434 eius
790 1396 806 1434 ι
823 1395 866 1434 me
884 1380 963 1435 reddi

161 1457 259 1520 potest,
279 1467 324 1518 qm
317 1451 422 1520 frigus
437 1460 464 1505 et
477 1451 547 1520 gelu,
565 1467 620 1504 non
642 1458 689 1505 aut
690 1467 731 1505 em
752 1467 827 1506 amor
841 1450 893 1505 dici
906 1468 963 1507 me·

161 1522 276 1576 reatu?
305 1522 379 1589 Quae
392 1523 460 1592 laus,
479 1537 548 1590 quae
562 1521 692 1591 adoratio,
711 1523 790 1589 quale
805 1523 964 1590 obsequium

160 1609 250 1648 meum
265 1593 333 1663 erit,
359 1594 431 1661 quod
454 1594 555 1648 nullum
577 1609 631 1648 non
655 1592 752 1647 reddat
776 1593 880 1646 infinita
903 1595 964 1650 eius

160 1665 290 1733 perfectio
310 1673 337 1719 et
356 1665 487 1734 dignitas,
517 1665 615 1719 etima
642 1680 673 1718 ac
699 1680 800 1719 summa
818 1664 963 1733 indignitas

161 1737 241 1790 mea?
260 1736 314 1790 Sed
327 1743 365 1806 tu,
379 1737 503 1804 Domine,
522 1737 663 1790 miserator
678 1743 705 1789 et
718 1736 833 1790 clemens
851 1736 962 1790 immen-

162 1822 209 1862 sae
227 1807 363 1876 bonitatis,
388 1814 419 1862 ιιι
436 1808 508 1862 nosti
525 1806 681 1889 figmentum
698 1822 801 1874 meum3
819 1822 853 1860 ne
872 1806 962 1875 despi-

161 1877 217 1932 cias
234 1878 407 1932 humillimam
424 1879 571 1947 gratiarum
595 1878 734 1946 actionem,
756 1894 836 1945 quam
853 1879 903 1932 tibi
921 1878 962 1932 of·

161 1947 220 2002 fero
239 1948 273 2001 de
290 1956 450 2018 paupertate
468 1964 536 2017 mea,
556 1956 583 2003 et
602 1947 760 2003 sacrificium
777 1948 864 2004 laudis
882 1964 961 2004 meae

160 2017 347 2074 honorificabit
364 2027 400 2074 te.
433 2021 493 2074 Τιιι
510 2027 551 2075 est
564 2019 767 2089 magnificentia,
785 2027 833 2073 tua
847 2027 888 2074 est
902 2021 960 2088 glo·

159 2091 214 2160 ria,
243 2097 270 2144 et
287 2091 336 2150 tibi
353 2092 474 2146 lauet
440 2091 474 2147 sit
496 2093 524 2145 iu
541 2098 687 2159 perpetuas
711 2091 885 2145 aeternitates
907 2107 959 2160 pro

159 2167 215 2215 tam
234 2162 340 2217 excelso
360 2170 386 2217 et
400 2162 602 2231 incomparabili
619 2160 756 2216 beneficio.
785 2163 846 2216 Tibi
863 2162 959 2219 laudes

160 2231 308 2302 concinant,
327 2233 376 2288 tibi
389 2249 491 2289 mecum
510 2234 611 2302 gratias
625 2239 706 2301 agant
724 2233 842 2288 universi
855 2234 958 2304 populi,

158 2303 245 2359 tribus
264 2310 291 2358 et
308 2305 423 2373 linguae,
448 2321 539 2360 omnes
557 2304 654 2373 Angeli
673 2311 700 2358 et
718 2303 809 2358 Sancti
826 2305 873 2373 ιιιι,
893 2320 959 2372 quo-

159 2375 231 2430 niam
248 2376 431 2430 misericordia
448 2383 496 2430 tua
512 2374 682 2458 magnificata
701 2382 742 2429 est
760 2390 842 2443 super
859 2391 911 2443 me,
931 2382 959 2431 et

159 2446 343 2502 miserationes
362 2455 424 2501 tuae
444 2463 525 2516 super
543 2447 632 2502 omnia
650 2461 733 2514 opera
751 2451 806 2501 tua.
838 2446 959 2502 Jubileut

158 2517 207 2570 tibi
226 2533 318 2573 omnes
337 2526 483 2586 creaturae,
512 2533 693 2587 quaecumque
712 2517 788 2586 coeli,
812 2524 911 2586 terrae,
931 2526 959 2573 et

159 2588 249 2657 abyssi
268 2589 368 2644 ambitu
394 2560 573 2658 continentur,
601 2589 708 2642 landem
732 2587 782 2642 tibi
798 2596 958 2672 perpetuam

160 2657 263 2731 dicant,
291 2676 381 2744 quae
379 2677 396 2714 ι
413 2667 440 2716 te
459 2667 587 2716 exeuntes
612 2661 640 2713 in
662 2667 693 2714 te
708 2658 824 2713 refluant
841 2660 958 2714 omnium

160 2745 250 2786 reram
267 2729 426 2801 principium
445 2740 472 2787 et
489 2732 576 2789 finem
606 2731 727 2787 Jubilent
743 2729 793 2784 tibi
811 2737 838 2784 et
856 2731 958 2798 gratias

160 2810 243 2871 agant
260 2819 408 2858 cormeum
427 2811 455 2858 et
473 2805 560 2858 anima
577 2817 645 2873 mea,
673 2803 754 2872 vires,
779 2816 882 2871 sensus,
908 2818 958 2872 pc·
