2108 3226
171 171 199 213 et
398 173 583 224 praeponerem·
596 174 625 214 sd
637 175 735 214 blisum.
776 209 778 214 .

208 277 245 331 In
263 276 363 346 spirito
379 275 541 330 moralitates
558 275 653 331 aceede
670 275 708 328 ad
725 275 830 345 Deum,
858 278 906 345 pai
921 277 974 332 lue

171 348 280 402 mulabus
297 347 347 401 dot
361 349 497 418 promto:
523 347 574 417 Tu,
592 361 641 401 rex
659 347 727 406 coeli
748 354 776 401 et
792 354 890 417 terrea,
909 363 972 402 san·

171 425 238 488 ctus,
258 426 374 488 sanetus,
393 425 508 487 sanetus,
537 419 565 472 in
583 419 658 473 ornus
675 418 782 472 nomine
802 433 879 473 omne
898 433 973 487 genu

171 489 296 560 flectitur,
315 498 345 545 tu
363 489 398 544 ad
415 505 458 544 me
476 490 561 558 venis,
586 490 632 557 qui
649 489 738 558 pulvis
756 505 815 544 sum
833 496 861 544 et
878 491 972 546 cinis?

171 567 201 615 tu
218 576 262 616 me
279 561 377 616 invitas
395 575 542 630 pauperem
561 575 667 616 serrum
685 567 713 614 et
729 561 877 615 humilem?
908 563 971 629 quis

171 631 274 687 audivit
291 648 409 700 unquam
425 633 480 686 tale
497 631 583 700 quid?
611 632 661 700 Tu,
680 631 780 686 candor
796 631 863 686 lucis
882 641 971 688 aeter·

170 719 231 773 nae,
249 711 279 758 tu
297 703 333 758 ad
350 718 392 757 me
410 703 505 758 venir?
532 702 567 756 ad
584 717 635 772 me,
653 703 700 770 qni
717 717 856 771 apponens
873 703 970 771 imqui-

170 782 253 830 tatem
271 790 353 843 snper
366 775 541 843 iniquitatem,
560 774 657 828 millies
674 781 702 828 te
720 774 892 843 mihimetipsi
909 791 969 830 oru-

171 844 262 900 cifixi?
290 845 410 910 confusio
428 845 507 900 faciei
531 860 607 899 meae
633 846 753 913 cooperit
779 860 830 902 me.
870 845 923 900 Exi
952 861 971 901 a

171 931 230 985 me,
255 916 377 986 Domine,
404 916 467 985 quia
493 924 619 985 peccator
637 932 710 983 sum3
737 931 802 970 vere
829 931 883 970 non
910 933 970 972 sum

172 985 282 1056 dignus,
309 995 340 1042 ut
356 988 441 1043 intres
466 988 516 1042 sub
534 994 633 1042 tectum
650 1002 755 1052 menm3
781 986 897 1054 omnimo
915 1005 971 1043 non

173 1074 231 1113 snm
250 1058 354 1128 dignus,
383 1059 429 1126 qui
446 1074 528 1113 vocer
545 1057 616 1114 filius
633 1064 705 1128 tuus,
733 1059 797 1126 quia
813 1059 924 1127 peccavi
941 1060 971 1114 in

171 1130 275 1184 coelum
294 1138 322 1184 et
339 1145 429 1184 coram
446 1137 482 1198 te,
507 1130 620 1198 gratiam
637 1135 711 1184 tuam
728 1136 856 1196 tuumque
875 1129 970 1186 Secre-

170 1207 288 1256 mentum
299 1201 449 1255 inveouum
458 1200 599 1269 recipiens,
613 1207 641 1254 et
650 1201 751 1255 servire
764 1208 792 1255 ta
804 1199 907 1256 faciens
920 1201 970 1255 ini·

171 1272 316 1340 quitatibus
328 1272 406 1328 meisi
442 1272 496 1326 Exi
515 1286 580 1340 ergo
599 1286 616 1325 a
632 1287 683 1340 me,
702 1271 830 1326 Dominel
851 1279 971 1328 attamen

171 1343 194 1398 si
211 1351 323 1412 propter
341 1343 449 1397 nimium
466 1342 605 1397 caritatem
623 1349 697 1397 tuam
715 1341 848 1398 desiderio
864 1342 971 1399 deside·

170 1428 215 1468 res
233 1414 333 1469 intrare
352 1415 380 1467 in
398 1429 444 1468 cor
468 1429 571 1483 meum,
598 1420 628 1468 tn
646 1413 776 1483 Domine,
804 1415 850 1482 qui
867 1415 971 1470 ornasti

171 1485 268 1554 coelos,
286 1484 330 1540 fac
347 1501 394 1540 cor
411 1499 499 1540 meum
517 1484 720 1553 immaculatum,
739 1491 770 1539 ut
787 1499 842 1539 non
859 1484 970 1540 confun-

172 1554 237 1625 dar3
255 1557 345 1625 aspice
363 1557 391 1610 in
407 1571 459 1626 nne,
482 1563 511 1611 et
528 1557 655 1612 miserere
673 1555 734 1624 mei,
753 1571 770 1610 o
788 1555 872 1626 Deus,
891 1557 971 1612 mise·

169 1627 286 1683 ricordia
298 1629 372 1682 meat
402 1626 425 1681 0
440 1628 477 1682 mi
488 1628 563 1697 lesu,
577 1628 704 1684 miserere
717 1627 782 1682 meil
809 1627 971 1684 Dulcissime

169 1700 246 1768 Jesn,
263 1714 298 1754 ne
317 1700 353 1755 sis
371 1699 437 1752 mibi
454 1699 543 1768 iudex,
562 1697 610 1753 sed
629 1698 755 1754 salvator.

206 1770 310 1825 Accede
328 1771 366 1824 ud
386 1771 535 1824 Dmniom
555 1767 899 1837 consummandorum
910 1786 972 1825 uem

168 1840 289 1908 fidacio:
307 1842 431 1897 Hortaris
445 1857 503 1910 nos,
518 1857 534 1896 o
547 1841 623 1909 Jesu,
636 1848 667 1894 ut
679 1839 833 1908 frequenter
846 1841 972 1896 comeda·

171 1927 230 1968 mus
243 1927 340 1981 panem
359 1919 387 1967 et
403 1912 525 1966 bibamus
537 1912 636 1980 vinum
649 1911 722 1978 quod
734 1911 863 1966 miscuisti
876 1912 968 1982 nobis;

171 1983 220 2038 sed
232 1985 349 2039 vicissim
367 1990 430 2038 tuae
449 1983 601 2038 severitatis
613 1983 736 2051 exempla
752 1997 795 2036 me
810 1982 971 2039 absterrent

171 2055 269 2111 Nonne
282 2062 402 2109 metuere
416 2052 511 2123 debeo,
531 2068 565 2106 ne
578 2070 639 2108 cum
652 2053 709 2108 Oza
722 2060 750 2108 et
759 2053 972 2112 Bethsamitibus

170 2141 280 2194 peream
304 2125 339 2180 ad
359 2131 509 2180 contactum
529 2131 558 2178 et
573 2132 744 2193 conspectum
760 2139 839 2178 areae
858 2125 971 2181 sanctis·

170 2197 229 2252 simi
238 2198 278 2252 tui
288 2196 435 2265 Corporis?
450 2195 552 2264 Timeo,
563 2211 597 2250 ne
606 2211 660 2250 non
668 2195 971 2266 hebeamvestemnup·

171 2268 271 2338 tialenr,
294 2281 362 2321 neve
380 2281 414 2321 ea
426 2273 522 2322 exutus
535 2267 626 2322 mittar
636 2267 664 2320 in
676 2265 801 2322 tenebras
810 2267 969 2324 exteriores

171 2338 276 2406 Ecquid
295 2353 358 2407 ergo
376 2337 472 2392 seciam
486 2338 587 2394 miser?
606 2339 629 2394 si
642 2353 685 2391 me
704 2338 915 2406 elongaverim
932 2345 971 2410 te,

170 2409 279 2478 peribo,
292 2409 432 2478 siindigne
441 2409 656 2464 manducaverim
668 2416 695 2463 et
703 2408 814 2464 biberim
842 2407 971 2464 indicium

169 2478 409 2536 mummoleno
426 2481 565 2549 sarisam
576 2449 892 2548 quitocianrnniiquo
903 2481 971 2536 mni

169 2558 232 2606 sunt
245 2552 393 2623 angustae,
412 2552 517 2621 etquid
536 2552 639 2621 eligam,
657 2551 760 2620 ignoro.
774 2579 807 2592 -
824 2550 970 2608 Carissimo

166 2621 195 2676 in
213 2621 320 2678 Christo
340 2623 432 2693 frater,
452 2639 533 2693 spera
549 2623 578 2677 in
590 2623 659 2692 Deo,
677 2621 764 2691 gaude
783 2622 812 2676 in
823 2622 891 2678 Jesu
911 2630 970 2694 tao,

168 2694 215 2760 qui
232 2709 288 2750 non
303 2697 378 2750 venit
394 2711 492 2750 vocare
510 2696 604 2762 iustos,
628 2693 677 2750 sed
692 2699 861 2762 peccatorem
887 2709 969 2749 voca·

167 2764 208 2819 vit
225 2764 261 2820 ati
279 2781 390 2822 coenam
407 2782 531 2835 magnam
547 2779 682 2836 pauperes
699 2781 731 2820 ac
742 2763 852 2833 debiles,
871 2779 970 2822 caecos

167 2842 196 2891 et
213 2835 339 2907 claudos3
370 2839 422 2895 hos
446 2838 574 2908 compulit
595 2837 713 2905 intrare3
739 2835 785 2890 ille
812 2843 855 2892 est
870 2837 970 2907 Jesus3
