2130 3242
317 179 350 218 Do
363 179 505 220 sumomonte
519 177 677 220 runcantur.
855 175 895 219 lat

270 277 291 322 i.
314 277 345 322 llo
358 277 422 322 nuto
435 276 513 333 nendi
527 289 577 320 oum
590 275 725 328 scrupulosis.

128 369 280 436 Praecipua
298 370 471 438 scrupulosae
491 368 669 423 conscientiae
689 367 861 436 signarunt:

5 513 6 518 χ
130 457 159 522 a)
177 454 334 522 pertinacia
352 453 456 520 iude'eii,
482 468 536 521 qua
554 451 726 520 scrupulosus
746 452 896 520 sapientum

93 525 212 580 consiliis
231 539 327 592 parere
345 527 450 592 renuit3
469 523 583 578 consulit
601 523 708 592 multos,
727 522 775 577 sed
798 523 896 576 nemini

93 595 256 664 acquiescit3
278 596 340 665 imo,
360 611 413 663 quo
431 596 523 664 plures
543 593 626 663 audit,
646 609 678 649 eo
697 593 782 662 magis
802 593 896 648 anxius

92 667 201 734 evadit3
226 667 253 734 b)
271 667 398 734 frequens
416 667 514 720 iudicii
530 667 644 720 mortorio
664 680 698 720 ex
716 663 821 719 levibus
840 680 894 718 mo·

90 739 171 794 tivis:
190 735 261 791 unde
280 737 365 792 oritur
383 737 561 792 inconstantia
574 738 602 791 in
616 735 728 806 agendo,
747 735 896 803 mentisque

91 809 280 880 perturbati03
313 811 338 876 e)
362 809 513 876 formidare
539 810 569 862 ie
588 808 711 862 ommibus
730 807 897 876 depeream,

90 897 144 936 nec
162 895 216 934 uno
236 877 391 934 confessarii
411 878 480 935 dioto
500 886 652 950 contentum
671 894 739 949 esse,
758 877 895 934 sedidem

91 951 204 1022 saepius
224 951 364 1018 exquirere
383 958 433 1006 eto.
657 967 659 972 ¹

131 1039 158 1090 1.
177 1032 363 1088 Confessarius
382 1049 472 1086 curam
492 1032 623 1101 dirigendi
638 1033 824 1103 scrupulosum
842 1048 895 1088 non

90 1104 232 1173 suscipiat,
251 1104 301 1158 nisi
316 1105 360 1158 ille
376 1104 506 1172 ostendat,
527 1121 556 1158 se
575 1105 683 1160 credere
704 1104 896 1168 confessarium

113 1191 176 1232 osse
196 1182 223 1229 et
240 1175 309 1230 velle
328 1177 415 1244 ipsum
433 1174 502 1229 bene
522 1175 644 1244 dirigere,
666 1176 796 1244 simulque
815 1191 895 1244 spon-

90 1194 159 1303 gent
177 1247 353 1306 constantiam
372 1245 445 1316 apud
459 1262 528 1316 eum,
548 1247 734 1303 confidentiam
747 1249 775 1302 in
789 1262 818 1302 se
833 1261 896 1315 ape·

90 1316 198 1388 tiendo,
212 1317 389 1372 obedientiam
405 1319 433 1372 in
448 1317 591 1386 sequendo,
607 1319 687 1380 etiam
702 1319 819 1386 seposito
834 1335 895 1386 pro·

91 1391 154 1460 prio
173 1387 287 1456 iudici03
305 1389 357 1444 hoc
372 1390 441 1443 enim
456 1396 497 1444 est
510 1388 663 1444 facillimum
678 1397 705 1444 et
718 1389 774 1444 iere
789 1389 896 1454 unicum

91 1459 212 1516 medium
230 1461 300 1514 tales
319 1461 439 1515 homiues
458 1459 576 1514 iuvandi.

131 1545 158 1596 2.
178 1541 363 1598 confessarius
381 1541 485 1611 videat,
514 1557 582 1610 quae
609 1541 644 1596 sit
661 1557 742 1596 causa
760 1541 897 1610 scrupulo·

93 1631 166 1682 nrm,
180 1620 208 1667 et
222 1619 350 1680 quantum
363 1628 448 1682 penes
461 1613 549 1682 ipsum
564 1619 613 1679 est,
627 1619 738 1668 conetur
752 1627 811 1680 eam
825 1629 897 1666 amo·

92 1685 149 1740 liri
184 1684 370 1738 Recenseutnr
392 1691 481 1739 autem
500 1699 597 1747 causae
616 1691 772 1750 sequentes:
792 1683 817 1752 a)
837 1699 897 1750 sug-

94 1755 183 1826 gestio
199 1754 344 1824 daemonis‚
358 1755 386 1820 b)
399 1755 563 1810 consortium
573 1754 800 1824 scrupulosorum,·
813 1753 835 1823 o)
850 1753 897 1806 im-

94 1827 230 1882 becillitas
244 1826 347 1896 capitis,
362 1823 388 1896 d)
405 1823 524 1881 deiectus
537 1825 627 1880 iudicii
641 1825 779 1894 naturalis,
792 1825 817 1894 e)
828 1841 907 1884 oom·.

95 1898 188 1968 plexio
208 1897 327 1965 corporis
347 1896 382 1950 ad
398 1897 521 1952 timorem
534 1913 678 1966 propensa,
696 1895 718 1966 ll
733 1897 837 1952 occulta
854 1912 897 1950 su-

95 1967 254 2095 perbiaDg)
274 1967 479 2037 pusillanimitas
505 1975 532 2024 et
551 1969 664 2024 deiectio
688 1968 776 2037 animi,
804 1967 832 2038 h)
850 1983 898 2024 vo·

108 2045 189 2096 nutas
235 2039 268 2098 ei.
746 2057 748 2062 ·

135 2115 160 2165 3.
191 2109 377 2166 Confessarius
401 2109 519 2166 resolute
543 2108 707 2179 respondeat
733 2109 899 2180 scrupuloso,

99 2199 154 2237 non
170 2182 323 2250 haesitans,
351 2197 400 2236 nec
419 2181 530 2236 multum
549 2181 727 2251 distinguens,
756 2181 804 2236 sed
821 2182 899 2236 abso·

98 2253 155 2307 lute
174 2254 314 2308 enuntians
330 2251 394 2320 quid
407 2251 557 2308 faciendum
576 2254 618 2321 sit,
638 2267 743 2322 semper
762 2251 898 2320 sequendo

98 2330 204 2392 partem
222 2323 421 2392 benigniorem,
448 2330 475 2378 et
494 2322 673 2378 dubitationes
698 2322 795 2378 infirmi
818 2324 899 2377 inter-

100 2402 211 2462 pretans
229 2395 257 2448 in
274 2395 413 2449 meliorem
430 2401 550 2462 purtem;
577 2411 711 2462 nunqnam
738 2401 827 2448 autem
855 2393 900 2448 det

99 2465 230 2520 rationem
244 2465 376 2534 responsi,
398 2466 461 2533 quia
473 2465 523 2520 has
538 2466 709 2534 scrupulosus
724 2472 819 2538 postea
838 2480 900 2520 exa-

99 2536 184 2592 minat
202 2537 304 2605 sibique
322 2535 411 2592 reddit
430 2536 524 2591 dubias
543 2552 574 2590 ac
593 2552 622 2592 se
641 2537 725 2606 magis
738 2536 864 2604 implicat

137 2622 162 2674 4.
181 2619 243 2673 Non
260 2620 379 2686 patiatur
398 2619 448 2674 sibi
467 2619 582 2687 proponi
596 2633 776 2686 quoscumque
791 2633 900 2684 scrupu-

97 2691 141 2746 los
160 2697 188 2744 et
206 2689 295 2758 dubia,
314 2690 363 2746 sed
376 2689 483 2758 quando
497 2690 634 2746 moraliter
652 2696 742 2744 certus
759 2695 809 2756 est,
828 2704 900 2744 soru-

99 2761 193 2831 pulum
213 2759 311 2828 afferri,
331 2761 448 2817 dimittat
466 2761 546 2815 etiam
564 2760 599 2816 ud
613 2760 830 2819 communionem
847 2773 901 2814 aon

100 2831 230 2901 auditum,
249 2832 313 2900 quia
329 2833 381 2888 bae
399 2832 625 2900 interrogationes
642 2837 671 2886 et
688 2829 841 2898 frequentes
858 2843 901 2884 ro·
