2108 3226
153 152 182 196 Si
388 117 571 205 ιΡιιιιιιιιιιιίοιιιι
585 156 614 196 ad
627 157 725 199 Missam.

270 289 273 296 .
286 255 360 300 oneo
373 258 448 300 ιιιιοιο
461 256 574 300 Ambrosio
587 255 691 308 Episcopo
704 255 819 308 masaia

232 330 317 382 (Divisa
333 332 355 370 et
368 331 504 380 indignior
518 331 666 371 habdomadae
680 330 726 370 dies
739 329 873 380 distributa.)

188 401 243 456 Die
256 401 411 455 Dominico.
431 400 537 455 Summe
550 400 676 456 sacerdos
697 408 724 455 et
737 415 801 454 vere
813 399 952 469 Pontifex,

154 473 221 528 Jeru
235 471 349 540 Christe,
368 473 414 540 qui
426 479 454 526 te
473 471 592 527 obtulisti
607 471 666 526 Deo
681 471 756 526 Patri
773 471 890 525 hostiam
902 488 952 540 pu·

153 559 212 598 ram
231 549 258 599 et
274 544 470 598 immaculatam
487 543 516 596 in
530 559 578 597 ara
596 543 681 597 crucis
695 559 744 611 pro
756 543 833 597 nobis
847 543 954 598 miseris

155 623 183 669 et
199 615 394 684 peccatoribus,
420 621 448 668 et
473 615 519 681 qui
537 613 635 668 dedisti
652 614 730 670 nobis
749 614 862 668 Carnem
879 621 957 668 tuam

155 685 190 740 ad
207 685 419 740 manducandum
437 692 465 739 et
478 685 640 753 Sanguinem
653 694 729 740 tuum
747 685 782 738 ad
799 685 955 754 bibendum,

155 765 182 812 et
194 757 308 826 posuisti
321 757 477 825 mysterium
489 756 562 811 istud
575 757 603 810 in
616 757 715 822 virtute
729 756 844 824 Spiritus
859 758 954 825 sancti,

155 828 260 882 fficens:
279 827 358 881 Haec
372 828 586 896 quotiescumque
601 828 729 896 feceritis,
747 829 777 881 ia
794 828 847 880 mei
858 843 956 882 memo·

153 900 226 954 mom
240 899 364 965 facietis;
391 914 457 966 rogo
482 898 664 966 pereundam
682 898 844 967 Sanguinem
870 905 957 968 tuum,

154 985 279 1038 magnum
297 969 390 1024 salutis
403 977 510 1024 rosnae
530 971 653 1038 pretium,
672 986 738 1038 rogo
759 985 809 1038 per
822 969 892 1024 hanc
905 971 956 1023 mi·

154 1056 212 1095 ram
237 1047 265 1094 et
290 1039 452 1094 ineffabilem
470 1041 623 1109 teutatem,
648 1057 702 1109 qua
719 1056 769 1096 nos
795 1041 909 1096 miseros
928 1048 958 1096 et

153 1110 277 1180 indignos
302 1111 340 1166 sic
359 1127 448 1166 amare
466 1111 589 1180 dignatus
615 1127 657 1181 cs,
685 1119 716 1166 ut
737 1112 844 1166 lavares
868 1128 920 1167 nos
940 1128 959 1166 a

153 1182 271 1251 peccatis
291 1183 390 1237 nostris
410 1183 439 1236 in
460 1182 593 1251 Sanguine
612 1190 676 1251 tno;
696 1182 762 1238 doce
780 1197 822 1236 me
847 1197 958 1238 serrum

154 1260 229 1309 tuum
246 1253 398 1322 indignum,
425 1270 504 1323 quem
520 1256 591 1309 inter
609 1261 699 1309 cetera
716 1253 788 1308 dona
805 1260 854 1309 tua
874 1255 958 1310 etiam

155 1323 190 1378 ad
208 1323 320 1378 officium
339 1325 504 1380 sacerdotale
531 1340 628 1380 vocare
653 1325 777 1394 dignatus
802 1340 845 1392 es,
874 1325 957 1381 nullis

154 1396 221 1450 meis
234 1396 343 1465 meritis,
358 1395 406 1452 sed
421 1397 491 1452 stola
504 1395 656 1464 dignatione
670 1395 868 1452 misericordiae
882 1397 956 1466 tuae,

155 1494 190 1508 -
208 1466 274 1521 doce
293 1482 351 1535 me,
376 1483 490 1537 quaeso,
518 1483 567 1535 per
586 1467 713 1535 Spiritum
731 1474 852 1522 sanctum
869 1475 956 1538 tuum,

153 1544 257 1592 tantum
274 1545 391 1593 mactare
408 1539 563 1608 mysterium
581 1554 614 1593 ea
626 1539 778 1594 reverentia
796 1545 824 1593 et
841 1539 956 1609 honore,

155 1623 189 1664 aa
206 1609 348 1664 devotione
376 1616 403 1665 et
427 1611 536 1679 timor'e,
565 1611 661 1677 quibus
689 1615 796 1678 oportet
823 1616 851 1664 et
867 1609 956 1666 decet.

154 1680 211 1735 Fac
228 1694 271 1735 me
295 1682 476 1750 pergratiam
503 1688 577 1735 tuam
603 1696 709 1750 semper
735 1679 802 1735 illud
826 1680 860 1734 de
878 1687 956 1738 tanto

155 1752 282 1821 mysterio
302 1752 411 1806 credere
436 1759 464 1806 et
486 1753 650 1822 intelligere,
679 1753 778 1807 sentire
797 1758 825 1806 et
841 1751 956 1808 firmiter

154 1828 255 1892 tenere,
275 1823 363 1878 dicere
382 1831 410 1878 et
428 1824 554 1892 cogitare,
574 1823 647 1892 quod
659 1824 708 1878 tibi
721 1823 811 1892 placet
832 1829 860 1878 et
874 1839 956 1895 expe·

155 1892 195 1947 dit
219 1895 322 1948 animae
346 1910 431 1953 meae.
474 1895 560 1948 intret
585 1895 700 1963 Spiritus
728 1901 790 1950 tuus
814 1894 902 1949 bonus
928 1896 958 1949 in

156 1980 203 2020 cor
221 1981 317 2035 meum,
336 1967 382 2034 qui
400 1972 478 2021 sonet
494 1965 533 2018 ibi
546 1965 603 2020 sine
622 1981 697 2034 sono,
716 1972 743 2020 et
761 1966 819 2020 sine
839 1967 956 2034 strepitu

155 2037 299 2091 verborum
311 2038 437 2104 loquatur
458 2051 562 2090 omnem
579 2037 720 2091 veritatem
740 2043 877 2091 tantorum
901 2054 958 2107 my·

156 2109 313 2176 steriorum3
329 2107 461 2176 profunda
470 2107 569 2176 quippe
584 2115 646 2162 sunt
658 2108 736 2162 nimis
751 2114 779 2162 et
793 2123 870 2162 sacro
884 2115 959 2164 tecta

155 2179 294 2234 velamine.
309 2180 424 2246 Propter
433 2194 556 2246 magnam
565 2178 732 2234 clementiam
749 2186 823 2232 tuam
839 2179 959 2234 concede

155 2250 220 2304 mihi
233 2251 378 2305 Missarum
392 2249 521 2304 solemnia
533 2249 632 2305 mundo
645 2249 726 2304 corde
746 2256 773 2304 et
786 2265 855 2317 pura
867 2259 959 2306 mente

156 2322 300 2376 celebrare.
319 2321 419 2375 Libera
432 2337 478 2375 cor
486 2337 575 2376 meum
589 2322 622 2376 ab
631 2321 772 2375 immundis
789 2327 816 2375 et
824 2320 958 2391 nefandis,

155 2394 232 2447 vanis
256 2401 284 2447 et
303 2393 391 2446 noxiis
413 2393 625 2460 cogitationibus.
658 2393 735 2446 Murri
754 2407 797 2446 me
816 2392 959 2448 beatorum

155 2464 320 2532 Angelorum
333 2463 378 2530 pia
398 2471 426 2518 et
444 2461 498 2517 fida
513 2464 634 2519 custodia
654 2479 685 2518 ac
704 2463 790 2518 tutela
803 2462 958 2533 fortissima,

156 2541 186 2589 ut
199 2535 291 2588 hostes
311 2535 428 2587 omnium
447 2535 577 2589 bonorum
598 2534 700 2590 confusi
724 2533 870 2589 discedant.
904 2536 961 2590 Per

155 2605 281 2659 virtutem
295 2607 363 2659 tanti
376 2606 495 2674 mysterii
516 2614 544 2660 et
564 2621 614 2674 per
632 2622 739 2660 manum
759 2607 845 2660 sancti
859 2607 959 2676 Angoli

155 2677 196 2730 tui
208 2676 309 2743 repello
331 2691 347 2730 a
362 2692 405 2730 me
420 2684 447 2731 et
461 2693 478 2731 a
491 2679 593 2732 cuncus
614 2679 699 2732 servis
719 2677 773 2731 tuis
787 2676 959 2732 durissimum

156 2747 278 2814 spiritum
297 2748 439 2816 superbiae
469 2757 496 2802 et
514 2746 692 2815 cenodoxiae,
719 2747 836 2802 invidiae
854 2756 884 2802 et
901 2749 959 2804 bla-

156 2817 301 2887 sphemiae,
320 2817 505 2875 fornicationis
519 2826 547 2874 et
559 2819 749 2887 immunditiae,
765 2817 911 2876 dubietatis
930 2828 958 2876 et
