2108 3226
281 189 355 228 Tertio
368 187 509 238 praeparatio
523 186 552 226 ed
565 186 663 228 Missum.
831 180 870 224 1⁰1

80 288 222 344 lisiardum
242 291 345 346 scelus!
374 290 473 345 bonum
490 289 556 348 mibi
573 296 653 358 esset,
681 289 705 344 si
722 295 802 344 nabis
817 303 872 344 non

78 358 184 416 fuissem.
205 361 316 417 OJesu
330 361 434 430 dilecte,
453 360 573 430 candide,
587 360 742 430 rubicunde,
762 359 872 416 ιιιιιιιιιιο

77 447 110 485 ne
122 433 262 502 propitius
275 433 419 487 intrantem
431 433 461 487 in
473 438 729 488 sanctasanctorum
742 447 793 500 per
807 432 872 486 Sen-

77 504 172 568 guinem
196 512 296 572 tuum3
326 504 434 558 calicem
460 504 585 559 salutaris
603 503 747 571 accipiam,
775 517 872 558 nomen

75 581 139 628 tuum
154 576 295 630 invocabo
314 582 342 630 et
360 575 450 630 salvus
468 591 523 629 ero.

103 647 241 702 Sabbaio.
278 645 427 701 Considera
455 646 590 701 ιιιιιιιιιιι
615 649 647 698 ιιι
675 659 812 713 sponsum.
849 643 872 699 0

75 729 163 781 sponse
182 718 363 786 sanguinum!
383 733 482 785 sponsa
499 732 541 770 me
560 717 609 770 tibi
626 715 709 771 hodie
726 717 756 769 in
769 716 872 770 miseri·

75 787 156 842 cordis
170 797 198 844 et
212 789 442 858 miserationibus,
456 818 490 828 -
505 788 527 842 Ο
542 789 608 843 Jesu
623 794 734 855 ametor,
750 786 872 855 speciose

74 870 130 922 pree
147 859 212 915 filiis
232 861 386 914 hominuml
409 860 486 914 mehe
504 875 546 913 me
564 866 627 927 post
642 866 671 913 te
689 858 807 913 funiculo
826 873 870 913 cs·

74 927 151 985 rictu
168 938 247 986 tuae.
285 931 308 985 0
327 932 402 999 Jesu,
419 931 522 985 zelator
540 931 700 999 animarum
718 930 788 998 ignis
807 945 869 984 con-

74 1012 180 1071 sumens,
210 1003 261 1071 qui
278 1001 345 1056 fecis
363 1002 481 1070 Angelos
498 1009 560 1056 tuos
584 1001 708 1070 spiritus,
734 1001 870 1058 ministros

73 1074 126 1126 tuos
143 1073 237 1141 ignem
256 1080 394 1141 urentem,
419 1073 495 1141 veni,
523 1087 571 1126 ure
589 1087 667 1128 renes
685 1087 760 1127 meos
779 1079 806 1127 et
824 1089 871 1127 cor

75 1153 169 1212 neum3
187 1146 282 1214 ignem
294 1145 393 1198 venisti
410 1145 514 1199 mittere
534 1145 563 1197 iu
575 1150 682 1212 terrem,
701 1151 729 1198 el
742 1143 806 1212 qnid
819 1145 869 1213 vis,

75 1211 119 1266 nisi
136 1222 167 1268 ut
184 1215 374 1271 accendetur?
399 1245 434 1254 -
459 1215 541 1283 Veni,
570 1229 703 1283 osponse
720 1216 771 1283 mi;
799 1215 871 1285 veni,

77 1284 132 1347 quie
149 1301 245 1342 umore
264 1287 390 1354 langues3
409 1301 471 1340 ecce
493 1293 551 1340 eret
569 1302 615 1340 cor
632 1301 735 1354 meum,
759 1285 871 1354 refrige-

80 1353 124 1408 scit
141 1359 243 1414 caritas
262 1373 331 1425 mee,
349 1357 448 1412 idcirco
467 1372 528 1412 ecce
546 1357 625 1411 venio
644 1357 750 1412 obviem
766 1357 823 1427 libi,
841 1363 873 1412 ut

78 1426 196 1505 seniente
215 1438 255 1498 ce,
274 1445 290 1484 o
309 1429 406 1482 dilecte
424 1428 469 1497 mi,
494 1428 591 1483 ardens
608 1427 656 1482 fist
674 1445 721 1482 cor
738 1442 826 1482 meum
845 1434 873 1482 et

78 1492 192 1575 luqueius
209 1503 275 1570 igne
292 1500 333 1554 tui
350 1500 456 1554 amoris.
475 1500 601 1567 -Veni,
619 1500 733 1554 Domine
746 1500 826 1566 Jesu3
845 1505 873 1554 et

81 1577 141 1646 dont
152 1571 216 1640 igne
232 1572 401 1626 examinetur
410 1571 575 1639 etprobetur
589 1577 735 1638 argentum,
753 1570 792 1624 iic
801 1585 872 1624 emo·

80 1649 113 1715 bs
128 1642 167 1696 tui
183 1644 250 1712 igne
269 1643 392 1697 examine
410 1657 576 1710 cormeum,
602 1650 633 1695 ut
650 1657 704 1696 non
721 1640 874 1694 invenietur

83 1721 107 1760 111
121 1726 161 1766 me
178 1715 318 1783 iniquitas.
354 1714 477 1782 Amore,
504 1714 540 1766 mi
558 1713 633 1780 Jesu,
652 1711 720 1766 etsi
739 1710 873 1766 adiuveris

87 1793 130 1850 me,
155 1785 232 1841 Deus
251 1785 377 1840 smuteris
393 1799 477 1853 meus,
505 1799 591 1852 aquae
609 1783 708 1838 multae
726 1798 781 1836 non
797 1788 873 1852 poie-

71 1860 136 1962 ·runl
153 1858 326 1925 exstinguere
345 1856 491 1912 censalem.
562 1867 565 1872 ’

217 1998 322 2042 ferna
332 1953 531 2050 pompam
545 1997 587 2040 aa
599 1994 734 2041 Μιοιιιιιι.

114 2060 135 2116 0
158 2073 314 2122 summaer
341 2065 478 2120 adorande
502 2065 634 2132 Trinitas,
661 2080 730 2134 una,
758 2079 825 2118 vere
847 2071 875 2120 et

86 2139 185 2194 aetem
201 2138 307 2205 Deitas,
330 2137 415 2206 Deus,
435 2137 555 2205 Creator,
584 2136 708 2190 Selvetor
726 2144 753 2190 et
771 2135 874 2190 Guber-

86 2210 153 2262 neor
170 2224 274 2266 summe
291 2214 397 2277 polens,
416 2208 532 2276 sepiens,
559 2207 653 2275 bonus,
676 2207 763 2262 iustus
782 2214 809 2261 et
825 2207 874 2261 mi·

87 2277 203 2336 sencorsl
224 2295 284 2348 ego,
299 2287 422 2334 creature
435 2285 489 2346 tus,
509 2279 628 2346 quemvis
641 2277 759 2347 indigne,
776 2284 804 2333 te
816 2278 874 2332 leu-

89 2341 142 2404 duno
168 2359 196 2407 et
213 2351 265 2406 tibi
283 2351 385 2405 servire
404 2349 542 2418 desidero,
571 2350 642 2416 quia·
660 2349 694 2403 ed
712 2349 875 2404 laudandum

87 2421 242 2478 enectum
260 2429 288 2476 et
305 2421 434 2489 singulari
451 2421 538 2488 gretie
563 2428 611 2476 tue
628 2427 753 2475 vocatum
771 2436 813 2474 me
832 2435 875 2474 re·

90 2499 218 2557 wgnoscc.
252 2492 306 2546 Sed
319 2493 379 2561 quis
392 2491 440 2546 tu?
472 2493 547 2546 Deus
561 2507 592 2546 ec
605 2492 736 2547 Dominus
751 2491 875 2559 omnium,

89 2569 129 2614 rex
144 2566 212 2620 coeli
231 2571 260 2619 et
276 2572 375 2632 terrae,
393 2579 505 2630 magnus
523 2569 551 2616 et
563 2563 705 2618 laudabilis
718 2563 804 2631 nimis,
824 2577 875 2630 ego

90 2641 143 2708 lero
159 2637 222 2690 vilis
235 2642 326 2689 serrae
340 2634 507 2703 vermiculus,
521 2635 609 2702 puulvir
624 2641 652 2689 ec
665 2634 738 2702 cinis,
753 2639 788 2702 et,
804 2631 877 2699 quod

91 2701 220 2776 udgnius,
238 2706 320 2760 toties
338 2721 403 2774 erge
415 2712 443 2760 te
455 2705 612 2761 inobediens
631 2711 659 2759 et
675 2705 797 2773 ingratus
814 2718 876 2770 pec·

91 2781 168 2852 erton
194 2785 222 2832 et
241 2776 375 2845 quomodo
400 2775 486 2831 susim
510 2777 602 2831 venire
621 2776 655 2830 ed
674 2772 877 2830 sacrificandum

90 2842 129 2902 ubi
141 2859 166 2906 et
179 2847 361 2906 confitendum
373 2847 474 2904 nomini
487 2856 543 2916 tuo,
556 2847 689 2902 Domine?
720 2846 821 2899 Verum
835 2857 877 2898 se·
