2138 3226
240 169 248 180 ’
341 181 421 222 hocca
434 191 475 230 pro
489 182 646 224 acerdouons.
851 181 893 228 m

128 278 195 336 Fiat
202 279 450 350 misericordiema,
463 279 587 352 Domine,
601 295 757 349 supernos:
775 285 788 310 *
802 298 893 353 quem-

95 349 241 406 admodum
258 351 424 420 speravimus
441 351 470 406 in
486 358 522 406 to.

128 422 164 476 In
191 429 234 491 te,
261 422 392 493 Domine,
424 422 544 491 speravi:
572 426 584 450 *
610 439 665 480 non
693 421 840 482 connmdsr
864 427 893 482 iu

93 500 378 648 nrgmffieffim
404 564 514 620 Petrem
539 571 568 620 et
590 564 690 620 Filiam
716 582 776 622 cum
799 575 893 624 senoto

93 635 338 764 Sl›ffitllisrademus
355 714 384 762 et
401 706 630 774 superexaltemus
649 721 712 762 eum
729 707 758 764 in
775 707 891 766 saecule.

133 778 166 832 V.
184 777 347 834 Benedictus
365 793 403 846 es,
421 777 543 847 Domine,
561 779 589 832 in
601 777 767 836 firmamento
780 780 857 850 coeli,

20 855 21 860 ’
127 848 165 904 st
183 849 222 904 Et
237 849 379 906 laudabilis
397 856 425 904 et
441 849 574 918 gloriosus
588 857 615 904 et
628 851 846 919 superexaltum
862 852 892 906 in

93 919 212 976 saecule.

133 990 255 1046 Oreooe.
290 989 374 1060 Deus,
400 990 475 1047 cuius
492 991 689 1048 misericordiae
712 1009 766 1050 non
785 1000 827 1050 ost
842 1011 891 1050 nu·

92 1077 184 1118 merus
198 1069 227 1117 et
243 1061 370 1119 bonitatis
388 1061 507 1117 infinitus
526 1070 568 1118 est
580 1063 737 1134 thesaurum
755 1065 892 1134 piissimos

93 1133 230 1188 maiestati
256 1140 319 1188 tuce
343 1149 394 1202 pro
419 1133 522 1188 nolletis
549 1133 629 1192 donia
652 1136 753 1204 gratias
779 1137 891 1207 egimus,

92 1212 168 1260 tuam
186 1219 293 1272 semper
311 1204 477 1260 clementium
494 1213 644 1275 exerentes,
662 1214 700 1276 ut,
719 1207 765 1275 qui
777 1209 891 1276 petenti·

93 1275 145 1332 bus
163 1275 302 1345 postulata
319 1275 458 1344 concedis,
487 1275 595 1332 eosdem
612 1293 667 1332 non
685 1277 827 1348 deserens,
855 1278 890 1336 sd

92 1347 215 1416 proemia
238 1345 329 1400 lutare
351 1346 485 1415 disponas.
521 1347 575 1402 Per
593 1347 727 1404 cornum
746 1349 891 1406 Dominum

92 1425 224 1474 ausuum.
259 1417 354 1472 Amen.

37 1497 41 1506 '
92 1489 285 1616 G(loetoetor
310 1488 436 1558 atrophos
463 1488 579 1544 Tectum
612 1503 677 1558 orgo
712 1496 737 1546 et
769 1489 891 1550 Genitori

116 1561 253 1628 enitoquc.

132 1632 163 1686 V.
182 1631 285 1686 Pensm
303 1630 337 1686 de
355 1631 430 1686 coelo
448 1630 606 1699 praestitisti
624 1631 672 1699 eis,

128 1703 164 1758 R.
184 1701 269 1758 Omne
288 1701 507 1756 delectamentum
524 1701 768 1758 trechorensem

126 1774 213 1844 Deus,
237 1773 283 1842 qui
304 1773 382 1830 nobis
404 1780 454 1828 etc.
477 1779 508 1827 ct
525 1789 612 1842 supro
624 1789 691 1843 pap.
712 1777 775 1830 225.

396 1844 584 1912 (Bereniceo.)

407 1964 412 1973 “
439 1967 539 1982 mmmmm·

228 2054 368 2112 enudus
386 2054 457 2112 PRO
477 2053 756 2112 SACERDOTIBUS.

385 2176 460 2222 Oratio
473 2175 598 2232 emortus.

130 2268 239 2326 Gratias
256 2246 305 2324 tibi
330 2284 390 2339 ego,
414 2269 565 2324 misericors
592 2268 675 2338 Deus,
702 2265 774 2337 quod
790 2249 833 2334 me
849 2267 890 2324 in·

97 2339 204 2410 tignum
222 2347 390 2409 peccatorem
407 2339 442 2394 cd
460 2338 573 2394 officium
594 2339 760 2396 secerdotele
777 2337 890 2409 elegisti,

98 2427 192 2481 meque
211 2409 328 2468 medium
344 2412 415 2466 inter
427 2417 455 2466 te
477 2417 504 2466 et
514 2411 642 2479 populum
655 2409 713 2466 fieri
726 2409 842 2478 voluisti,
859 2416 891 2466 ut

97 2489 169 2540 mam
187 2499 237 2552 pro
255 2498 298 2538 me
322 2489 465 2551 peccatore
489 2488 517 2536 et
539 2498 589 2550 pro
614 2481 706 2537 eodem
724 2480 824 2550 populo
841 2486 889 2536 tuo

97 2553 307 2612 misericordiam
315 2567 463 2609 exorarem.
495 2552 573 2608 Certe
587 2553 734 2622 angelicam
745 2551 891 2620 puritatem

98 2633 124 2682 et
141 2626 372 2682 conversationem
389 2623 513 2678 deberem
531 2624 633 2680 hebere
650 2639 700 2693 ego
717 2629 843 2692 peccator
860 2627 890 2678 et

97 2697 224 2767 inpuros,
243 2696 318 2754 curius
330 2696 359 2752 in
370 2695 491 2752 manibus
504 2694 539 2750 ud
552 2695 718 2764 eloquiorum
735 2692 890 2750 coelestium

97 2769 274 2838 prolationem
292 2766 396 2836 Corpus
413 2774 496 2836 tuum,
515 2782 532 2820 o
550 2766 663 2836 Christe,
681 2763 810 2834 deponis
826 2778 888 2820 con·

98 2847 217 2896 sectam
234 2839 355 2894 neoterio¹
386 2837 494 2894 Adiuvn
504 2852 556 2908 me,
573 2837 649 2896 Deae
666 2835 842 2904 omnipotens,
858 2838 890 2890 at
