2128 3228
260 191 454 232 nominationibus
468 189 595 230 Dominicae
609 191 739 234 Palmamm,
856 189 897 233 tea

13 345 19 362 ‚
94 257 98 262 ⁵
135 296 204 346 Art.
225 294 253 346 3.
278 294 326 344 De
344 295 520 356 palmarum
539 292 769 349 distributione.
794 296 822 361 1)
839 296 896 350 Pri·
953 327 956 333 =

101 379 161 418 raus
188 354 299 418 cleiicus
327 363 423 431 accipit
440 377 455 416 e
473 361 609 416 credentia
633 363 735 430 palmas
759 381 809 432 pro
828 368 896 422 cele·

100 435 197 490 branta
216 429 250 489 ed
262 435 372 502 clericis,
391 441 419 488 et
432 432 546 488 collocat
559 448 640 502 super
653 434 747 492 altare.
778 437 805 506 2)
820 436 896 492 celes

100 505 198 575 brena,
224 505 295 560 iacta
312 505 465 560 reverentia
482 505 568 573 cruci,
592 503 746 573 genuflectit
762 507 791 560 in
808 507 896 564 memo
999 512 1002 516 ’

101 576 202 632 duris.
247 577 273 646 8)
302 575 464 632 Genuflexas
489 576 585 643 accipit
611 590 645 630 ex
670 576 748 631 altari
773 579 896 650 palmam,

101 663 181 716 qnam
200 649 342 716 osculatur,
367 654 394 702 et
410 646 493 702 tradit
510 648 596 715 primo
614 647 711 702 clerico
730 650 896 707 servandam.

99 718 134 774 Si
151 719 224 774 oasa
251 720 351 787 alapam
374 719 513 785 sacerdos,
538 719 581 772 bic
603 718 679 772 deba
692 720 815 787 palmam
833 723 896 776 cele-

98 789 203 857 branti,
231 795 262 844 at
280 791 335 844 dict
354 807 380 844 ra
401 791 457 858 fait
475 789 508 843 da
525 789 639 843 candela
662 791 692 843 ia
708 791 777 858 festo
795 793 895 859 Parid-

54 916 58 938 Ι
98 862 222 916 amicam.
263 861 290 932 4)
310 807 454 916 Obiebrans
472 859 575 916 accedit
593 859 628 915 ad
646 875 728 914 cornu
745 863 894 932 Epistolae,

100 939 129 987 et
147 948 207 986 cum
225 931 281 988 suis
299 933 401 987 clericis
418 933 514 987 recitat
531 931 713 1001 Antiphanes:
737 933 823 988 Pueri
840 936 896 989 He·

68 1025 71 1030 ·
98 1003 239 1058 bacarum
258 1010 308 1058 etc.
345 1004 371 1073 5)
397 1003 512 1070 Deinde,
531 1003 608 1057 iacta
625 1003 796 1072 inclinatione
814 1007 895 1076 cruci,

97 1075 179 1129 vernt
197 1089 226 1130 se
246 1073 280 1128 ad
297 1075 433 1144 populum,
453 1081 481 1129 et
489 1075 507 1143 ¹)
527 1073 660 1129 distribuit
677 1076 789 1143 palmas,
807 1078 895 1145 primo

96 1144 270 1215 presbyteris,
294 1147 317 1200 si
336 1146 431 1215 adsint,
456 1145 551 1200 deinde
570 1144 680 1214 clericis,
699 1147 847 1214 genuflexis
864 1149 893 1202 in

97 1215 279 1284 suppedaneo,
294 1222 322 1270 et
337 1215 471 1285 digniores
484 1231 568 1284 prope
582 1233 665 1271 cornu
678 1219 832 1288 Epistolae3
847 1221 892 1289 qui

99 1301 192 1340 omnes
212 1286 365 1341 osculantur
381 1288 456 1355 prius
474 1303 585 1354 ramum,
611 1287 707 1342 deinde
725 1305 831 1344 manum
849 1307 891 1346 ce·
953 1349 955 1354 ,
1055 1289 1056 1298 ’

96 1355 233 1412 lebrantis.
259 1360 285 1427 6)
305 1357 449 1412 Celebrans
468 1357 604 1412 descendit
621 1359 655 1411 ab
674 1360 759 1430 altari,
778 1369 805 1416 et
822 1362 895 1417 iacta

96 1428 257 1496 reverentia,
275 1428 377 1484 accedit
391 1428 425 1482 ad
439 1427 570 1483 cancellos
589 1428 680 1484 altaris
698 1444 792 1487 versus
810 1449 893 1487 cornu

98 1498 247 1566 Epistulae.
275 1500 302 1567 7)
320 1499 369 1568 lbi,
384 1498 513 1554 offerente
526 1500 628 1567 palmas
647 1515 663 1553 a
681 1501 794 1557 sinistris
806 1505 893 1571 primo

100 1570 198 1624 clerico
216 1569 355 1625 celebrans
370 1571 463 1639 incipit
480 1569 590 1626 easdem
607 1570 766 1626 distribuere
784 1575 893 1643 populo,

96 1641 183 1709 primo
207 1641 282 1710 viris,
306 1641 402 1696 deinde
419 1640 532 1696 feminis.
568 1641 594 1708 8)
614 1641 753 1710 completa
770 1644 894 1699 distribu-

98 1711 173 1766 tione
200 1712 337 1768 celebrans
367 1713 440 1767 lavat
463 1727 557 1766 manus
584 1713 611 1766 in
638 1713 717 1780 plano
745 1715 893 1784 Epistolae,

97 1782 201 1838 clericis
225 1783 444 1840 ministrantibus.
486 1784 512 1853 9)
537 1782 648 1838 Accedit
672 1799 722 1851 per
746 1785 892 1854 longiorem

98 1852 133 1908 ad
151 1854 250 1923 altare,
279 1860 306 1909 ct
331 1855 360 1908 in
385 1871 467 1910 cornu
490 1854 630 1922 Epistolae
654 1853 730 1909 dicit:
757 1856 894 1912 Dominae

96 1925 240 1991 rebeccam,
267 1926 429 1981 stultiorem
450 1925 611 1980 Orationem.
649 1927 691 1994 10)
712 1927 821 1981 Interim
839 1929 892 1996 pri-

97 2011 156 2050 mus
175 1997 286 2051 clericus
305 1998 423 2066 apponit,
442 2005 470 2052 et
486 1996 575 2051 firmat
591 1997 658 2051 vitta
675 1998 795 2053 violacea
812 2016 893 2054 unam

7 2091 9 2100 ⁴
97 2081 131 2122 ex
139 2067 433 2136 palmisineummitate
442 2069 527 2124 crucis
536 2068 749 2136 processionalis.
766 2071 892 2136 lllGom·

7 2139 8 2148 ’
96 2139 171 2207 plata
190 2138 335 2208 Oratione,
360 2141 461 2207 primns
480 2139 591 2194 clericus
609 2140 722 2208 porrigit
739 2142 892 2212 celebranti,

98 2217 126 2264 et
144 2210 204 2264 aliis
223 2209 327 2265 dnobus
346 2211 448 2266 clericis
466 2211 568 2279 palmas
587 2217 615 2265 et
633 2212 796 2279 exemplaria
813 2213 892 2270 huius

97 2280 261 2336 Memorialis
279 2297 329 2349 pro
347 2281 489 2337 recitandis
507 2283 535 2336 in
552 2283 732 2350 processione.

133 2353 292 2406 Aruerno
302 2356 507 2415 processione.
529 2352 553 2421 1)
571 2353 892 2423 Celebrans,tenenspal·

97 2437 167 2476 mam
184 2423 212 2477 in
229 2423 359 2490 manibus,
384 2424 466 2478 vertit
485 2439 514 2478 se
533 2424 567 2477 ad
585 2425 721 2493 populum,
740 2433 768 2479 et
785 2425 848 2480 dicit
865 2427 893 2480 in

97 2493 185 2546 medio
204 2493 313 2549 alteus:
341 2495 524 2548 Protodamas
541 2497 571 2549 ia
585 2511 668 2563 paca·
693 2502 720 2550 et
744 2497 833 2551 clerici
850 2513 892 2551 re·

7 2607 8 2626 2
98 2563 243 2632 spondent:
271 2565 307 2618 Ia
324 2567 431 2620 maniae
451 2566 557 2620 Chresti.
587 2567 682 2635 Alaea,
708 2574 735 2622 et
753 2568 892 2623 celebrans

7 2641 8 2668 l
97 2634 217 2689 inchoat:
238 2632 305 2689 Oeam
319 2639 552 2712 appropinquaret
565 2643 614 2691 etc.
629 2637 699 2706 (pag.
709 2639 789 2708 684).
808 2643 835 2708 2)
845 2640 892 2692 Di-

97 2705 194 2774 rigitur
221 2709 370 2777 processio,
402 2708 540 2777 praecedit
566 2709 667 2776 primus
693 2708 806 2765 clericus
833 2727 892 2764 cum

113 2865 134 2917 ¹)
149 2865 242 2906 Detecto
257 2866 335 2914 capite.
360 2867 390 2916 (8.
406 2869 430 2911 12.
445 2869 467 2910 0.
482 2869 513 2912 la.
528 2869 583 2909 Jalil
597 2868 668 2919 1626.)
