2108 3226
282 159 364 223 Quarta
377 176 518 226 praeparatio
533 177 561 216 ad
574 175 671 220 Mittam.
835 173 875 217 107

113 276 193 332 Actae
210 277 345 333 caritates
381 277 403 331 Ο
423 284 523 346 quanta
540 279 582 333 vis
608 278 706 332 amoris
731 293 779 332 cor
796 283 872 334 tuum

86 348 415 418 succenditamantissimo
425 347 500 418 Jesu,
518 365 586 418 cum,
600 350 761 403 transiturus
776 348 809 403 de
821 350 873 405 hoo

86 419 170 475 mundo
187 419 222 474 ad
234 420 354 488 Patrem,
372 435 490 475 mensam
502 421 605 488 parasti
624 420 710 488 nobis,
728 421 873 476 habentem

86 503 151 544 omne
170 490 394 545 delectamentum
406 498 433 545 et
455 507 560 546 omnem
580 506 704 558 saporem
717 491 872 546 suavitatis!

84 559 129 615 Pro
141 563 190 616 hac
203 569 252 617 tua
266 561 396 616 ineffabili
404 563 568 632 benignitate
578 578 638 616 amo
651 571 694 630 te;
714 568 741 616 et
755 569 785 616 ut
798 579 872 616 num-

84 645 152 697 quam
169 649 275 688 cessem
294 649 384 687 amare
401 640 443 702 te,
469 649 587 688 amorem
604 649 693 688 meum
710 642 738 688 te
755 633 816 701 ipso
832 635 872 693 in·

84 699 185 772 flamma,
204 706 252 773 qui
271 719 336 758 esca
353 712 380 759 et
397 706 526 774 pabulum
543 705 640 759 amoris
659 720 697 759 es.
886 760 890 764 .

113 776 193 829 Actus
211 775 350 830 desiderii.
377 776 604 843 Quemadmodum
623 775 760 830 desiderat
777 791 873 830 cervus

85 842 113 896 ad
128 844 213 902 fontes
232 862 372 916 aquarum,
389 849 428 902 ita
446 847 583 903 desiderat
601 848 689 900 anima
706 862 767 902 mea
785 846 820 901 ad
837 854 874 914 te,

85 912 197 972 Salvator
212 920 258 986 mi,
278 918 392 972 Domine
410 920 485 974 Jesu.
523 918 613 972 Trade
631 925 659 972 te
676 919 750 988 mihi,
774 925 802 974 et
821 917 875 973 suf·

84 983 143 1056 ficit3
167 1005 229 1043 nam
247 996 359 1058 praeter
376 997 403 1044 te
422 990 496 1044 nulla
520 990 667 1044 consolatio
692 990 773 1045 valet.
811 989 875 1044 Sine

84 1061 178 1182 tealesse
195 1075 320 1129 nequeo,
349 1066 376 1115 et
399 1061 456 1116 sine
475 1061 627 1116 visitatione
645 1069 693 1115 tua
710 1063 802 1116 vivere
820 1078 876 1117 non

85 1141 99 1177 v
122 1145 160 1185 eo.

95 1201 192 1279 'daus
208 1203 380 1258 hamilitatis.
415 1203 554 1272 Immense,
577 1203 723 1273 tremende,
742 1204 873 1272 potentis·

83 1283 147 1341 ane,
161 1281 187 1327 et
198 1275 477 1342 incomprehensibilis
492 1275 580 1330 Densi
596 1277 655 1343 qrris
670 1284 751 1344 estu,
771 1281 798 1328 et
813 1276 874 1344 quis

84 1355 133 1394 snm
148 1359 212 1415 ego,
235 1353 268 1400 ut
287 1345 405 1412 digneris
422 1347 514 1400 venire
541 1345 576 1400 ad
599 1362 642 1401 me
662 1355 689 1401 et
706 1347 873 1401 mansionem

83 1413 144 1478 apud
159 1431 201 1470 me
219 1415 334 1470 facere?
368 1414 491 1486 Domine,
510 1433 641 1472 nonaum
659 1418 754 1486 dignus
786 1424 816 1471 ut
834 1418 873 1470 in·

82 1487 129 1538 tres
145 1487 192 1540 sub
217 1495 322 1542 tectum
339 1503 441 1557 meum;
470 1488 519 1543 sed
535 1496 639 1544 tantum
665 1490 708 1543 dic
725 1459 820 1557 vdrbo,
847 1496 874 1542 et

83 1556 208 1612 sanabitur
225 1559 318 1614 anima
335 1561 409 1612 meai

112 1626 293 1684 locationum
319 1629 437 1684 directae.
480 1630 647 1684 Intentio
675 1629 874 1697 generalis.

83 1692 185 1776 Domine
202 1702 274 1756 Jesu
287 1700 401 1768 Christe,
419 1703 448 1754 in
461 1702 559 1756 unione
573 1702 644 1756 illius
663 1701 770 1754 divinae
788 1699 873 1753 inten-

84 1769 160 1838 tonis,
179 1786 233 1839 qua
250 1773 312 1839 ipse
330 1772 358 1825 in
375 1773 469 1826 ultima
482 1787 566 1827 coena
584 1773 653 1826 etin
670 1787 718 1825 ara
732 1771 817 1824 crucis
831 1785 873 1826 sa·

84 1837 197 1918 culinum
212 1843 343 1910 Corporis
362 1851 390 1897 ct
408 1843 550 1912 Sanguinis
567 1845 607 1898 tui
624 1844 685 1897 Deo
703 1843 779 1896 Patri
797 1842 872 1897 obtu-

84 1905 137 1979 isti,
155 1912 206 1968 hoc
224 1914 298 1968 idem
321 1913 479 1968 sacrificium
497 1915 522 1968 ei
541 1914 638 1969 offerre
656 1913 778 1982 intend03
803 1929 874 1968 com·

83 1978 176 2060 eluceat
194 1986 255 2054 sibi,
276 1985 378 2054 oJesu,
396 1986 472 2054 inte,
492 1995 520 2040 et
531 2001 582 2054 per
595 1993 622 2040 te
643 1985 776 2054 propitius
794 1985 873 2040 nobis

83 2055 112 2103 ut
126 2053 152 2106 in
168 2057 253 2110 vitam
272 2062 416 2111 aeternam.
448 2057 542 2110 Amen.

112 2121 167 2192 Ego
185 2129 249 2182 volo
270 2127 406 2181 celebrare
422 2127 534 2182 Missam
553 2133 602 2182 etc.
620 2132 652 2181 at
669 2143 729 2195 sap.
743 2143 810 2196 pay.
830 2129 873 2180 78.

111 2192 272 2253 Intentio
294 2199 546 2267 particularis.
582 2199 873 2266 Egoperhocsacro·

85 2273 192 2321 sanctim
206 2270 310 2324 Missae
332 2269 491 2324 sacrificium
512 2269 574 2338 volo
595 2270 718 2324 venerari
738 2275 766 2322 et
785 2269 874 2324 colere

85 2338 226 2400 spedaliter
235 2342 400 2410 mysterium,
410 2359 436 2394 v.
447 2357 471 2409 g.
482 2341 675 2396 iucarnationis
685 2349 744 2407 etc,
757 2340 802 2394 v'el
814 2355 874 2394 san·

85 2409 188 2464 ctumN.
204 2420 255 2467 etc.
268 2413 370 2480 gratias
389 2427 469 2480 agere
487 2414 648 2480 praesertim
665 2428 715 2480 pro
734 2411 873 2478 beneficio,
907 2421 909 2426 ’

86 2487 106 2552 y-
122 2494 145 2546 g.
161 2481 302 2552 Baptismi,
328 2482 435 2538 Ordinis
453 2484 530 2551 sacri,
549 2487 608 2552 etc,
633 2485 739 2538 veniam
758 2496 872 2536 exorare

86 2550 200 2615 ¹11¹1trimis
218 2555 253 2609 de
271 2561 384 2622 peccato
403 2571 428 2608 v.
447 2570 473 2622 g.
493 2555 644 2624 superbiae,
670 2553 804 2620 luxuriae,
823 2560 874 2608 etc.

86 2619 180 2701 taudem
196 2626 342 2694 impetrare
360 2625 494 2694 virtutem,
522 2642 547 2679 v.
566 2641 592 2694 g.
609 2625 776 2692 humilitatis,
795 2623 874 2678 casti·

88 2691 146 2765 aas,
163 2697 318 2765 patientiae,
339 2702 389 2751 etc.
417 2697 536 2764 Accepta
552 2698 587 2751 sit
599 2696 657 2765 tibi,
669 2695 792 2763 Domine,
806 2695 874 2748 haee

86 2765 184 2822 mendo
202 2783 270 2838 maa,
290 2775 319 2822 et
337 2784 353 2821 a
371 2774 398 2822 te
416 2774 477 2822 rata
494 2767 634 2822 habeatur.

117 2831 274 2894 lutentio
299 2838 512 2908 personalis.
549 2839 609 2906 Ego
628 2837 690 2891 volo
709 2832 847 2890 sacruml
