2106 3228
255 180 365 220 Materiae
373 177 541 237 ¹nonnullarum
553 177 723 225 meditationum.
865 175 893 224 81

183 323 233 374 85.
251 321 441 374 meditatio:
466 319 511 373 Dc
529 318 660 389 dipattote
677 321 804 376 sumatis

352 419 404 475 SC.
423 419 635 475 Ettdcaristium.

159 556 198 602 Qut
210 555 323 594 manducat
336 565 376 603 me,
391 556 410 594 ct
424 555 470 604 ipse
483 554 535 594 vitet
547 557 632 606 propter
648 565 686 594 me.
711 553 785 605 (ioan.
799 552 829 606 6,)

129 686 152 742 Ι.
177 685 225 740 Act
244 700 305 738 eum
322 683 470 750 veniemus,
496 688 521 736 ct
546 684 712 737 mummmm
740 683 817 752 apud
834 701 894 742 eum

93 758 231 825 faciemus.
251 755 339 824 (Joan.
358 754 410 821 14.)
448 753 500 820 Qui
527 754 606 809 sumit
623 755 837 827 Eucharistiam,
864 756 895 812 fit

96 829 147 882 Dei
163 826 355 881 habitaculum.
383 823 420 880 Ut
437 825 580 893 intelligas,
599 832 700 894 quanta
717 827 752 882 sit
769 827 837 882 baec
856 827 894 882 di-

93 900 189 968 gnitas,
208 898 300 965 cogita
311 897 417 951 viscera
432 894 601 952 beatissimae
613 897 739 968 Virginis,
756 898 894 968 inquibus

93 972 208 1040 primum
231 970 313 1022 homo
331 966 418 1021 factus
436 966 574 1022 habitavit.
612 967 724 1034 Quantis
741 969 814 1024 illam
832 988 892 1040 gra·

91 1043 134 1098 tiis
153 1040 314 1096 cumulavit!
332 1039 370 1092 At
382 1038 406 1092 is
418 1037 476 1105 ipse
494 1047 542 1108 est,
562 1039 608 1105 qui
625 1039 654 1092 iu
666 1039 838 1096 Eucharistia
856 1041 891 1098 nd

91 1121 118 1168 te
136 1112 255 1166 divertit.
297 1109 404 1176 Quanta
428 1124 491 1177 crgo
516 1115 558 1165 est
581 1110 649 1164 haec
674 1110 811 1179 dignatio?
854 1115 892 1169 At

90 1185 145 1238 noli
162 1183 335 1252 permittere,
360 1188 391 1234 ut
407 1180 436 1232 in
459 1187 487 1234 te
506 1180 639 1236 divertant
663 1180 743 1237 foeda
767 1185 893 1243 amimalia

88 1255 234 1310 iniremum
252 1253 416 1321 passionum.

123 1327 160 1380 11.
191 1325 248 1394 Qui
264 1322 413 1376 manducat
429 1337 516 1375 meum
535 1321 656 1392 Carnem,
679 1329 705 1377 ct
722 1324 788 1379 bibit
804 1343 893 1382 mcum
912 1357 915 1364 .

89 1396 268 1467 Suspiciosum,
287 1396 317 1448 ia
329 1411 370 1448 nte
381 1398 472 1446 manet
485 1398 510 1446 ct
521 1409 568 1462 epo
581 1394 612 1446 ia
621 1410 658 1448 eo.
677 1396 706 1462 (J
707 1411 768 1452 oan.
781 1397 815 1466 6.)
829 1397 893 1452 Non

89 1469 178 1523 solum
196 1466 228 1520 fit
247 1465 429 1520 habitaculum
447 1464 507 1532 Dei,
527 1464 572 1531 qui
589 1465 786 1521 Eucharistiam
805 1469 892 1538 sumit,

91 1539 139 1594 scd
158 1537 313 1592 admirabili
331 1535 446 1603 quadam
458 1535 556 1589 unione
569 1534 600 1589 fit
613 1552 695 1590 unum
708 1554 768 1591 cum
782 1553 824 1592 eo.
842 1540 893 1594 As-

94 1625 224 1679 sequere,
251 1609 274 1662 si
292 1615 385 1675 potes,
412 1613 512 1676 quanta
530 1607 564 1660 sit
581 1607 649 1662 haec
668 1607 798 1678 dignitas,
826 1610 896 1664 uniri

96 1680 258 1736 humanitati
276 1679 384 1746 Christi,
403 1676 549 1746 etidcirco,
569 1692 602 1732 ea
614 1678 756 1748 mediante,
770 1679 823 1747 ipsi
835 1696 895 1748 per-

94 1768 178 1808 sonae
196 1750 296 1818 Verbi,
325 1757 353 1804 et
375 1749 425 1803 toti
443 1747 574 1817 Trinitati‚
600 1765 668 1816 quae
688 1751 896 1806 concomitanter

93 1824 120 1878 in
140 1821 318 1880 Eucharistia
336 1821 456 1876 sumitur.
494 1819 648 1890 Considera,
668 1820 703 1874 ad
721 1820 785 1889 quid
803 1828 830 1876 te
848 1823 895 1876 im-

94 1896 179 1964 pellat
196 1900 275 1948 tanta
293 1893 394 1960 gloria5
417 1897 456 1959 ut,
484 1891 529 1957 qui
546 1890 630 1946 uniris
648 1892 716 1960 Deo,
735 1893 896 1948 avellaris'a

91 1967 148 2022 luto
167 1971 322 2020 creatarum
339 1977 437 2029 rerum,
455 1970 485 2017 ut
503 1961 582 2030 dicta,
609 1961 688 2032 iacta,
713 1965 831 2032 cogitata
848 1972 896 2020 tua

91 2038 145 2092 sint
162 2037 239 2103 talia
258 2049 328 2102 quac
347 2049 401 2088 non
420 2033 567 2088 dedeceant
584 2034 731 2088 membrum
750 2035 857 2090 Christi.

125 2109 177 2164 ΠΙ.
205 2107 271 2176 Epo
289 2107 349 2158 uico
363 2109 478 2174 propter
494 2103 612 2173 Patras,
640 2111 665 2158 et
683 2107 731 2174 qui
747 2107 896 2160 munducat

90 2195 140 2248 mc,
158 2185 184 2233 ct
202 2179 262 2246 hese
280 2178 350 2230 oinct
363 2181 478 2244 propter
494 2190 544 2230 me.
564 2174 650 2243 (Joan.
661 2176 735 2245 ibid.)
753 2177 894 2231 Excellen-

90 2251 154 2304 tinm
173 2249 284 2304 unioms
303 2263 363 2300 cum
382 2247 488 2301 Christo
507 2244 633 2315 adverte;
660 2247 729 2302 deut
745 2247 831 2303 Filius
851 2264 894 2302 ac-

90 2322 155 2390 cipit
170 2321 282 2375 aPatre
293 2319 445 2387 essentiam,
466 2319 550 2372 vitam
563 2324 591 2370 et
601 2333 692 2374 omnes
703 2318 893 2390 perfectiones,

91 2392 137 2461 ita,
161 2399 192 2446 ut
211 2391 248 2446 sit
264 2406 335 2444 unus
352 2391 429 2444 Deus
447 2405 507 2443 cum
523 2388 583 2441 Deo
600 2389 689 2458 Patre,
709 2397 737 2444 et
753 2390 782 2444 in
802 2405 834 2444 eo
853 2390 892 2443 vi-

89 2471 143 2532 vat,
164 2461 329 2529 easdemque
348 2477 408 2514 cum
426 2459 472 2514 illo
490 2457 670 2528 perfectiones
687 2460 795 2528 habeat,
821 2459 893 2516 idem

89 2533 250 2603 intelligere,
277 2532 348 2586 idem
366 2531 437 2586 velle
463 2538 491 2585 ct
515 2531 636 2599 operari;
662 2531 702 2585 ita
718 2547 768 2600 per
786 2531 893 2586 Eucha-

89 2606 181 2731 {suffiae
172 2604 388 2731 01111111Βιιέἰ11110111111
400 2601 434 2657 iis
454 2601 589 2670 particeps
608 2603 680 2657 vitae
695 2610 729 2656 et
751 2601 894 2672 perfectio·

124 2779 198 2820 Debes
212 2788 266 2827 ergo
282 2777 338 2818 idam
353 2775 456 2816 camillo
471 2775 559 2824 sentire,
574 2775 637 2824 velle,
651 2785 726 2824 agere,
739 2773 792 2824 pati,
807 2770 895 2811 lifficlet

89 2855 112 2896 td
124 2858 203 2897 unitus
216 2856 259 2896 tibi
272 2855 382 2903 Christus,
400 2853 445 2894 nisi
457 2855 483 2894 tu
498 2853 602 2894 obsistas.

141 2927 247 2968 Manuale
260 2927 407 2968 sacerdotum.
437 2925 521 2976 (lldltlo
534 2922 586 2975 VI.)
775 2920 792 2969 2
