2108 3226
252 141 338 182 Tertius
351 141 429 180 modus
441 141 546 182 vinitam
559 141 595 185 SS.
609 141 779 182 Sacramentum.
874 135 914 182 lat

153 239 207 294 Cor
216 239 289 308 mite,
303 254 350 292 cor
358 238 540 307 humillimum,
551 242 563 266 ⁴*
578 239 632 295 (lor
640 240 890 312 plenumbonitatis‚
904 243 917 268 ¹

117 312 172 366 (lor
190 317 238 364 tuo
258 308 293 362 da
310 310 477 379 simillimum,
496 313 508 338 *
526 311 570 364 Da
586 312 675 379 ignem
693 312 819 367 caritatis.

134 441 137 446 ,
154 380 211 435 Sed
221 380 304 448 quid?
320 381 343 436 si
352 382 396 434 vel
406 381 551 452 Seraphico
565 385 577 410 '⁸
591 383 690 437 Amore
701 399 747 436 cor
756 381 891 454 flagraret,
906 385 919 410 ¹

116 454 181 508 Non
199 459 291 506 tamen
308 452 360 509 hoc
377 452 499 507 incendio
519 455 530 479 *
549 453 611 509 Non
629 455 695 510 satis
713 459 740 507 te
760 461 869 508 amaret.

154 524 192 578 Ut
211 539 276 591 ergo
300 529 328 577 te
347 523 467 593 diligere,
486 526 498 549 *
517 525 573 580 Gor
588 526 670 593 Jesu,
694 526 795 593 possim
815 525 919 595 satia*

116 596 282 650 Immensum
300 594 342 662 da,
358 610 415 661 ,quo
434 611 508 650 amas
526 602 553 650 to
572 597 584 621 *
602 596 735 650 Ardorem
757 596 884 652 caritatis.

156 667 224 734 Hoc,
243 666 295 720 hoc
309 666 407 722 amoris
421 667 507 721 iaculo
521 670 533 694 *
548 667 601 721 (lor
618 683 707 722 meum
724 666 893 737 accendatur,
907 667 920 692 ⁴

116 737 158 792 Et
175 738 256 791 huius
275 737 308 790 ab
326 737 449 792 incendio
468 740 479 764 *
497 739 530 792 ln
547 739 650 794 cineres
668 739 797 794 solvatur.

158 807 180 862 0
206 824 279 863 mors
303 809 511 878 exoptatissima,
531 809 604 864 *Sic
629 811 698 865 mori
723 810 750 864 vi
777 809 889 864 amorisl
908 810 920 834 *

117 879 229 934 Amoris
248 880 283 933 sit
301 895 348 933 cor
365 880 473 934 victima
491 882 502 906 *
520 881 574 934 Pro
593 880 673 936 corde
687 881 885 949 Redemptoria

156 952 258 1004 Amore
276 951 315 1005 tui
333 951 442 1020 moriar,
459 953 471 977 *
490 951 543 1006 Gor
560 953 635 1022 Jesu,
655 968 728 1007 amor
745 955 836 1008 meust
855 955 867 980 '⁵
885 951 922 1008 Ut

118 1037 193 1076 novo
212 1020 294 1076 corde
313 1022 403 1076 ordiar
421 1023 433 1048 *
451 1021 549 1077 Amare
567 1030 603 1092 te,
623 1039 638 1077 o
657 1023 744 1079 Deusl
781 1024 876 1082 Amen

303 1152 396 1196 Limnias
409 1153 438 1198 ds
452 1153 595 1196 notatissimo
608 1154 676 1198 cordo
688 1155 747 1200 totu.

120 1235 208 1304 Kyrie
227 1235 338 1304 eleison,
360 1264 394 1273 —
413 1235 518 1291 Christe
533 1236 642 1306 eleison,
661 1265 695 1276 —
714 1237 797 1307 Kyrie
812 1237 920 1294 eleison.

124 1306 233 1361 Christe
252 1305 315 1362 audi
331 1321 390 1373 nos,
409 1336 443 1345 —
463 1307 568 1363 Christe
582 1308 679 1362 exaudi
696 1325 754 1366 nos.

121 1377 207 1432 Pater
225 1375 259 1430 de
277 1377 359 1432 coelis
377 1378 459 1446 Deus,
774 1393 777 1399 ’

121 1449 186 1518 Fili,
204 1447 370 1516 Redemptor
386 1448 486 1519 mundi,
504 1449 588 1520 Deus,

124 1519 243 1587 Spiritus
262 1527 361 1588 sancte,
380 1520 463 1590 Deus,

124 1591 226 1644 Sancta
244 1590 370 1659 Trinitas,
388 1607 457 1646 unus
474 1592 557 1661 Deus,

126 1662 182 1716 Gor
199 1661 275 1730 Jesu,
293 1662 375 1716 verbo
394 1662 446 1716 Dei
464 1663 674 1719 substantialiter
696 1664 808 1733 unitum,

124 1733 181 1788 Cor
199 1733 274 1802 Jesu,
293 1733 438 1788 divinitatis
457 1737 643 1804 sanctuarium,

125 1804 180 1858 Gor
198 1804 273 1872 Jesu,
292 1811 400 1860 sanctae
420 1805 557 1862 Trinitatis
574 1807 711 1876 templum,

124 1875 180 1930 Gor
197 1875 272 1944 Jesu,
292 1876 439 1944 sapientiae
457 1877 578 1948 abyssus,

126 1946 181 2001 Cor
199 1947 281 2016 Jesu,v
292 1947 420 2002 bonitatis
438 1963 563 2018 oceanus,

125 2017 181 2072 Oor
199 2017 275 2087 Jesu,
293 2017 492 2074 misericordiae
510 2021 631 2087 thronus,
667 2017 671 2032 '

126 2089 182 2144 Gor
198 2089 273 2158 lesu
291 2089 433 2144 thesaurus
451 2106 587 2158 nunquam
604 2088 739 2159 deficiens,

126 2159 188 2242 (lor
199 2159 274 2230 Jesu,
293 2159 327 2214 de
346 2161 421 2216 cuius
436 2161 601 2230 plenitudine
621 2177 712 2216 omnes
730 2177 780 2216 nos
797 2175 871 2216 aoce-

161 2247 259 2299 leflssr
736 2299 739 2304 .

127 2301 182 2356 Cor
200 2303 276 2372 Jesu,
294 2319 349 2372 pax
368 2310 396 2358 et
412 2305 593 2360 reconciliatio
611 2310 713 2373 nostra,

127 2372 183 2428 (lor
201 2373 277 2443 Jesu,
295 2375 424 2429 virtutum
442 2376 559 2429 omnium
577 2375 721 2444 exemplar,

129 2443 183 2500 Gor
200 2445 277 2514 Jesu,
294 2445 397 2500 infinite
415 2463 507 2502 amans
526 2452 553 2502 et
570 2446 671 2501 infinite
690 2446 839 2516 amandum,

129 2515 184 2571 Gor
202 2516 277 2586 Jesu,
296 2516 356 2572 fons
371 2533 458 2586 aquae
472 2519 590 2574 salientis
599 2519 627 2572 in
635 2519 718 2572 vitam
727 2525 872 2587 aeternam,

129 2586 185 2642 Gor
201 2587 278 2657 Jesu,
295 2589 324 2642 in
343 2605 396 2656 quo
415 2589 465 2644 sibi
482 2589 565 2644 Pater
582 2590 650 2644 bene
669 2589 836 2658 complacuit,

129 2657 184 2712 (lor
202 2658 277 2728 Jesu,
294 2660 450 2728 propitiatio
468 2677 518 2730 pro
536 2661 779 2730 peccatisnostris,

130 2728 185 2784 Gor
202 2729 278 2799 Jesu,
297 2739 409 2800 propter
426 2747 476 2788 nos
494 2731 670 2786 amaritudine
687 2731 827 2800 repletum,

897 2183 925 2354 unqou
897 1996 918 2148 earo-13
897 1885 924 1992 sm

130 2798 184 2857 Cor
202 2800 277 2872 Jesu,
295 2817 380 2870 usque
390 2801 546 2859 admortem
558 2803 674 2859 inhorto
685 2802 873 2870 tristissimum,
