2146 3234
343 156 375 196 De
388 157 529 197 §strumento
542 157 684 198 Mutrimonii.
871 155 913 199 587

113 256 145 310 iu
161 268 274 310 morum
292 253 388 310 deum
406 255 532 323 illiusque
546 255 634 310 dotem
650 268 735 322 tuque
752 254 790 308 ad
807 258 913 325 manet

114 331 197 380 tatem
215 325 360 380 semuduem
380 325 467 380 dictae
488 325 619 380 Orateias
636 325 793 394 qualitatem
811 343 912 396 canipe·
980 382 985 390 ,

113 402 200 452 teuter
218 411 315 466 auqere
332 396 456 451 iutcudat
475 402 521 451 etc.

149 469 174 536 c)
192 467 259 522 Pro
278 466 450 524 indotata:
469 466 615 537 ...Quoad
633 483 693 522 cum
712 465 786 521 eluta
801 467 914 524 mama

112 538 240 593 indotata
257 539 362 606 emetat,
391 544 416 592 et
434 538 522 594 dicteu
542 538 640 593 &ator
656 538 733 592 illam
750 539 789 592 sic
806 539 913 594 indota-

114 615 172 664 tam
189 610 220 664 iu
236 625 348 664 umorum
367 609 463 664 ducere
481 626 514 664 aa
530 609 662 678 usquead
680 610 856 678 quantitatem
874 626 913 664 oe·

115 680 234 736 cundum
252 681 341 735 dictae
363 680 495 735 Oratricis
513 682 670 748 qualitatem
687 685 862 749 cornpetemter
879 697 913 736 etc

113 753 218 821 iuteqro
237 751 331 806 letae
348 751 480 821 tumulat,
499 757 546 807 uc.

149 822 178 890 d)
197 822 335 889 Quando
360 824 451 878 alius
475 829 581 890 auget
602 821 730 877 dotem:
749 863 758 880 .
777 861 785 878 .
806 863 814 876 .
834 821 913 892 Qelod

113 909 175 948 cum
194 894 268 948 dicta
288 893 400 948 Oratrta
421 893 509 949 dotem
532 893 629 947 labem
653 895 743 948 mimus
766 898 913 962 competere·

114 965 369 1020 tantumdemque
386 966 431 1020 oui
447 965 634 1031 coaddiouem,
658 981 718 1018 cum
743 981 798 1033 qua
824 966 913 1020 airum

110 1037 193 1104 paris
220 1035 390 1102 conditoriis,
415 1037 461 1089 eui
483 1035 583 1090 uulua
600 1037 697 1105 poscit,
724 1037 844 1090 iuvenire
867 1051 912 1089 ue·

114 1111 202 1176 queat,
227 1112 252 1160 et
275 1107 386 1175 quidam
413 1106 557 1161 Oratorum
582 1107 803 1176 causaequiueus,
826 1105 864 1160 ad
882 1105 913 1160 id

114 1179 187 1232 aliae
203 1191 259 1232 mou
277 1178 417 1248 obleqatue,
438 1177 569 1232 Orateicie
586 1177 681 1245 dotem,
706 1179 748 1232 ita
765 1183 863 1244 tamem,
881 1182 913 1232 ut

116 1248 228 1303 Oratmi
244 1249 338 1318 mutat,
356 1254 381 1303 et
398 1263 454 1302 uon
471 1249 550 1316 alias,
568 1264 652 1316 usque
670 1248 708 1302 ael
725 1250 911 1317 quantitatem,
996 1283 998 1288 -

113 1319 261 1374 secuudum
279 1319 396 1374 amdam
424 1319 554 1374 Oratricis
579 1320 735 1387 qualitatem
755 1336 853 1389 cuque
870 1319 911 1374 eli·

114 1396 223 1460 alusque
243 1390 342 1446 Orator
364 1391 441 1446 illam
466 1407 526 1444 cum
550 1390 624 1444 elicta
641 1391 731 1445 miuus
756 1391 914 1459 compilasti

112 1461 178 1588 {gn
202 1467 227 1515 et
252 1462 327 1516 illiue
353 1467 495 1532 auqmeuto
518 1462 548 1514 iu
570 1477 681 1516 acorem
706 1461 802 1516 dacae
826 1463 911 1516 lutcu-

151 1537 170 1599 t,
188 1537 235 1587 etc.

149 1606 175 1660 3.
192 1603 324 1658 Misera
340 1603 478 1671 puellas
497 1602 666 1672 conditio,
681 1603 710 1657 1⁰
722 1601 910 1656 rationeseto·

112 1675 149 1730 tis
167 1689 264 1728 annum
282 1677 363 1728 itum
381 1674 534 1729 excedentis
554 1674 632 1744 (qnae
649 1674 719 1728 ratio
741 1688 796 1726 non
815 1671 909 1727 suffro-

112 1752 192 1814 gutur
210 1745 306 1800 viduos
321 1745 452 1801 secundus
466 1746 573 1813 nuptias
590 1745 740 1813 ambienti);
758 1743 788 1798 2⁰
806 1743 910 1797 rationo

113 1815 293 1872 derelictionis
312 1831 361 1872 seu
379 1816 558 1872 destitutionis
573 1816 679 1884 anxilii3
697 1832 723 1869 v.
744 1831 769 1882 g.
788 1813 811 1869 si
828 1813 911 1868 vidua

111 1887 234 1958 pluribus
253 1903 288 1942 ex
313 1888 366 1942 elio
390 1887 561 1942 Matrimonia
586 1894 698 1956 murata
719 1886 820 1954 liberis,
842 1883 911 1939 indi·

111 1967 176 2028 gent
192 1959 259 2028 viro,
278 1958 325 2026 qui
338 1973 430 2022 eornm
444 1975 535 2013 eurom
549 1953 684 2026 suscipiat,
703 1964 731 2012 ct
744 1971 791 2012 eos
806 1971 909 2011 eorum·

112 2045 165 2099 que
178 2027 313 2085 fortunam
326 2036 420 2084 contra
431 2029 541 2085 insidiis
550 2030 680 2084 melorum
693 2036 815 2095 tueatur,
828 2027 858 2080 3⁰
866 2043 909 2082 ro·

110 2102 185 2158 tione
203 2101 388 2169 paupertatis3
405 2117 432 2156 v.
451 2117 477 2169 g.
496 2101 519 2156 si
538 2100 653 2169 oratrix,
678 2099 730 2154 nisi
748 2098 829 2154 ducat
846 2114 909 2152 con-

83 2219 89 2228 .
111 2173 295 2241 sanguineum,
313 2169 469 2226 famulatum
487 2186 537 2240 per
560 2179 645 2226 totam
662 2171 753 2239 vitem,
777 2183 827 2224 noc
851 2170 909 2224 sine

112 2243 263 2304 discrimine
289 2243 392 2312 solutis,
418 2257 553 2311 exercerc,
577 2250 624 2296 ont
648 2241 753 2309 inipso
771 2247 909 2295 senectute

110 2314 228 2370 medium
240 2313 333 2370 ioman
345 2314 403 2382 pati
415 2320 571 2382 cogeretur3
588 2313 619 2366 4⁰
636 2312 706 2366 ratio
720 2310 857 2366 cuiusdam
868 2311 908 2364 in·

110 2383 252 2454 firmitatis,
276 2393 322 2440 ont
345 2384 530 2453 deformitatis,
555 2383 626 2438 undo
643 2383 728 2452 ipsius
746 2382 909 2438 consortium

112 2455 224 2512 efficitur
242 2471 297 2510 non
316 2456 487 2511 mediocriter
498 2454 683 2522 iniucundum,
702 2454 731 2508 6⁰
748 2454 908 2521 rationepe·

111 2527 189 2582 ricnli
206 2527 421 2596 incontinentiae,
447 2544 472 2581 v.
491 2543 516 2594 g.
536 2528 559 2582 si
576 2525 667 2594 puello
690 2525 846 2593 perentibus
865 2540 909 2578 or·

112 2597 178 2652 buta
195 2597 311 2665 plurium
325 2599 554 2654 sollicitationibus
573 2606 601 2653 et
613 2595 716 2652 insidiis
735 2595 851 2650 obnoxia
864 2595 908 2650 sit.

148 2668 208 2722 Hae
227 2683 324 2724 consae
342 2677 528 2739 proponuntur
544 2669 596 2722 hoc
613 2667 706 2724 modo:

149 2743 175 2796 1.
195 2739 342 2810 ...Quod
359 2757 419 2796 aun
437 2739 512 2796 elicta
532 2739 644 2796 &amia
655 2738 810 2808 uiqesimi
828 2749 908 2803 quae·

111 2817 170 2870 tum
187 2825 291 2866 amum
314 2816 339 2867 et
361 2812 437 2868 ultra
456 2827 523 2868 suae
546 2811 642 2866 aetates
667 2823 757 2881 wenc,
781 2807 909 2862 luamus
