2108 3226
269 193 304 234 De
317 193 440 242 gratiarum
453 195 540 234 salone
554 197 605 244 post
619 195 716 238 Missam.
856 193 895 238 111

95 296 166 364 gotia
184 295 283 351 salutis
303 294 407 363 agenda
428 297 512 365 magis
525 305 704 366 opportunum
721 297 798 354 nobis
813 300 893 354 obve-

94 369 149 422 nire
164 375 267 436 potest,
287 382 367 434 quam
382 384 441 421 cum
461 369 549 436 ipsum
562 384 646 437 penes
659 376 686 423 et
699 369 771 424 intra
783 387 832 426 nos
845 372 893 426 ha·

94 439 186 494 bemus
207 439 303 492 salutis
327 446 471 496 auctorem.
508 439 639 508 „Oportet
661 441 743 508 igitur
770 440 817 508 (ait
833 443 894 509 pius

93 510 315 565 imitationis
334 509 470 565 Christi
488 511 599 581 auctor),
613 519 644 565 ut
655 511 805 566 nonsolum
817 529 894 580 prae·

94 597 173 650 pares
192 588 221 635 te
242 580 465 636 rad-devotionem
484 590 545 636 ante
560 583 785 650 Communioncm,
804 583 853 637 sed
865 590 895 638 ut

96 655 175 708 etiam
193 658 221 706 te
241 651 355 706 sollicite
382 669 524 708 conserves
548 654 575 706 ln
601 669 633 708 ea
651 660 715 722 post
732 653 896 709 Sacramenti

95 724 313 793 perceptionem
327 739 376 777 nec
385 725 471 778 minor
481 724 603 780 custodia
610 733 673 794 post
682 725 806 794 exigitur,
817 740 896 793 quam

96 795 194 850 devota
207 795 381 863 praeparatio
395 796 484 864 prius;
505 812 567 850 nam
582 797 653 851 bona
667 795 838 865 postmodum
852 813 896 850 cu·

95 866 182 922 stedia
210 867 313 934 optima
337 866 434 920 iterum
453 873 495 922 est
521 869 691 936 praeparatio
715 867 750 921 ad
767 868 896 922 maiorem

95 940 223 1006 gratiam3
244 953 278 990 ex
297 953 329 992 eo
349 937 448 1006 quippe
466 937 587 993 redditur
605 939 664 1006 quis
682 939 760 992 valde
777 939 896 1008 indispo-

96 1011 170 1078 situs,
190 1009 215 1063 si
233 1009 324 1063 statim
342 1007 423 1063 fuerit
440 1008 475 1063 ad
490 1007 623 1064 exteriora
635 1010 713 1066 nimis
732 1009 858 1066 effusus“

129 1081 175 1134 Ex
189 1081 292 1148 teipso
307 1079 395 1149 disce,
411 1079 474 1147 quid
487 1079 560 1135 factu
574 1081 608 1136 sit
622 1097 705 1150 opus3
726 1082 749 1136 si
763 1082 895 1150 quispiam

96 1158 123 1206 te
141 1152 300 1219 invitasset,
326 1151 375 1206 sed
393 1150 471 1205 domo
489 1153 543 1206 iam
562 1160 702 1221 exceptum
719 1169 790 1222 mox,
819 1153 896 1221 quasi

96 1222 187 1278 taedio
204 1223 332 1276 consortii
351 1223 391 1276 tui
406 1221 524 1292 affectus,
543 1231 570 1276 te
584 1222 727 1293 desereret,
746 1224 781 1278 ad
793 1225 896 1278 ludicra

96 1302 122 1348 et
134 1294 229 1348 inania
243 1309 365 1361 quaeque
375 1309 435 1348 sese
447 1300 612 1363 convertens,
637 1295 763 1362 nulloque
772 1294 896 1349 familiari

96 1365 230 1433 colloquio
249 1371 297 1418 aut
313 1365 516 1419 benevolentiae
536 1372 563 1419 et
575 1366 747 1421 humanitatis
766 1367 895 1434 obsequio

96 1445 185 1491 tecum
210 1451 292 1504 agere
317 1436 485 1504 dignaretur3
512 1452 601 1491 nonne
628 1437 666 1490 illi
689 1437 896 1491 inurbanitatem

96 1509 174 1562 istam
195 1514 223 1562 et
241 1513 422 1575 contemptum
436 1507 537 1562 crimini
550 1514 681 1577 verteres,
700 1525 731 1562 ac
744 1507 895 1564 huiusmodi

96 1580 219 1647 amicum,
234 1585 330 1646 utpote
348 1594 443 1647 parum
457 1577 535 1632 officii
548 1579 590 1634 sui
602 1595 755 1648 memorem,
770 1578 895 1646 dedigna-

95 1651 185 1705 reris?
222 1649 293 1704 Vide
306 1650 405 1719 itaque,
424 1649 488 1717 quid
501 1649 534 1703 de
547 1651 580 1704 iis
595 1649 743 1719 dicendum,
762 1649 816 1717 qui,
836 1649 895 1704 Deo

95 1721 123 1774 in
141 1721 250 1776 domum
264 1737 341 1776 suam
358 1728 475 1789 recepto,
493 1737 557 1775 mox
569 1721 608 1774 illi
622 1721 730 1776 dorsum
744 1720 894 1790 obvertunt,

97 1801 125 1847 et
143 1792 301 1861 abscedunt,
320 1807 370 1846 nec
388 1800 483 1846 curant
501 1809 561 1846 oum
579 1807 611 1846 eo
630 1792 768 1860 paulisper
786 1806 895 1845 conver·

96 1865 158 1920 sari.
199 1863 332 1930 Quidnam
349 1864 401 1917 hoc
419 1870 468 1931 est,
487 1863 539 1917 nisi
556 1863 638 1918 talem
655 1871 810 1930 tantumque
837 1863 895 1916 vili·

95 1936 215 2004 pendere
229 1935 372 2003 hospitem,
386 1935 438 1988 imo
451 1935 526 1988 illum
539 1936 658 2003 graviter
669 1933 826 1988 offendere?
840 1950 895 1988 ma

95 2009 167 2062 xime
188 2023 249 2060 cum
266 2007 290 2061 is
309 2006 344 2060 sit
361 2006 468 2074 hospes,
488 2005 533 2073 qui
551 2005 579 2058 in
598 2005 704 2060 domum
721 2013 796 2060 tuam
813 2005 894 2074 venit,

94 2095 149 2133 non
167 2085 200 2132 ut
216 2076 353 2131 reficiatur
371 2093 387 2130 a
404 2085 441 2145 te,
460 2076 508 2131 sed
520 2083 550 2130 ut
561 2077 618 2144 ipse
632 2084 659 2132 te
673 2075 797 2131 reficiat?
826 2075 896 2143 Quid

95 2165 159 2219 ergo
175 2150 214 2204 sic
233 2149 387 2216 properas?
416 2147 438 2201 0
452 2147 594 2216 probrum!
614 2164 629 2202 o
645 2147 759 2203 dedecus
772 2147 894 2202 sacerdo·

94 2223 129 2276 tis
144 2219 287 2277 catholicli
305 2226 361 2273 tam
375 2219 427 2272 cito
445 2217 550 2274 fastidis
563 2218 671 2273 Deum?
705 2219 775 2286 Quid
789 2218 895 2287 quaeris

94 2300 207 2362 praeter
219 2291 309 2344 Deum
321 2290 417 2344 tuum?
435 2291 496 2357 plus
514 2290 559 2344 ille
572 2297 600 2344 te
615 2289 728 2360 docebit,
747 2306 827 2358 quam
841 2305 895 2344 om-

95 2381 144 2420 nes
162 2362 240 2429 libri3
258 2362 319 2430 plus
333 2361 484 2429 delectabit,
504 2376 583 2428 quam
602 2377 693 2416 omnes
708 2362 799 2429 amici3
817 2361 896 2430 plura

93 2435 247 2506 praestabit
264 2431 410 2501 commoda,
430 2448 509 2500 quam
528 2445 625 2486 omnes·
637 2433 728 2487 mundi
746 2439 826 2499 artes,
847 2431 895 2484 ho-

94 2523 183 2574 nores,
202 2519 271 2574 opes
289 2511 317 2558 et
335 2504 469 2559 scientiae.
501 2503 570 2558 Esse
589 2519 649 2558 cum
666 2504 733 2559 Jesu
751 2509 793 2558 est
811 2502 895 2557 drdcis

94 2577 248 2648 paradisus.
286 2574 419 2629 Observes
437 2575 518 2642 igitur
536 2589 604 2642 quae
624 2581 782 2642 sequuntur:
809 2627 814 2637 ,

132 2655 156 2705 1.
178 2647 292 2703 Carataco
307 2647 389 2700 traam
398 2661 548 2714 puerorum
566 2645 697 2714 absoluto,
716 2660 769 2713 quo
788 2642 822 2698 ad
836 2659 895 2711 gra-

95 2722 146 2777 tias
165 2720 227 2773 Deo
255 2733 306 2785 pro
331 2723 405 2771 tanto
431 2715 560 2770 beneficio
587 2715 779 2785 persolvendas
804 2729 896 2768 omnes

99 2791 215 2848 debuisti
231 2795 368 2844 creaturas
381 2788 495 2842 invitare
508 2787 692 2842 ardentissimo
703 2786 801 2840 affectu
813 2792 840 2838 et
848 2783 896 2836 fia-

98 2861 271 2933 grantissima
289 2857 445 2929 devotione,
473 2873 538 2914 cave
562 2860 595 2913 ab
621 2857 744 2912 inanibus
761 2855 897 2909 hominum
