2106 3228
152 167 179 210 ⁶4
325 171 432 210 Materiae
444 169 599 210 nonnullarum
612 171 784 213 meditationum

173 275 223 329 04.
242 275 423 328 Meditatio:
448 275 485 328 Ια
498 275 569 342 sesto
587 273 637 329 SS.
650 275 763 328 Βοαανίἱ
778 275 813 329 B.
832 275 874 331 M.
896 275 927 330 V.

190 363 212 416 1.
240 363 336 432 Maria,
360 369 447 416 mater
470 363 699 430 Christianoncm,
722 371 809 417 mater
836 371 884 417 tua
902 370 955 422 est,

153 433 258 488 Idcirco
271 435 414 502 plurimum
428 436 453 488 ei
466 435 580 507 confide.
611 436 677 490 Pete
692 435 725 488 ab
739 450 772 488 ea
786 435 882 502 omnia,
895 442 957 489 tum

154 506 271 574 corpori,
289 513 346 560 tum
360 508 464 560 animae
478 515 541 560 tuae
554 507 714 560 necessaria.
742 507 798 560 Eos
813 514 892 573 amat,
907 508 959 573 qui

157 593 217 630 cum
231 577 292 646 ipsa
304 576 471 631 familiariter
485 577 518 632 de
540 579 595 632 suis
614 578 729 632 miseriis
744 593 774 630 ac
787 578 957 632 necessitati-

154 649 205 703 bus
224 649 418 716 colloquuntnr.
454 649 599 702 Enimvero
618 650 687 702 sicut
703 649 750 716 pia
767 656 852 702 mater
869 649 955 702 liben-

154 725 197 774 ter
215 727 315 774 etcum
330 720 427 786 gaudio
442 721 538 787 accipit
551 719 634 774 filium
652 719 687 773 ad
705 735 734 774 se
749 719 955 790 confugientem,

154 791 194 845 ita
211 797 238 845 te
266 791 378 858 accipiet
395 791 490 844 Maria.
527 791 597 844 Nam
622 791 651 844 in
676 789 794 845 amandis
817 789 878 845 filiis
898 792 958 846 suis

155 861 222 916 nulli
237 862 307 916 cedit
319 861 406 914 matri.
428 861 472 914 Ad
485 861 553 915 haec
566 862 702 929 potentior
716 869 765 930 est,
780 878 858 930 quam
872 877 956 929 quae·

156 933 222 987 libet
236 933 289 986 alia
302 939 395 986 mater.
413 933 451 986 Et
464 948 528 986 sane
543 949 727 1001 cognosceres,
742 940 869 1000 quantum
883 939 957 990 amet

158 1011 186 1058 et
204 1011 331 1070 quantum
347 1004 448 1071 possit,
475 1004 498 1058 si
517 1005 635 1072 quotidie
655 1004 806 1072 diligentius
830 1005 955 1072 expleres

156 1073 246 1128 debita
272 1075 324 1141 ipsi
356 1074 448 1128 officia.
496 1075 634 1142 Quaenam
667 1083 729 1129 sunt
757 1091 851 1143 preces
881 1081 958 1146 tuae,
1043 1105 1044 1136 t

157 1159 288 1212 quaenam
306 1145 384 1214 lacta,
404 1162 439 1200 ex
457 1147 553 1213 quibus
574 1147 651 1216 argui
668 1154 758 1214 potest
775 1155 838 1200 tuus
855 1147 883 1199 in
896 1147 956 1200 Ma·
1043 1149 1044 1152 ’

156 1216 224 1269 riam
242 1217 337 1270 amor?

192 1287 228 1340 Il.
256 1287 484 1344 lnafflictionibus
498 1289 594 1344 invoca
607 1287 736 1354 Mariam;
754 1286 879 1340 indubiis
893 1301 956 1341 con·
1043 1319 1044 1358 3

157 1357 214 1412 sule
233 1357 362 1428 Mariam3
387 1361 414 1414 in
432 1375 554 1414 moerore
574 1361 650 1428 aperi
666 1359 770 1412 Mariae
789 1375 897 1412 causam
915 1359 957 1412 tui

157 1431 288 1484 moeroris
298 1449 304 1498 3
326 1437 353 1484 et
374 1432 425 1484 cito
437 1431 514 1484 citius
525 1437 684 1485 evanescent
694 1429 856 1498 afflictiones,
867 1429 956 1498 dubia,

161 1507 211 1554 etc.
245 1501 340 1556 Nullos
358 1503 443 1555 habes
463 1509 508 1555 aut
525 1503 699 1570 propinquos,
719 1507 766 1554 aut
784 1501 894 1568 amicos,
911 1502 959 1568 qui

158 1577 186 1624 te
204 1571 265 1640 plus
285 1579 381 1641 ament,
400 1588 479 1640 quam
497 1573 592 1639 Maria,
612 1573 709 1640 quique
733 1573 872 1626 consilium
891 1570 957 1626 dare

157 1643 206 1696 tibi
219 1644 310 1713 velint,
326 1652 372 1698 aut
382 1644 486 1711 possint
498 1643 579 1697 rebus
590 1645 642 1698 tuis
653 1643 803 1697 salutarius.
829 1642 852 1696 O
867 1659 958 1696 aman-

157 1713 261 1768 tissima
285 1715 631 1769 omnium'Christianorum
657 1715 772 1783 parens!
811 1713 839 1766 Si
863 1721 912 1767 tua
928 1715 958 1767 in

157 1799 207 1840 nos
226 1788 337 1842 caritate
355 1793 499 1854 uteremur,
527 1786 665 1840 breviores
691 1791 782 1840 essent
800 1784 957 1840 afflictiones
1043 1825 1044 1848 ,

154 1863 271 1910 nostrae.

190 1926 238 1980 111.
256 1928 327 1980 Dum
346 1925 413 1980 adeo
432 1928 553 1996 tentaris,
572 1935 603 1981 ut
621 1927 691 1982 adsit
708 1925 837 1995 peccandi
850 1926 957 1994 pericu·
989 1951 994 1971 ι

153 1996 216 2065 lum,
231 2014 299 2052 voca
307 1997 434 2065 Mariam3
454 2015 513 2051 cum
526 1999 689 2066 peccaveris,
705 1999 818 2052 obsecra
830 1997 955 2066 Mariam,

154 2074 184 2122 ut
202 2069 260 2122 eius
279 2085 330 2135 ope
349 2085 365 2122 a
382 2077 493 2137 peccato
512 2076 559 2124 tuo
579 2085 716 2138 emergere
735 2069 831 2137 possis.
856 2069 955 2122 Mario

154 2144 193 2192 cat
204 2141 338 2208 refugium
343 2145 531 2210 peccatorum,
549 2141 572 2196 si
592 2156 651 2194 eam
663 2141 839 2208 invocaveris,
852 2139 955 2192 nullam

153 2225 207 2264 non
225 2211 315 2264 vinces
332 2211 513 2264 tentationem.
540 2213 594 2266 Per
611 2218 644 2280 te,
663 2211 760 2264 Maria
774 2211 863 2280 Virgo,
882 2211 955 2264 herc-

154 2279 274 2334 da'tamua
291 2283 504 2336 miscricordiam
521 2285 620 2350 miseri,
645 2284 750 2353 ingrati
766 2283 893 2354 gratiam,
912 2297 955 2335 vc-

153 2353 229 2406 niom
241 2359 403 2421 peccatores.
429 2353 465 2422 (S.
479 2353 559 2424 Aug.)

209 2459 258 2516 65.
276 2459 457 2513 Meditatio:
477 2459 521 2512 Dc
538 2459 588 2514 SS.
606 2459 719 2529 Angeias
735 2458 899 2512 metocides.

187 2545 209 2599 Ι.
240 2546 395 2614 Considera,
415 2548 460 2614 qni
478 2554 506 2601 et
520 2545 612 2615 quales
631 2547 684 2602 sint
702 2546 826 2602 custodes
846 2546 952 2614 Angeli.

154 2617 179 2688 1)
198 2617 294 2686 Quoad
306 2623 443 2686 naturam,
465 2627 527 2673 sunt
540 2625 679 2672 creatmae
692 2618 883 2686 nobilissimae,
898 2619 952 2686 spi·

151 2689 220 2744 rinus
239 2689 273 2743 ab
293 2690 364 2742 omni
382 2691 510 2744 materiae
525 2691 682 2758 contagione
700 2689 826 2758 separati,
845 2690 952 2743 immor·

152 2759 229 2828 tales,
251 2761 330 2828 pleni
346 2762 482 2829 sapientia
508 2767 533 2815 et
551 2762 651 2828 decore,
670 2768 720 2815 etc.
758 2761 951 2827 congratulare

151 2831 205 2886 illis
224 2831 257 2886 de
271 2832 390 2900 ipsorum
404 2831 533 2901 dignitate
548 2839 575 2888 et
584 2833 750 2901 excellentia
769 2839 802 2885 et*
811 2847 870 2885 cum
883 2831 951 2898 ipsis
