<?xml version="1.0" encoding="UTF-8"?>
<!DOCTYPE html PUBLIC "-//W3C//DTD XHTML 1.0 Transitional//EN"
    "http://www.w3.org/TR/xhtml1/DTD/xhtml1-transitional.dtd">
<html xmlns="http://www.w3.org/1999/xhtml" xml:lang="en" lang="en">
 <head>
  <title>
</title>
<meta http-equiv="Content-Type" content="text/html;charset=utf-8" />
  <meta name='ocr-system' content='tesseract 3.04.00' />
  <meta name='ocr-capabilities' content='ocr_page ocr_carea ocr_par ocr_line ocrx_word'/>
</head>
<body>
  <div class='ocr_page' id='page_1' title='image "./manualesacerdot00schngoog_0770.png"; bbox 0 0 2128 3228; ppageno 0'>
   <div class='ocr_carea' id='block_1_1' title="bbox 159 139 804 208">
    <p class='ocr_par' dir='ltr' id='par_1_1' title="bbox 159 139 804 208">
     <span class='ocr_line' id='line_1_1' title="bbox 159 139 804 208; baseline -0.003 -24"><span class='ocrx_word' id='word_1_1' title='bbox 159 139 200 184; x_wconf 74' lang='grc'>746</span> <span class='ocrx_word' id='word_1_2' title='bbox 309 143 342 182; x_wconf 79' lang='lat' dir='ltr'>Do</span> <span class='ocrx_word' id='word_1_3' title='bbox 355 142 486 192; x_wconf 67' lang='lat' dir='ltr'>quibudam</span> <span class='ocrx_word' id='word_1_4' title='bbox 500 141 550 183; x_wconf 76' lang='lat' dir='ltr'>alli·</span> <span class='ocrx_word' id='word_1_5' title='bbox 565 141 704 182; x_wconf 67' lang='lat' dir='ltr'>noardoimu</span> <span class='ocrx_word' id='word_1_6' title='bbox 718 141 804 208; x_wconf 60' lang='lat' dir='ltr'>oiflclln.</span> 
     </span>
    </p>
   </div>
   <div class='ocr_carea' id='block_1_2' title="bbox 157 242 966 869">
    <p class='ocr_par' dir='ltr' id='par_1_2' title="bbox 157 242 966 869">
     <span class='ocr_line' id='line_1_2' title="bbox 157 242 957 311; baseline -0.004 -12"><span class='ocrx_word' id='word_1_7' title='bbox 157 271 170 307; x_wconf 61' lang='grc' dir='ltr'><strong><em>ρ</em></strong></span> <span class='ocrx_word' id='word_1_8' title='bbox 194 245 219 299; x_wconf 81' lang='lat' dir='ltr'>b.</span> <span class='ocrx_word' id='word_1_9' title='bbox 236 245 273 299; x_wconf 80' lang='lat' dir='ltr'>Ia</span> <span class='ocrx_word' id='word_1_10' title='bbox 286 244 370 298; x_wconf 82' lang='lat' dir='ltr'><strong><em>abaco</em></strong></span> <span class='ocrx_word' id='word_1_11' title='bbox 382 259 429 298; x_wconf 80' lang='lat' dir='ltr'>aaa</span> <span class='ocrx_word' id='word_1_12' title='bbox 441 243 577 298; x_wconf 71' lang='lat' dir='ltr'>medentia</span> <span class='ocrx_word' id='word_1_13' title='bbox 590 243 687 298; x_wconf 66' lang='lat' dir='ltr'>dicata</span> <span class='ocrx_word' id='word_1_14' title='bbox 695 243 815 298; x_wconf 59' lang='lat' dir='ltr'>maiora.</span> <span class='ocrx_word' id='word_1_15' title='bbox 836 243 861 311; x_wconf 95' lang='lat' dir='ltr'>l)</span> <span class='ocrx_word' id='word_1_16' title='bbox 876 242 957 297; x_wconf 78' lang='lat' dir='ltr'>Man·</span> 
     </span>
     <span class='ocr_line' id='line_1_3' title="bbox 158 313 956 384; baseline -0.004 -13"><span class='ocrx_word' id='word_1_17' title='bbox 158 316 205 371; x_wconf 84' lang='lat' dir='ltr'>tila</span> <span class='ocrx_word' id='word_1_18' title='bbox 218 316 325 384; x_wconf 85' lang='lat' dir='ltr'>lineum,</span> <span class='ocrx_word' id='word_1_19' title='bbox 343 315 481 384; x_wconf 73' lang='lat' dir='ltr'>planitiem</span> <span class='ocrx_word' id='word_1_20' title='bbox 494 315 569 368; x_wconf 80' lang='lat' dir='ltr'>abaci</span> <span class='ocrx_word' id='word_1_21' title='bbox 582 330 636 368; x_wconf 90' lang='lat' dir='ltr'>nou</span> <span class='ocrx_word' id='word_1_22' title='bbox 650 313 789 370; x_wconf 82' lang='lat' dir='ltr'>excedens.</span> <span class='ocrx_word' id='word_1_23' title='bbox 809 313 835 382; x_wconf 84' lang='lat'>2)</span> <span class='ocrx_word' id='word_1_24' title='bbox 849 313 956 383; x_wconf 84' lang='lat' dir='ltr'>Mappa</span> 
     </span>
     <span class='ocr_line' id='line_1_4' title="bbox 159 385 957 456; baseline -0.004 -14"><span class='ocrx_word' id='word_1_25' title='bbox 159 388 238 442; x_wconf 86' lang='lat' dir='ltr'>unica</span> <span class='ocrx_word' id='word_1_26' title='bbox 255 387 354 456; x_wconf 84' lang='lat' dir='ltr'>plicata</span> <span class='ocrx_word' id='word_1_27' title='bbox 377 403 427 454; x_wconf 90' lang='lat' dir='ltr'>pro</span> <span class='ocrx_word' id='word_1_28' title='bbox 452 387 531 442; x_wconf 85' lang='lat' dir='ltr'>altari</span> <span class='ocrx_word' id='word_1_29' title='bbox 553 385 588 440; x_wconf 82' lang='lat' dir='ltr'>ad</span> <span class='ocrx_word' id='word_1_30' title='bbox 604 401 757 440; x_wconf 83' lang='lat' dir='ltr'>mensuram</span> <span class='ocrx_word' id='word_1_31' title='bbox 773 399 890 439; x_wconf 80' lang='lat' dir='ltr'>mensae.</span> <span class='ocrx_word' id='word_1_32' title='bbox 928 387 957 454; x_wconf 81' lang='grc'>3)</span> 
     </span>
     <span class='ocr_line' id='line_1_5' title="bbox 159 456 960 526; baseline -0.001 -14"><span class='ocrx_word' id='word_1_33' title='bbox 159 458 254 526; x_wconf 82' lang='lat' dir='ltr'>Legilo</span> <span class='ocrx_word' id='word_1_34' title='bbox 280 473 340 512; x_wconf 89' lang='lat' dir='ltr'>cum</span> <span class='ocrx_word' id='word_1_35' title='bbox 364 457 475 514; x_wconf 83' lang='lat' dir='ltr'>Missali.</span> <span class='ocrx_word' id='word_1_36' title='bbox 511 457 537 524; x_wconf 87' lang='grc'>4)</span> <span class='ocrx_word' id='word_1_37' title='bbox 564 457 651 511; x_wconf 85' lang='lat' dir='ltr'>Bursa</span> <span class='ocrx_word' id='word_1_38' title='bbox 675 457 744 525; x_wconf 77' lang='lat' dir='ltr'>nigri</span> <span class='ocrx_word' id='word_1_39' title='bbox 770 456 867 510; x_wconf 78' lang='lat' dir='ltr'>coloris</span> <span class='ocrx_word' id='word_1_40' title='bbox 895 472 960 511; x_wconf 87' lang='lat' dir='ltr'>cum</span> 
     </span>
     <span class='ocr_line' id='line_1_6' title="bbox 160 527 962 598; baseline 0 -15"><span class='ocrx_word' id='word_1_41' title='bbox 160 529 301 598; x_wconf 87' lang='lat' dir='ltr'>corpora-li,</span> <span class='ocrx_word' id='word_1_42' title='bbox 328 529 401 597; x_wconf 87' lang='lat' dir='ltr'>palla</span> <span class='ocrx_word' id='word_1_43' title='bbox 417 536 445 582; x_wconf 84' lang='lat' dir='ltr'>at</span> <span class='ocrx_word' id='word_1_44' title='bbox 462 527 652 597; x_wconf 87' lang='lat' dir='ltr'>purificatorio.</span> <span class='ocrx_word' id='word_1_45' title='bbox 689 527 715 597; x_wconf 81' lang='lat'>5)</span> <span class='ocrx_word' id='word_1_46' title='bbox 734 527 911 581; x_wconf 88' lang='lat' dir='ltr'>Thuribulurn</span> <span class='ocrx_word' id='word_1_47' title='bbox 930 536 962 583; x_wconf 85' lang='lat' dir='ltr'>ct</span> 
     </span>
     <span class='ocr_line' id='line_1_7' title="bbox 160 598 966 669; baseline 0 -15"><span class='ocrx_word' id='word_1_48' title='bbox 160 601 284 654; x_wconf 80' lang='lat' dir='ltr'>uaricula</span> <span class='ocrx_word' id='word_1_49' title='bbox 307 615 367 654; x_wconf 90' lang='lat' dir='ltr'>cum</span> <span class='ocrx_word' id='word_1_50' title='bbox 390 601 477 654; x_wconf 83' lang='lat' dir='ltr'>thure.</span> <span class='ocrx_word' id='word_1_51' title='bbox 514 599 540 669; x_wconf 87' lang='grc'>6)</span> <span class='ocrx_word' id='word_1_52' title='bbox 558 599 655 652; x_wconf 87' lang='lat' dir='ltr'>Velum</span> <span class='ocrx_word' id='word_1_53' title='bbox 677 599 780 667; x_wconf 80' lang='lat' dir='ltr'>nigrum</span> <span class='ocrx_word' id='word_1_54' title='bbox 807 613 858 666; x_wconf 92' lang='lat' dir='ltr'>pro</span> <span class='ocrx_word' id='word_1_55' title='bbox 876 598 966 654; x_wconf 82' lang='lat' dir='ltr'>calice</span> 
     </span>
     <span class='ocr_line' id='line_1_8' title="bbox 160 669 965 740; baseline -0.001 -14"><span class='ocrx_word' id='word_1_56' title='bbox 160 672 189 726; x_wconf 88' lang='lat' dir='ltr'>in</span> <span class='ocrx_word' id='word_1_57' title='bbox 210 670 263 726; x_wconf 84' lang='lat' dir='ltr'>fine</span> <span class='ocrx_word' id='word_1_58' title='bbox 288 670 379 725; x_wconf 88' lang='lat' dir='ltr'>Officii.</span> <span class='ocrx_word' id='word_1_59' title='bbox 417 670 443 740; x_wconf 88' lang='lat'>7)</span> <span class='ocrx_word' id='word_1_60' title='bbox 467 670 603 724; x_wconf 81' lang='lat' dir='ltr'>Pelricula</span> <span class='ocrx_word' id='word_1_61' title='bbox 628 686 687 723; x_wconf 89' lang='lat' dir='ltr'>cum</span> <span class='ocrx_word' id='word_1_62' title='bbox 709 669 832 737; x_wconf 73' lang='lat' dir='ltr'>ampullis</span> <span class='ocrx_word' id='word_1_63' title='bbox 856 670 914 723; x_wconf 80' lang='lat' dir='ltr'>vini</span> <span class='ocrx_word' id='word_1_64' title='bbox 934 677 965 725; x_wconf 81' lang='lat' dir='ltr'>et</span> 
     </span>
     <span class='ocr_line' id='line_1_9' title="bbox 161 740 964 867; baseline -0.001 -70"><span class='ocrx_word' id='word_1_65' title='bbox 161 755 257 867; x_wconf 53' lang='lat' dir='ltr'>oquag,</span> <span class='ocrx_word' id='word_1_66' title='bbox 275 750 303 796; x_wconf 86' lang='lat' dir='ltr'>et</span> <span class='ocrx_word' id='word_1_67' title='bbox 320 742 495 810; x_wconf 76' lang='lat' dir='ltr'>manutergio.</span> <span class='ocrx_word' id='word_1_68' title='bbox 529 740 556 810; x_wconf 87' lang='lat'>8)</span> <span class='ocrx_word' id='word_1_69' title='bbox 574 741 653 794; x_wconf 78' lang='lat' dir='ltr'>Lunx</span> <span class='ocrx_word' id='word_1_70' title='bbox 671 746 799 809; x_wconf 68' lang='lat' dir='ltr'>argentea</span> <span class='ocrx_word' id='word_1_71' title='bbox 816 755 866 809; x_wconf 87' lang='lat' dir='ltr'>pro</span> <span class='ocrx_word' id='word_1_72' title='bbox 885 741 964 796; x_wconf 87' lang='lat' dir='ltr'>obla-</span> 
     </span>
     <span class='ocr_line' id='line_1_10' title="bbox 161 815 287 869; baseline -0.008 -1"><span class='ocrx_word' id='word_1_73' title='bbox 161 815 228 869; x_wconf 87' lang='lat' dir='ltr'>tioni</span> <span class='ocrx_word' id='word_1_74' title='bbox 247 829 287 869; x_wconf 78' lang='lat' dir='ltr'>us.</span> 
     </span>
    </p>
   </div>
   <div class='ocr_carea' id='block_1_3' title="bbox 196 883 1050 956">
    <p class='ocr_par' dir='ltr' id='par_1_3' title="bbox 196 883 1050 956">
     <span class='ocr_line' id='line_1_11' title="bbox 196 883 1050 956; baseline -0.001 -17"><span class='ocrx_word' id='word_1_75' title='bbox 196 901 218 939; x_wconf 92' lang='lat' dir='ltr'>c.</span> <span class='ocrx_word' id='word_1_76' title='bbox 237 885 327 953; x_wconf 77' lang='lat' dir='ltr'>Propo</span> <span class='ocrx_word' id='word_1_77' title='bbox 345 884 466 937; x_wconf 82' lang='lat' dir='ltr'>abacum.</span> <span class='ocrx_word' id='word_1_78' title='bbox 487 883 511 953; x_wconf 88' lang='grc'>1)</span> <span class='ocrx_word' id='word_1_79' title='bbox 528 883 640 951; x_wconf 81' lang='lat' dir='ltr'>Tapoto,</span> <span class='ocrx_word' id='word_1_80' title='bbox 659 883 784 951; x_wconf 83' lang='lat' dir='ltr'>pulvinar</span> <span class='ocrx_word' id='word_1_81' title='bbox 802 883 964 952; x_wconf 77' lang='lat' dir='ltr'>violaceum,</span> <span class='ocrx_word' id='word_1_82' title='bbox 1049 947 1050 956; x_wconf 37' lang='lat'>,</span> 
     </span>
    </p>
   </div>
   <div class='ocr_carea' id='block_1_4' title="bbox 160 954 1050 1164">
    <p class='ocr_par' dir='ltr' id='par_1_4' title="bbox 160 954 1050 1164">
     <span class='ocr_line' id='line_1_12' title="bbox 161 954 964 1024; baseline -0.001 -14"><span class='ocrx_word' id='word_1_83' title='bbox 161 962 190 1010; x_wconf 84' lang='lat' dir='ltr'>ot</span> <span class='ocrx_word' id='word_1_84' title='bbox 205 955 295 1010; x_wconf 79' lang='lat' dir='ltr'>volum</span> <span class='ocrx_word' id='word_1_85' title='bbox 309 955 406 1024; x_wconf 86' lang='lat' dir='ltr'>album,</span> <span class='ocrx_word' id='word_1_86' title='bbox 425 955 512 1010; x_wconf 80' lang='lat' dir='ltr'>serico</span> <span class='ocrx_word' id='word_1_87' title='bbox 525 954 645 1008; x_wconf 81' lang='lat' dir='ltr'>violaceo</span> <span class='ocrx_word' id='word_1_88' title='bbox 664 961 825 1011; x_wconf 79' lang='lat' dir='ltr'>contextum.</span> <span class='ocrx_word' id='word_1_89' title='bbox 845 955 872 1024; x_wconf 97' lang='grc'>2)</span> <span class='ocrx_word' id='word_1_90' title='bbox 888 955 964 1010; x_wconf 84' lang='lat' dir='ltr'>Crux</span> 
     </span>
     <span class='ocr_line' id='line_1_13' title="bbox 160 1026 971 1096; baseline -0.015 -15"><span class='ocrx_word' id='word_1_91' title='bbox 160 1026 375 1096; x_wconf 79' lang='lat' dir='ltr'>proceoiionalio.</span> <span class='ocrx_word' id='word_1_92' title='bbox 966 1077 971 1084; x_wconf 49' lang='lat'>,</span> 
     </span>
     <span class='ocr_line' id='line_1_14' title="bbox 196 1095 1050 1164; baseline -0.005 -12"><span class='ocrx_word' id='word_1_93' title='bbox 196 1098 223 1152; x_wconf 80' lang='lat' dir='ltr'>d.</span> <span class='ocrx_word' id='word_1_94' title='bbox 242 1098 278 1150; x_wconf 82' lang='lat' dir='ltr'>Io</span> <span class='ocrx_word' id='word_1_95' title='bbox 294 1097 391 1150; x_wconf 82' lang='lat' dir='ltr'>accello</span> <span class='ocrx_word' id='word_1_96' title='bbox 408 1095 549 1164; x_wconf 60' lang='lat' dir='ltr'>sepulchri.</span> <span class='ocrx_word' id='word_1_97' title='bbox 571 1095 595 1164; x_wconf 93' lang='lat'>1)</span> <span class='ocrx_word' id='word_1_98' title='bbox 615 1095 762 1164; x_wconf 76' lang='lat' dir='ltr'>Corporale</span> <span class='ocrx_word' id='word_1_99' title='bbox 774 1102 896 1156; x_wconf 77' lang='lat' dir='ltr'>,atratum</span> <span class='ocrx_word' id='word_1_100' title='bbox 914 1112 960 1150; x_wconf 81' lang='lat' dir='ltr'>uu·</span> <span class='ocrx_word' id='word_1_101' title='bbox 1049 1106 1050 1156; x_wconf 67' lang='lat' dir='ltr'>l</span> 
     </span>
    </p>
   </div>
   <div class='ocr_carea' id='block_1_5' title="bbox 160 1157 1050 1237">
    <p class='ocr_par' dir='ltr' id='par_1_5' title="bbox 160 1157 1050 1237">
     <span class='ocr_line' id='line_1_15' title="bbox 160 1157 1050 1237; baseline 0 -15"><span class='ocrx_word' id='word_1_102' title='bbox 160 1183 210 1236; x_wconf 82' lang='lat' dir='ltr'>per</span> <span class='ocrx_word' id='word_1_103' title='bbox 228 1168 321 1224; x_wconf 84' lang='lat' dir='ltr'>altare.</span> <span class='ocrx_word' id='word_1_104' title='bbox 357 1168 383 1237; x_wconf 88' lang='grc'>2)</span> <span class='ocrx_word' id='word_1_105' title='bbox 401 1166 498 1221; x_wconf 86' lang='lat' dir='ltr'>Velum</span> <span class='ocrx_word' id='word_1_106' title='bbox 520 1167 657 1221; x_wconf 76' lang='lat' dir='ltr'><strong>humerale</strong></span> <span class='ocrx_word' id='word_1_107' title='bbox 681 1167 779 1221; x_wconf 87' lang='lat' dir='ltr'>album.</span> <span class='ocrx_word' id='word_1_108' title='bbox 814 1167 840 1235; x_wconf 85' lang='lat'>3)</span> <span class='ocrx_word' id='word_1_109' title='bbox 860 1166 961 1222; x_wconf 77' lang='lat' dir='ltr'>Balda·</span> <span class='ocrx_word' id='word_1_110' title='bbox 1049 1157 1050 1168; x_wconf 42' lang='lat'>¹</span> 
     </span>
    </p>
   </div>
   <div class='ocr_carea' id='block_1_6' title="bbox 160 1237 963 1592">
    <p class='ocr_par' dir='ltr' id='par_1_6' title="bbox 160 1237 962 1378">
     <span class='ocr_line' id='line_1_16' title="bbox 161 1237 962 1307; baseline 0.001 -14"><span class='ocrx_word' id='word_1_111' title='bbox 161 1240 275 1307; x_wconf 87' lang='lat' dir='ltr'>chinum,</span> <span class='ocrx_word' id='word_1_112' title='bbox 300 1239 357 1293; x_wconf 83' lang='lat' dir='ltr'>sivo</span> <span class='ocrx_word' id='word_1_113' title='bbox 375 1238 492 1292; x_wconf 80' lang='lat' dir='ltr'>umbella</span> <span class='ocrx_word' id='word_1_114' title='bbox 509 1238 563 1291; x_wconf 83' lang='lat' dir='ltr'>albi</span> <span class='ocrx_word' id='word_1_115' title='bbox 580 1238 686 1294; x_wconf 79' lang='lat' dir='ltr'>coloris.</span> <span class='ocrx_word' id='word_1_116' title='bbox 722 1238 749 1305; x_wconf 84' lang='lat'>4)</span> <span class='ocrx_word' id='word_1_117' title='bbox 767 1237 912 1307; x_wconf 80' lang='lat' dir='ltr'>Intortitiu,</span> <span class='ocrx_word' id='word_1_118' title='bbox 932 1247 962 1294; x_wconf 82' lang='lat' dir='ltr'>at</span> 
     </span>
     <span class='ocr_line' id='line_1_17' title="bbox 160 1310 497 1378; baseline 0 -13"><span class='ocrx_word' id='word_1_119' title='bbox 160 1310 232 1365; x_wconf 85' lang='lat' dir='ltr'>corel</span> <span class='ocrx_word' id='word_1_120' title='bbox 249 1325 299 1378; x_wconf 92' lang='lat' dir='ltr'>pro</span> <span class='ocrx_word' id='word_1_121' title='bbox 317 1310 497 1378; x_wconf 79' lang='lat' dir='ltr'><strong>processione.</strong></span> 
     </span>
    </p>

    <p class='ocr_par' dir='ltr' id='par_1_7' title="bbox 161 1379 963 1592">
     <span class='ocr_line' id='line_1_18' title="bbox 196 1379 962 1448; baseline -0.003 -12"><span class='ocrx_word' id='word_1_122' title='bbox 196 1397 218 1436; x_wconf 85' lang='lat' dir='ltr'>e.</span> <span class='ocrx_word' id='word_1_123' title='bbox 236 1381 422 1436; x_wconf 66' lang='lat' dir='ltr'>lacumiano.</span> <span class='ocrx_word' id='word_1_124' title='bbox 445 1381 481 1448; x_wconf 89' lang='grc'>.1)</span> <span class='ocrx_word' id='word_1_125' title='bbox 500 1380 565 1434; x_wconf 86' lang='lat' dir='ltr'>Tria</span> <span class='ocrx_word' id='word_1_126' title='bbox 588 1379 783 1448; x_wconf 79' lang='lat' dir='ltr'>superpellicea</span> <span class='ocrx_word' id='word_1_127' title='bbox 807 1394 857 1447; x_wconf 91' lang='lat' dir='ltr'>pro</span> <span class='ocrx_word' id='word_1_128' title='bbox 882 1379 962 1434; x_wconf 83' lang='lat' dir='ltr'>clari·</span> 
     </span>
     <span class='ocr_line' id='line_1_19' title="bbox 161 1450 963 1522; baseline -0.001 -15"><span class='ocrx_word' id='word_1_129' title='bbox 161 1452 207 1510; x_wconf 81' lang='lat' dir='ltr'>oio.</span> <span class='ocrx_word' id='word_1_130' title='bbox 243 1455 270 1522; x_wconf 83' lang='lat'>2)</span> <span class='ocrx_word' id='word_1_131' title='bbox 288 1453 417 1520; x_wconf 82' lang='lat' dir='ltr'>Amictus,</span> <span class='ocrx_word' id='word_1_132' title='bbox 440 1452 510 1518; x_wconf 84' lang='lat' dir='ltr'>alba,</span> <span class='ocrx_word' id='word_1_133' title='bbox 534 1451 675 1519; x_wconf 78' lang='lat' dir='ltr'>cingulum,</span> <span class='ocrx_word' id='word_1_134' title='bbox 701 1450 860 1518; x_wconf 76' lang='lat' dir='ltr'>manipulus,</span> <span class='ocrx_word' id='word_1_135' title='bbox 888 1451 963 1506; x_wconf 82' lang='lat' dir='ltr'>stola</span> 
     </span>
     <span class='ocr_line' id='line_1_20' title="bbox 161 1521 963 1592; baseline -0.002 -14"><span class='ocrx_word' id='word_1_136' title='bbox 161 1531 189 1579; x_wconf 85' lang='lat' dir='ltr'>ot</span> <span class='ocrx_word' id='word_1_137' title='bbox 205 1523 315 1592; x_wconf 81' lang='lat' dir='ltr'>planata</span> <span class='ocrx_word' id='word_1_138' title='bbox 337 1523 406 1591; x_wconf 82' lang='lat' dir='ltr'>nigri</span> <span class='ocrx_word' id='word_1_139' title='bbox 431 1523 537 1579; x_wconf 81' lang='lat' dir='ltr'>coloris.</span> <span class='ocrx_word' id='word_1_140' title='bbox 573 1525 601 1590; x_wconf 88' lang='grc'>3)</span> <span class='ocrx_word' id='word_1_141' title='bbox 625 1521 743 1576; x_wconf 81' lang='lat' dir='ltr'>Foouluo</span> <span class='ocrx_word' id='word_1_142' title='bbox 766 1537 825 1576; x_wconf 89' lang='lat' dir='ltr'>cum</span> <span class='ocrx_word' id='word_1_143' title='bbox 850 1521 915 1590; x_wconf 76' lang='lat' dir='ltr'>igne</span> <span class='ocrx_word' id='word_1_144' title='bbox 934 1531 963 1576; x_wconf 80' lang='lat' dir='ltr'>et</span> 
     </span>
    </p>
   </div>
   <div class='ocr_carea' id='block_1_7' title="bbox 160 1593 965 2588">
    <p class='ocr_par' dir='ltr' id='par_1_8' title="bbox 160 1593 271 1663">
     <span class='ocr_line' id='line_1_21' title="bbox 160 1593 271 1663; baseline -0.009 -13"><span class='ocrx_word' id='word_1_145' title='bbox 160 1593 271 1663; x_wconf 77' lang='lat' dir='ltr'>forcipe.</span> 
     </span>
    </p>

    <p class='ocr_par' dir='ltr' id='par_1_9' title="bbox 160 1663 965 2588">
     <span class='ocr_line' id='line_1_22' title="bbox 196 1663 964 1728; baseline -0.005 -8"><span class='ocrx_word' id='word_1_146' title='bbox 196 1672 263 1720; x_wconf 79' lang='lat' dir='ltr'>Art.</span> <span class='ocrx_word' id='word_1_147' title='bbox 282 1667 310 1720; x_wconf 85' lang='grc'>2.</span> <span class='ocrx_word' id='word_1_148' title='bbox 329 1668 376 1717; x_wconf 81' lang='lat' dir='ltr'>Do</span> <span class='ocrx_word' id='word_1_149' title='bbox 393 1667 547 1728; x_wconf 84' lang='lat' dir='ltr'>principio</span> <span class='ocrx_word' id='word_1_150' title='bbox 562 1665 666 1716; x_wconf 82' lang='lat' dir='ltr'>Officii</span> <span class='ocrx_word' id='word_1_151' title='bbox 683 1677 783 1726; x_wconf 75' lang='lat' dir='ltr'>unque</span> <span class='ocrx_word' id='word_1_152' title='bbox 802 1663 844 1714; x_wconf 80' lang='lat' dir='ltr'>ad</span> <span class='ocrx_word' id='word_1_153' title='bbox 863 1663 964 1716; x_wconf 83' lang='lat' dir='ltr'>donu-</span> 
     </span>
     <span class='ocr_line' id='line_1_23' title="bbox 162 1732 961 1804; baseline 0 -14"><span class='ocrx_word' id='word_1_154' title='bbox 162 1738 321 1790; x_wconf 75' lang='lat' dir='ltr'>dationem</span> <span class='ocrx_word' id='word_1_155' title='bbox 343 1741 452 1790; x_wconf 67' lang='lat' dir='ltr'>crumas.</span> <span class='ocrx_word' id='word_1_156' title='bbox 491 1735 516 1804; x_wconf 94' lang='lat'>1)</span> <span class='ocrx_word' id='word_1_157' title='bbox 540 1735 616 1789; x_wconf 87' lang='lat' dir='ltr'>Hora</span> <span class='ocrx_word' id='word_1_158' title='bbox 639 1734 801 1802; x_wconf 77' lang='lat' dir='ltr'>competenti</span> <span class='ocrx_word' id='word_1_159' title='bbox 825 1732 907 1788; x_wconf 87' lang='lat' dir='ltr'>datur</span> <span class='ocrx_word' id='word_1_160' title='bbox 926 1735 961 1790; x_wconf 77' lang='lat' dir='ltr'>ai·</span> 
     </span>
     <span class='ocr_line' id='line_1_24' title="bbox 161 1805 963 1878; baseline -0.004 -15"><span class='ocrx_word' id='word_1_161' title='bbox 161 1825 242 1878; x_wconf 76' lang='lat' dir='ltr'>guum</span> <span class='ocrx_word' id='word_1_162' title='bbox 260 1825 319 1862; x_wconf 91' lang='lat' dir='ltr'>cum</span> <span class='ocrx_word' id='word_1_163' title='bbox 337 1807 446 1874; x_wconf 81' lang='lat' dir='ltr'>crotalo,</span> <span class='ocrx_word' id='word_1_164' title='bbox 470 1814 498 1860; x_wconf 87' lang='lat' dir='ltr'>et</span> <span class='ocrx_word' id='word_1_165' title='bbox 515 1806 653 1860; x_wconf 83' lang='lat' dir='ltr'>calabram</span> <span class='ocrx_word' id='word_1_166' title='bbox 672 1812 699 1860; x_wconf 86' lang='lat' dir='ltr'>et</span> <span class='ocrx_word' id='word_1_167' title='bbox 717 1805 806 1859; x_wconf 83' lang='lat' dir='ltr'>clerici</span> <span class='ocrx_word' id='word_1_168' title='bbox 824 1806 963 1872; x_wconf 86' lang='lat' dir='ltr'>accipiunt</span> 
     </span>
     <span class='ocr_line' id='line_1_25' title="bbox 161 1876 964 1948; baseline -0.004 -14"><span class='ocrx_word' id='word_1_169' title='bbox 161 1879 356 1948; x_wconf 78' lang='lat' dir='ltr'>superpellicea</span> <span class='ocrx_word' id='word_1_170' title='bbox 372 1879 399 1932; x_wconf 91' lang='lat' dir='ltr'>in</span> <span class='ocrx_word' id='word_1_171' title='bbox 417 1878 546 1946; x_wconf 77' lang='lat' dir='ltr'>sacristia,</span> <span class='ocrx_word' id='word_1_172' title='bbox 565 1885 593 1931; x_wconf 82' lang='lat' dir='ltr'>ot</span> <span class='ocrx_word' id='word_1_173' title='bbox 610 1877 788 1944; x_wconf 84' lang='lat' dir='ltr'>disponuntur</span> <span class='ocrx_word' id='word_1_174' title='bbox 805 1876 904 1945; x_wconf 78' lang='lat' dir='ltr'>omma,</span> <span class='ocrx_word' id='word_1_175' title='bbox 932 1885 964 1931; x_wconf 85' lang='lat' dir='ltr'>ut</span> 
     </span>
     <span class='ocr_line' id='line_1_26' title="bbox 161 1947 962 2020; baseline -0.005 -16"><span class='ocrx_word' id='word_1_176' title='bbox 161 1966 251 2018; x_wconf 79' lang='lat' dir='ltr'>supra</span> <span class='ocrx_word' id='word_1_177' title='bbox 270 1952 296 2020; x_wconf 88' lang='lat'>2)</span> <span class='ocrx_word' id='word_1_178' title='bbox 311 1950 464 2018; x_wconf 75' lang='lat' dir='ltr'>celebrans,</span> <span class='ocrx_word' id='word_1_179' title='bbox 482 1949 544 2003; x_wconf 82' lang='lat' dir='ltr'>lotis</span> <span class='ocrx_word' id='word_1_180' title='bbox 561 1949 691 2016; x_wconf 78' lang='lat' dir='ltr'>manibus,</span> <span class='ocrx_word' id='word_1_181' title='bbox 710 1948 807 2015; x_wconf 81' lang='lat' dir='ltr'>accipit</span> <span class='ocrx_word' id='word_1_182' title='bbox 824 1947 962 2016; x_wconf 84' lang='lat' dir='ltr'>amictum,</span> 
     </span>
     <span class='ocr_line' id='line_1_27' title="bbox 161 2018 962 2089; baseline -0.005 -14"><span class='ocrx_word' id='word_1_183' title='bbox 161 2021 257 2089; x_wconf 78' lang='lat' dir='ltr'>albam,</span> <span class='ocrx_word' id='word_1_184' title='bbox 282 2021 422 2089; x_wconf 78' lang='lat' dir='ltr'>cingulum,</span> <span class='ocrx_word' id='word_1_185' title='bbox 446 2020 617 2088; x_wconf 83' lang='lat' dir='ltr'>manipulum,</span> <span class='ocrx_word' id='word_1_186' title='bbox 650 2019 746 2075; x_wconf 81' lang='lat' dir='ltr'>stolam</span> <span class='ocrx_word' id='word_1_187' title='bbox 770 2027 798 2072; x_wconf 86' lang='lat' dir='ltr'>ot</span> <span class='ocrx_word' id='word_1_188' title='bbox 821 2018 962 2086; x_wconf 73' lang='lat' dir='ltr'>planetam</span> 
     </span>
     <span class='ocr_line' id='line_1_28' title="bbox 160 2089 961 2160; baseline -0.001 -14"><span class='ocrx_word' id='word_1_189' title='bbox 160 2091 230 2160; x_wconf 82' lang='lat' dir='ltr'>nigri</span> <span class='ocrx_word' id='word_1_190' title='bbox 254 2092 359 2150; x_wconf 81' lang='lat' dir='ltr'>coloris.</span> <span class='ocrx_word' id='word_1_191' title='bbox 401 2094 427 2160; x_wconf 87' lang='grc'>3)</span> <span class='ocrx_word' id='word_1_192' title='bbox 452 2090 678 2145; x_wconf 81' lang='lat' dir='ltr'>Praecedentibuo</span> <span class='ocrx_word' id='word_1_193' title='bbox 707 2089 810 2144; x_wconf 82' lang='lat' dir='ltr'>clericis</span> <span class='ocrx_word' id='word_1_194' title='bbox 833 2089 961 2145; x_wconf 73' lang='lat' dir='ltr'>manibus</span> 
     </span>
     <span class='ocr_line' id='line_1_29' title="bbox 160 2160 960 2232; baseline 0 -16"><span class='ocrx_word' id='word_1_195' title='bbox 160 2163 256 2218; x_wconf 80' lang='lat' dir='ltr'>irmclio</span> <span class='ocrx_word' id='word_1_196' title='bbox 275 2162 377 2218; x_wconf 81' lang='lat' dir='ltr'>accedit</span> <span class='ocrx_word' id='word_1_197' title='bbox 395 2163 429 2232; x_wconf 76' lang='lat' dir='ltr'>acl</span> <span class='ocrx_word' id='word_1_198' title='bbox 447 2163 532 2216; x_wconf 84' lang='lat' dir='ltr'>altaro</span> <span class='ocrx_word' id='word_1_199' title='bbox 550 2163 635 2216; x_wconf 83' lang='lat' dir='ltr'>maius</span> <span class='ocrx_word' id='word_1_200' title='bbox 652 2168 724 2216; x_wconf 81' lang='lat' dir='ltr'>teoto</span> <span class='ocrx_word' id='word_1_201' title='bbox 743 2161 838 2228; x_wconf 83' lang='lat' dir='ltr'>capito.</span> <span class='ocrx_word' id='word_1_202' title='bbox 857 2162 884 2229; x_wconf 87' lang='grc'>4)</span> <span class='ocrx_word' id='word_1_203' title='bbox 904 2160 960 2216; x_wconf 84' lang='lat' dir='ltr'>De·</span> 
     </span>
     <span class='ocr_line' id='line_1_30' title="bbox 160 2231 961 2303; baseline -0.004 -14"><span class='ocrx_word' id='word_1_204' title='bbox 160 2241 232 2289; x_wconf 80' lang='lat' dir='ltr'>tecto</span> <span class='ocrx_word' id='word_1_205' title='bbox 251 2235 337 2303; x_wconf 80' lang='lat' dir='ltr'>capite</span> <span class='ocrx_word' id='word_1_206' title='bbox 356 2232 510 2302; x_wconf 85' lang='lat' dir='ltr'>genuflectit</span> <span class='ocrx_word' id='word_1_207' title='bbox 532 2233 561 2286; x_wconf 90' lang='lat' dir='ltr'>iu</span> <span class='ocrx_word' id='word_1_208' title='bbox 578 2233 667 2301; x_wconf 85' lang='lat' dir='ltr'>plano,</span> <span class='ocrx_word' id='word_1_209' title='bbox 693 2231 822 2300; x_wconf 82' lang='lat' dir='ltr'>altaris,¹)</span> <span class='ocrx_word' id='word_1_210' title='bbox 850 2241 878 2285; x_wconf 86' lang='lat' dir='ltr'>ot</span> <span class='ocrx_word' id='word_1_211' title='bbox 895 2245 961 2300; x_wconf 89' lang='lat' dir='ltr'>pro·</span> 
     </span>
     <span class='ocr_line' id='line_1_31' title="bbox 161 2301 965 2373; baseline -0.002 -15"><span class='ocrx_word' id='word_1_212' title='bbox 161 2305 260 2360; x_wconf 88' lang='lat' dir='ltr'>cumbit</span> <span class='ocrx_word' id='word_1_213' title='bbox 277 2321 360 2373; x_wconf 83' lang='lat' dir='ltr'>super</span> <span class='ocrx_word' id='word_1_214' title='bbox 381 2305 490 2373; x_wconf 89' lang='lat' dir='ltr'>pulvino</span> <span class='ocrx_word' id='word_1_215' title='bbox 515 2305 603 2373; x_wconf 83' lang='lat' dir='ltr'>posito</span> <span class='ocrx_word' id='word_1_216' title='bbox 626 2302 789 2358; x_wconf 79' lang='lat' dir='ltr'>insecundo</span> <span class='ocrx_word' id='word_1_217' title='bbox 808 2301 915 2372; x_wconf 80' lang='lat' dir='ltr'>gradu,</span> <span class='ocrx_word' id='word_1_218' title='bbox 935 2309 965 2356; x_wconf 83' lang='lat' dir='ltr'>et</span> 
     </span>
     <span class='ocr_line' id='line_1_32' title="bbox 161 2373 964 2444; baseline -0.002 -14"><span class='ocrx_word' id='word_1_219' title='bbox 161 2383 221 2430; x_wconf 79' lang='lat' dir='ltr'>orat</span> <span class='ocrx_word' id='word_1_220' title='bbox 230 2377 317 2444; x_wconf 76' lang='lat' dir='ltr'>apatio</span> <span class='ocrx_word' id='word_1_221' title='bbox 327 2377 405 2430; x_wconf 84' lang='lat' dir='ltr'>unius</span> <span class='ocrx_word' id='word_1_222' title='bbox 414 2376 552 2431; x_wconf 79' lang='lat' dir='ltr'>Micercrc.</span> <span class='ocrx_word' id='word_1_223' title='bbox 562 2376 588 2444; x_wconf 88' lang='lat'>5)</span> <span class='ocrx_word' id='word_1_224' title='bbox 601 2375 705 2428; x_wconf 84' lang='lat' dir='ltr'>Primus</span> <span class='ocrx_word' id='word_1_225' title='bbox 715 2373 837 2442; x_wconf 67' lang='lat' dir='ltr'>clericus,</span> <span class='ocrx_word' id='word_1_226' title='bbox 848 2381 964 2442; x_wconf 78' lang='lat' dir='ltr'>accepta</span> 
     </span>
     <span class='ocr_line' id='line_1_33' title="bbox 160 2445 964 2515; baseline -0.001 -16"><span class='ocrx_word' id='word_1_227' title='bbox 160 2460 259 2515; x_wconf 85' lang='lat' dir='ltr'>mappa</span> <span class='ocrx_word' id='word_1_228' title='bbox 281 2447 355 2500; x_wconf 87' lang='lat' dir='ltr'>illam</span> <span class='ocrx_word' id='word_1_229' title='bbox 379 2445 499 2502; x_wconf 77' lang='lat' dir='ltr'>extendit</span> <span class='ocrx_word' id='word_1_230' title='bbox 525 2446 706 2514; x_wconf 81' lang='lat' dir='ltr'>perlongum</span> <span class='ocrx_word' id='word_1_231' title='bbox 732 2459 815 2512; x_wconf 80' lang='lat' dir='ltr'>super</span> <span class='ocrx_word' id='word_1_232' title='bbox 840 2459 964 2498; x_wconf 75' lang='lat' dir='ltr'>mensum</span> 
     </span>
     <span class='ocr_line' id='line_1_34' title="bbox 160 2514 962 2588; baseline -0.002 -16"><span class='ocrx_word' id='word_1_233' title='bbox 160 2516 261 2588; x_wconf 80' lang='lat' dir='ltr'>altaris,</span> <span class='ocrx_word' id='word_1_234' title='bbox 288 2517 431 2573; x_wconf 76' lang='lat' dir='ltr'>adiuvante</span> <span class='ocrx_word' id='word_1_235' title='bbox 457 2517 575 2573; x_wconf 79' lang='lat' dir='ltr'>secundo</span> <span class='ocrx_word' id='word_1_236' title='bbox 593 2517 699 2586; x_wconf 81' lang='lat' dir='ltr'>clerico,</span> <span class='ocrx_word' id='word_1_237' title='bbox 725 2531 780 2570; x_wconf 89' lang='lat' dir='ltr'>uon</span> <span class='ocrx_word' id='word_1_238' title='bbox 799 2514 962 2583; x_wconf 84' lang='lat' dir='ltr'>explicando</span> 
     </span>
    </p>
   </div>
   <div class='ocr_carea' id='block_1_8' title="bbox 174 2680 970 2863">
    <p class='ocr_par' dir='ltr' id='par_1_10' title="bbox 174 2680 970 2863">
     <span class='ocr_line' id='line_1_35' title="bbox 174 2680 969 2732; baseline 0 -10"><span class='ocrx_word' id='word_1_239' title='bbox 174 2680 196 2732; x_wconf 92' lang='lat'>¹)</span> <span class='ocrx_word' id='word_1_240' title='bbox 210 2681 317 2722; x_wconf 74' lang='lat' dir='ltr'>Sacerdos</span> <span class='ocrx_word' id='word_1_241' title='bbox 329 2685 421 2731; x_wconf 71' lang='lat' dir='ltr'>paratur</span> <span class='ocrx_word' id='word_1_242' title='bbox 435 2681 537 2724; x_wconf 83' lang='lat' dir='ltr'>forlaVI.</span> <span class='ocrx_word' id='word_1_243' title='bbox 549 2682 574 2720; x_wconf 87' lang='lat' dir='ltr'>ln</span> <span class='ocrx_word' id='word_1_244' title='bbox 583 2683 712 2729; x_wconf 77' lang='lat' dir='ltr'>Parurcoro,</span> <span class='ocrx_word' id='word_1_245' title='bbox 728 2683 846 2728; x_wconf 72' lang='lat' dir='ltr'>autequam</span> <span class='ocrx_word' id='word_1_246' title='bbox 860 2689 917 2719; x_wconf 82' lang='lat' dir='ltr'>crux</span> <span class='ocrx_word' id='word_1_247' title='bbox 931 2681 969 2722; x_wconf 78' lang='lat' dir='ltr'>‹lo-</span> 
     </span>
     <span class='ocr_line' id='line_1_36' title="bbox 212 2746 970 2799; baseline -0.001 -10"><span class='ocrx_word' id='word_1_248' title='bbox 212 2751 302 2799; x_wconf 72' lang='lat' dir='ltr'>togltur‚</span> <span class='ocrx_word' id='word_1_249' title='bbox 317 2758 360 2788; x_wconf 88' lang='lat' dir='ltr'>nou</span> <span class='ocrx_word' id='word_1_250' title='bbox 374 2749 439 2788; x_wconf 70' lang='lat' dir='ltr'>aetat</span> <span class='ocrx_word' id='word_1_251' title='bbox 452 2749 476 2788; x_wconf 89' lang='lat' dir='ltr'>ln</span> <span class='ocrx_word' id='word_1_252' title='bbox 484 2759 574 2788; x_wconf 73' lang='lat' dir='ltr'>ancum</span> <span class='ocrx_word' id='word_1_253' title='bbox 587 2747 617 2788; x_wconf 78' lang='lat' dir='ltr'>acl</span> <span class='ocrx_word' id='word_1_254' title='bbox 630 2747 700 2787; x_wconf 71' lang='lat' dir='ltr'>altaro</span> <span class='ocrx_word' id='word_1_255' title='bbox 714 2746 870 2796; x_wconf 66' lang='lat' dir='ltr'>genuflectere,</span> <span class='ocrx_word' id='word_1_256' title='bbox 884 2747 926 2786; x_wconf 70' lang='lat' dir='ltr'>aad</span> <span class='ocrx_word' id='word_1_257' title='bbox 935 2748 970 2788; x_wconf 76' lang='lat' dir='ltr'>iu·</span> 
     </span>
     <span class='ocr_line' id='line_1_37' title="bbox 213 2809 915 2863; baseline -0.003 -9"><span class='ocrx_word' id='word_1_258' title='bbox 213 2824 262 2854; x_wconf 81' lang='lat' dir='ltr'>coro</span> <span class='ocrx_word' id='word_1_259' title='bbox 275 2813 407 2863; x_wconf 80' lang='lat' dir='ltr'>profundam</span> <span class='ocrx_word' id='word_1_260' title='bbox 422 2816 573 2854; x_wconf 73' lang='lat' dir='ltr'>reverentiam</span> <span class='ocrx_word' id='word_1_261' title='bbox 601 2816 630 2863; x_wconf 78' lang='lat'>(8.</span> <span class='ocrx_word' id='word_1_262' title='bbox 646 2816 671 2856; x_wconf 77' lang='grc' dir='ltr'>Β.</span> <span class='ocrx_word' id='word_1_263' title='bbox 685 2814 708 2854; x_wconf 80' lang='grc'>0.</span> <span class='ocrx_word' id='word_1_264' title='bbox 722 2811 755 2856; x_wconf 82' lang='lat' dir='ltr'>al.</span> <span class='ocrx_word' id='word_1_265' title='bbox 770 2811 824 2861; x_wconf 70' lang='lat' dir='ltr'>Aac.</span> <span class='ocrx_word' id='word_1_266' title='bbox 840 2809 915 2860; x_wconf 68' lang='lat' dir='ltr'>rm)</span> 
     </span>
    </p>
   </div>
   <div class='ocr_carea' id='block_1_9' title="bbox 0 0 1070 3228">
    <p class='ocr_par' dir='ltr' id='par_1_11' title="bbox 0 0 1070 3228">
     <span class='ocr_line' id='line_1_38' title="bbox 0 0 1070 3228; baseline 0 0"><span class='ocrx_word' id='word_1_267' title='bbox 0 0 1070 3228; x_wconf 95' lang='lat' dir='ltr'> </span> 
     </span>
    </p>
   </div>
  </div>
 </body>
</html>
