2128 3228
156 150 196 222 ⁷89
240 199 243 204 ,
306 154 339 194 De
351 153 482 203 quibusdam
496 153 546 194 aliie
559 153 697 193 sacerdotum
711 153 795 196 61116116.

145 262 241 321 161666,
260 251 380 320 aequitum
392 250 530 306 celebrans
543 250 646 306 medius
659 251 729 307 iuter
747 251 815 307 duos
829 251 954 323 clericos,

154 323 270 378 recitans
288 323 438 377 alternatim
462 338 521 376 cum
546 323 585 376 eis
609 322 664 376 alta
689 338 755 378 voce
772 323 956 394 Antiphontis,

157 394 237 462 (quae
256 410 338 462 supra
355 409 417 462 pag.
432 395 493 448 684.
512 393 653 461 habentur)
674 393 709 448 ad
727 409 821 450 versus
840 402 960 463 6616166.

156 469 184 534 3)
202 464 360 520 Proceditur
382 464 521 532 perlatus
540 463 680 519 dexterum
698 464 857 520 celebrantis
877 473 960 522 extra

154 545 261 607 portam
277 535 458 605 principalem,
476 535 615 590 recitando
629 536 810 604 Antiphonem
825 535 894 591 Gom
908 553 960 606 66-

151 609 351 690 propinquaret
368 607 438 675 (pag.
459 607 540 676 684).
579 607 605 675 4)
624 607 656 662 In
673 607 826 664 reversione
844 623 958 676 proces·

156 680 239 735 monus
257 680 358 748 primus
376 678 487 732 clericus
505 693 566 731 eum·
582 693 660 732 cruce
679 678 749 733 sistit
767 686 828 732 ante
848 687 958 747 portam

155 750 343 819 principalem,
367 748 435 803 faeie
453 748 489 803 ad
506 747 627 802 eamdem
644 763 732 805 versa.
769 749 795 818 5)
815 748 958 806 Secundus

157 829 184 876 et
196 822 291 876 tertius
314 820 425 874 clericus
439 820 539 874 intrant
561 819 708 889 ecclesiam,
727 827 755 875 61
768 821 858 884 clauso
874 822 956 892 ostio,

156 890 441 948 61661666616616616
460 890 495 945 ad
511 891 724 959 processionem,
749 890 839 946 dicunt
857 891 959 948 616166

156 964 218 1017 leuc
242 971 293 1020 etc.
317 978 378 1030 pag.
397 964 458 1016 686.
495 963 521 1032 6)
542 961 686 1017 celebrans
711 969 788 1016 extra
807 962 958 1034 ecclesiam,

156 1033 224 1088 facie
244 1033 278 1088 ad
295 1040 400 1102 portam
414 1048 501 1102 versa,
519 1033 706 1100 repetittecto
725 1033 827 1102 capite:
848 1033 957 1102 Gloria,
1049 1057 1050 1090 1

156 1107 218 1160 1666
236 1112 304 1172 616.;
329 1103 431 1158 clerici:
457 1105 544 1159 Israel
566 1119 594 1158 66
617 1108 647 1157 16
663 1120 713 1158 rae
737 1114 787 1160 etc.
812 1119 874 1173 pap.
894 1107 959 1164 686.

157 1175 183 1245 7)
197 1175 326 1230 Versibus
344 1175 490 1243 completis,
509 1175 611 1243 primus
628 1175 741 1230 clericus
755 1175 828 1230 calce
846 1176 956 1232 hastilis

155 1247 241 1301 crucis
265 1246 381 1314 percutit
398 1248 477 1300 imam
495 1254 600 1315 partem
620 1245 706 1314 ipsius
723 1253 834 1316 portae,
861 1247 903 1302 ita
926 1255 958 1302 ut

155 1316 247 1385 fragor
265 1316 404 1386 audiatur;
432 1325 459 1372 et
478 1316 530 1371 duo
549 1317 651 1386 clerici,
681 1318 726 1384 qui
744 1325 807 1374 sunt
823 1319 897 1374 intra
914 1333 958 1374 ec·

155 1389 272 1457 clesiam,
290 1396 396 1458 portam
410 1388 541 1456 aperiunt,
560 1396 589 1442 et
601 1389 698 1444 sistunt
710 1404 740 1444 se
758 1388 903 1444 hincinde
922 1388 958 1444 ad

155 1460 271 1516 ianuam.
307 1459 333 1529 8)
352 1459 457 1514 Primus
485 1459 596 1514 clericus
622 1475 681 1514 cum
710 1475 788 1514 cruce
806 1459 959 1528 ingreditur

157 1531 304 1599 ecclesiam,
323 1537 351 1585 61
368 1529 506 1586 celebrans
524 1529 709 1598 subsequendo
728 1531 820 1598 incipit
833 1531 958 1601 Respon-

156 1603 271 1658 sorium:
290 1601 460 1672 Ioprcde'cate
473 1601 592 1655 Domino
611 1607 660 1656 etc.
680 1601 751 1671 (pag.
766 1601 847 1672 686).
867 1603 894 1672 9)
911 1602 958 1658 Se·

157 1674 259 1728 candus
278 1679 306 1727 et
324 1673 419 1728 tertius
438 1673 549 1728 clericus
568 1673 704 1740 cxciplrmt
722 1672 911 1742 celebrantem,
930 1681 958 1730 61

81 1799 84 1805 .
156 1753 288 1814 ponentes
305 1744 379 1798 illum
403 1745 431 1796 in
448 1743 536 1798 medio
554 1749 754 1812 prosequuntur
771 1760 832 1798 cum
850 1759 884 1800 eo
903 1745 957 1800 Rc·

157 1816 338 1885 sponsorium:
357 1814 526 1884 Iapredicnte
539 1815 658 1870 Domino
676 1821 728 1872 616.
756 1816 799 1885 10)
818 1815 958 1872 Termina-

155 1895 200 1942 tur
217 1887 355 1955 processio
381 1892 409 1942 et
426 1886 637 1953 Respousorium
663 1893 725 1940 6616
751 1886 837 1940 altare
861 1888 957 1944 malua

159 1958 202 2026 11)
220 1959 326 2012 Primus
344 1957 455 2012 clericus
471 1957 581 2024 deponit
594 1971 708 2026 crucem,
727 1965 755 2011 et
773 1955 871 2012 deinde
888 1959 956 2012 reci·

156 2029 198 2097 pit
220 2029 324 2096 palmas
342 2042 359 2082 a
377 2027 528 2082 celebrante
546 2034 574 2082 et
592 2028 704 2084 clericis.
741 2028 784 2098 12)
808 2027 955 2086 celebrans

156 2101 185 2153 in
202 2100 282 2169 plano
301 2099 448 2168 Epistulae,
476 2099 522 2154 ubi
540 2099 606 2154 alias
624 2097 733 2154 sedetur
750 2099 778 2153 in
795 2099 890 2170 Missa,
910 2100 956 2155 de-

157 2171 234 2240 ponit
250 2170 375 2240 pluviale,
394 2176 422 2226 et
439 2170 535 2238 accipit
547 2170 710 2238 manipulum
724 2177 752 2224 et
764 2170 908 2240 planetam,
929 2177 958 2228 61

157 2241 234 2297 sedet
261 2241 460 2309 aliquantulum.
490 2241 533 2310 13)
552 2241 657 2296 Primus
675 2241 787 2304 clericus
805 2249 956 2310 66116166-

156 2313 234 2367 licem
251 2313 287 2367 nd
300 2312 385 2367 altare
403 2319 431 2367 et
449 2327 567 2380 expanso
581 2312 714 2380 corporali
731 2312 759 2366 in
777 2311 866 2368 medio
886 2314 954 2380 cius,

156 2384 231 2438 illum
248 2384 361 2439 66116661
385 2389 513 2451 6166161.
552 2383 594 2452 14)
614 2382 758 2438 celebrum
775 2383 900 2451 procedit
917 2383 954 2440 ad

156 2455 268 2509 Missam
281 2452 474 2524 celebrandam,
491 2455 520 2508 iu
538 2470 592 2522 qua
609 2455 698 2510 cleriei
711 2462 838 2523 poterunt
856 2462 953 2512 tenere

157 2526 274 2595 palmam
290 2526 318 2580 in
336 2526 457 2580 manibus
481 2524 544 2579 dum
560 2526 659 2594 legitur
676 2525 786 2594 Passio;
811 2533 840 2580 61
855 2527 885 2580 in
901 2524 957 2582 fine

157 2596 259 2650 Missae
282 2595 380 2663 legitur
402 2596 580 2664 Evangelium
599 2596 625 2652 S.
645 2596 771 2652 loannis:
799 2597 837 2651 16
850 2598 957 2665 61666·-

153 2669 203 2734 pio
222 2668 300 2733 etc.¹)
329 2666 371 2735 16)
386 2666 456 2720 Dum
465 2667 603 2722 celebrans
612 2668 678 2737 legit
686 2667 956 2735 AntiphonamGoau·

174 2822 229 2875 1)Sl
248 2835 288 2873 per
308 2836 332 2865 se
351 2826 470 2876 expleverit
496 2828 669 2868 bencdlctloucm
687 2827 809 2878 palmarum
831 2827 958 2868 immedlaba
