2106 3228
127 123 155 167 bd
296 127 403 167 Materiae
416 127 570 167 nonnullarum
584 127 758 171 medltatlonum.

169 231 218 286 111.
247 230 395 285 Considera
408 231 493 299 qualis
510 231 545 286 sit
557 231 681 286 eoelestis
694 229 843 284 habitatio?
875 231 932 283 Ex·

132 301 221 370 pende
235 302 443 370 magnitudinem
457 303 567 370 gloriae,
584 303 613 355 in
628 318 709 369 quam
721 302 841 355 introivit
855 301 932 355 Chri·

131 380 197 440 stus,
216 381 244 427 et
257 374 332 427 cuius
353 382 380 427 te
394 375 452 426 vult
466 373 608 441 aliquando
625 372 684 427 fieri
697 373 869 441 participem3
887 388 932 426 re-

131 443 249 513 spondet
267 445 325 498 eius
338 445 483 513 laboribus,
510 445 679 512 passionibus
698 452 727 498 et
743 445 852 510 meritis,
880 459 933 498 nee

131 531 186 569 non
205 515 311 570 divinae
329 515 540 584 magnificentiae
562 523 589 570 et
601 515 764 570 liberalitati.
781 515 855 569 Nihil
869 530 933 569 oeu-

133 587 175 640 los
188 587 258 640 uidit
275 603 323 641 nee
342 589 419 640 auris
442 587 556 654 audivit,
575 591 624 640 uttt
641 588 671 639 in
690 603 736 640 eor
753 586 870 639 hordinio
887 601 932 640 ao·

131 658 227 724 cendit,
258 657 330 725 quod
354 659 523 726 aequiparari
549 659 574 711 ei
598 665 698 726 posset.
735 656 833 711 Omnes
851 657 934 712 huius

130 728 258 796 temporis
273 729 423 796 passioneo,
437 744 506 795 quae
520 736 561 782 tot
575 736 602 782 et
615 735 706 783 tantae
720 735 789 796 sunt,
807 743 860 782 non
870 735 934 783 sunt

132 799 280 867 condignae
295 799 329 852 ad
343 800 428 866 illam,
448 806 476 853 et
496 816 555 853 oum
575 801 737 868 apparuerit,
755 799 874 867 perdente
888 815 932 852 sa·

129 870 263 938 tiabimur,
283 877 311 924 et
328 871 395 923 nibil
407 871 485 924 nobis
500 871 592 925 deerit.
630 870 732 938 thuid
745 885 809 938 ergo
823 869 858 923 ad
869 885 933 924 eum

129 941 227 1009 iugiter
255 957 310 994 non
334 942 475 1008 suspiras?
513 942 603 1009 Quare
629 941 716 1010 diligis
740 944 884 997 vanitatem
905 947 934 996 et

131 1013 238 1078 quaeris
256 1011 443 1066 mendacium?
480 1013 646 1081 Magnopere
671 1012 732 1066 dole
756 1012 789 1066 de
806 1020 854 1066 tua
871 1027 933 1066 oae-

131 1084 226 1150 citate;
245 1089 272 1136 et
286 1098 355 1150 quae
369 1097 475 1138 sursum
491 1091 560 1153 sunt,
578 1083 686 1138 tandem
700 1085 790 1152 sapias
805 1091 832 1138 et
849 1098 932 1151 quae-

131 1169 184 1223 ras,
202 1170 257 1208 non
275 1170 344 1221 quae
364 1162 574 1223 superterram.

226 1282 276 1337 56.
294 1282 476 1334 meditatio:
502 1281 560 1334 Pro
576 1282 645 1347 festo
663 1281 836 1334 Pentecosten

171 1369 192 1422 Ι.
221 1367 408 1438 contemplare
423 1369 556 1424 Christum
574 1369 603 1422 in
621 1369 706 1436 ooelu,
724 1383 867 1422 memorem
884 1381 933 1422 no·

136 1439 185 1494 stri
199 1447 226 1493 et
238 1438 325 1494 factae
339 1441 523 1509 promissionis
536 1440 568 1494 de
578 1440 706 1494 mittendo
721 1441 773 1494 alio
783 1439 935 1507 Paraolit03

137 1509 265 1579 Spiritum
283 1520 403 1566 sanetum
421 1511 626 1566 descendentem
645 1527 727 1580 super
744 1511 879 1576 homines3
902 1510 935 1563 il-

136 1581 200 1650 lum,
219 1583 264 1649 qui
276 1583 365 1638 Patris
381 1590 408 1637 et
421 1583 484 1642 Filii
498 1591 623 1638 aeternus
636 1590 677 1637 est
691 1599 765 1636 amor
778 1590 805 1636 et
818 1581 936 1635 omnium

137 1651 197 1708 fons
211 1653 351 1724 bonorum,
371 1654 497 1709 donatum
515 1654 593 1708 nobis
610 1655 729 1722 miseris,
749 1661 776 1707 et
793 1653 935 1721 perillum

136 1723 222 1779 factos
236 1741 286 1780 nos
299 1726 369 1780 filios
384 1726 525 1794 adoptivos
536 1726 595 1778 Dei.
622 1725 725 1793 Excipe
738 1725 812 1777 illum
825 1725 935 1778 venien·

136 1801 199 1863 tem,
224 1795 306 1850 lauda
323 1813 452 1851 summam
470 1799 528 1852 eius
546 1797 692 1866 caritatem,
714 1795 832 1864 redama,
851 1795 937 1850 adora

135 1873 163 1920 et
181 1881 267 1920 serva.

169 1938 204 1990 ΙΙ.
236 1937 390 2005 Considera,
409 1937 541 2005 quomodo
561 1953 590 1994 se
608 1939 829 2007 praeparaverint
846 1938 878 1991 B.
899 1937 933 1991 V.

135 2014 163 2062 et
180 2009 304 2076 Apostoli
323 2008 357 2062 ad
376 2009 503 2076 Spiritum
522 2017 642 2064 sanetum
660 2009 849 2077 recipiendum.
885 2008 931 2062 Ad

131 2080 183 2133 hoo
198 2079 296 2134 Christi
309 2079 475 2134 mandatum:
495 2079 589 2134 Sedete
600 2083 630 2134 dn
650 2083 764 2150 deitate,
785 2079 868 2133 donee
887 2081 930 2132 τή-

132 2151 258 2204 duamini
270 2152 368 2204 odmnte
386 2167 419 2204 eoo
437 2151 500 2218 alto,
521 2159 689 2206 secessermt
707 2152 735 2204 in
748 2151 930 2220 coenaculum,

131 2221 192 2290 ubi,
225 2237 240 2275 a
259 2223 460 2276 conversatione
486 2229 513 2276 et
535 2221 636 2277 forensi
659 2223 774 2277 tumultu
794 2222 930 2291 abstracti,

133 2297 210 2346 erant
222 2299 423 2360 perseuerantes
446 2295 612 2347 unanimiter
633 2295 664 2347 in
689 2295 819 2347 oratione.
855 2294 932 2348 Haeo

131 2364 180 2418 tibi
199 2363 233 2416 ad
251 2363 406 2418 imitandum
423 2379 558 2433 propone,
583 2371 613 2418 ut
636 2363 707 2418 idem
724 2365 813 2432 possis
831 2364 930 2418 bonum

133 2435 268 2502 consequi,
288 2443 315 2489 ot
332 2435 366 2490 de
379 2443 407 2489 te
422 2435 533 2503 dieaurr,
553 2435 624 2503 quod
643 2435 676 2489 de
692 2435 745 2490 illis
760 2435 930 2490 dictumest:

133 2511 158 2560 et
175 2507 271 2574 repleti
287 2512 350 2559 sunt
368 2522 458 2560 omnes
476 2507 582 2574 Spiritu
599 2512 700 2561 sonmo.

168 2578 216 2631 ΙΙΙ.
246 2576 386 2646 Expende,
405 2577 470 2644 quid
490 2586 616 2645 operatus
637 2579 672 2632 sit
686 2577 800 2646 Spiritus
822 2584 930 2632 sanetus

132 2647 219 2715 iniis,
239 2647 273 2700 ad
292 2664 359 2714 quos
378 2648 537 2703 deseendit?
573 2650 707 2717 Amorem,
726 2647 869 2717 fervorem,
888 2665 930 2703 sa-

132 2719 268 2787 pientiam,
282 2718 472 2787 fortitudinem,
489 2720 633 2785 scientiam,
647 2721 782 2789 pietatem,
797 2727 847 2775 etc.
861 2721 931 2774 Hine

132 2789 224 2844 videre
243 2797 333 2859 potes,
362 2792 423 2858 quis
441 2791 476 2846 sit
493 2791 521 2844 in
538 2798 565 2845 te
584 2792 716 2859 spiritus?
752 2791 797 2844 An
823 2800 931 2846 sanctus
