2130 3242
220 161 224 170 ¹
316 191 348 231 De
362 191 502 234 sarmento
516 191 674 235 Pocultutiae,
851 190 895 236 408

6 341 7 350 ,
91 291 126 348 de
145 291 243 361 modo,
262 307 316 358 quo
333 291 388 346 tale
405 298 545 360 peccatum
562 293 598 348 sit
614 298 761 362 patratum,
783 295 893 352 mimme

90 364 227 432 inquirat3
258 362 287 416 in
315 363 524 419 circumstantias
552 363 588 418 ad
614 363 809 420 confessionem
838 383 894 422 non

90 434 319 492 necessariosnon
332 434 483 502 investiget.
494 463 528 474 -
545 435 601 490 Sub
614 441 726 502 peccato
740 437 848 491 mortali
865 445 894 493 et

92 522 184 574 poena
202 505 385 573 suspensionis
403 505 437 560 ab
465 505 551 562 officio
570 505 766 562 confessionum
785 507 894 563 audien·

90 577 189 632 darum
212 576 325 644 aliisque
347 577 515 645 gravioribus
538 578 634 645 poenis
658 578 822 646 prohibitum
846 585 895 647 est,

92 663 127 702 ne
146 646 306 704 confessarii
319 648 476 715 complicum
489 649 604 718 nomine,
623 657 670 704 ant
683 650 895 706 circumstamias
1004 644 1011 662 '

91 718 271 774 individualea
297 719 454 786 complicum
480 720 635 789 exquirant,
672 727 720 775 aut
746 721 895 789 intelligere

90 796 232 846 conentur.
276 789 330 844 Ofr.
355 789 457 844 Reaed.
476 791 556 845 XIV.
577 791 666 846 conse.
702 792 754 847 Ubi
779 792 894 861 primum

90 861 119 916 d.
137 861 165 918 d.
183 864 210 914 2.
230 861 313 916 Jami
321 863 401 916 1746.
416 891 450 900 -
465 861 509 916 Dc
522 861 588 931 Syn.
599 863 682 918 dioec
692 863 736 918 leil.
747 867 771 918 6.
782 879 841 932 cop.
849 868 893 918 11.

91 949 165 986 aava.
179 935 259 986 1-3,
279 959 313 972 -
331 931 450 999 Expedit
468 948 566 1002 saepe,
592 941 623 988 ut
646 933 745 990 iustine
764 935 895 990 examinis

91 1003 274 1070 interrogetur
292 1003 441 1072 poenitens,
461 1019 496 1059 an
513 1004 613 1060 haheat
630 1012 772 1072 practerea
790 1005 892 1073 aliquid

90 1074 174 1143 alind,
191 1072 264 1142 qnod
277 1074 467 1130 conscientiam
480 1081 589 1144 gravet;
608 1076 704 1131 exinde
718 1078 788 1132 enim
801 1078 894 1146 plnres

90 1146 261 1227 occasionem
269 1152 384 1214 sumunt,
398 1144 541 1202 confitendi
554 1145 662 1202 tandem
675 1149 893 1220 poccatahuous·
923 1166 925 1170 ’
959 1193 962 1202 ,

90 1232 144 1285 que
164 1231 272 1272 omissa
644 1259 646 1264 .

127 1291 153 1344 7.
173 1287 202 1341 si
219 1286 360 1355 poenitens
378 1293 470 1342 utatur
492 1287 635 1356 superfluis
653 1289 893 1346 chramlocntioni·

91 1359 142 1414 bus
161 1365 190 1412 et
207 1358 327 1414 historiis
344 1359 373 1412 iu
391 1357 571 1416 declaratione
583 1367 755 1428 peccatorum
773 1377 893 1431 suornm,

92 1431 137 1484 vel
154 1429 252 1486 afferat
275 1430 401 1484 historias
424 1431 547 1498 inutiles,
576 1430 734 1486 domesticas
758 1432 893 1502 querelas,

91 1501 203 1570 negotia
230 1507 295 1569 etc,
326 1499 504 1556 confessarius
534 1502 685 1556 humaniter
711 1517 743 1556 ac
774 1503 894 1558 suaviter

92 1573 250 1640 abrumpat,
279 1579 306 1626 et
324 1587 383 1626 cnm
402 1571 492 1628 debita
509 1572 619 1628 lenitate
645 1573 733 1628 omnia
750 1573 910 1644 rescindat,

93 1642 216 1712 dicendo,
236 1658 303 1712 opus
314 1659 371 1698 non
386 1657 445 1698 esse
459 1658 585 1698 enarrare
598 1643 658 1700 illas
673 1643 892 1713 choumstantias,

93 1715 159 1771 satis
178 1714 282 1770 essaei
308 1713 426 1770 breviter
454 1714 526 1769 dicat
549 1714 666 1782 speciem
693 1721 721 1768 et
738 1729 893 1783 numerum3

92 1785 254 1854 quandoque
273 1785 327 1840 alio
345 1785 462 1841 diremat
479 1801 643 1854 sermonem,
668 1783 785 1854 petendo
804 1801 893 1840 annon

92 1858 144 1912 hoc
162 1857 207 1910 rel
225 1855 291 1910 illud
315 1857 388 1912 alind
410 1864 550 1924 peceatum
565 1856 667 1912 fecerit.
704 1857 733 1912 Si
750 1856 892 1924 poenitens

91 1928 180 1984 dicat:
199 1943 254 1982 non
266 1928 361 1997 iurari,
379 1927 481 1982 nullum
494 1927 595 1982 furtum
607 1927 659 1983 feci
673 1934 732 1996 etc,
747 1927 895 1986 monendus

94 2007 143 2068 est,
168 1998 271 2066 requiri
288 1998 462 2068 solummodo,
485 2006 516 2054 nt
534 1999 567 2054 de
585 2000 702 2068 peccatis
729 2014 759 2054 se
777 2006 893 2056 accuset.

95 2070 124 2124 Si
136 2071 278 2139 poenitens
293 2070 406 2138 incipiat
419 2071 532 2125 chorum
544 2078 656 2140 peccata
677 2070 811 2139 detegere,
831 2087 894 2126 con-

93 2141 224 2198 fessarius
242 2141 332 2196 statim
350 2149 466 2212 moneat,
493 2149 524 2196 ut
541 2141 575 2196 de
594 2143 767 2212 alietatem,
794 2157 829 2196 ne
848 2141 894 2196 do·

94 2211 227 2268 trahendo
246 2219 274 2266 et
290 2211 443 2268 infamando
465 2229 564 2268 novum
581 2214 728 2268 committat
744 2220 894 2280 peccatum.

96 2283 125 2338 Si
141 2284 220 2338 nimie
239 2299 338 2352 crasse,
356 2283 400 2338 vel
417 2284 504 2338 minus
522 2283 619 2351 pudice
637 2283 769 2352 quaedam
782 2285 896 2352 peccata

95 2355 220 2424 explicet,
240 2353 367 2410 doceatur
384 2355 523 2412 honestius
543 2369 576 2410 ea
593 2356 675 2422 loqui.
736 2405 738 2410 .
885 2397 893 2416 .

130 2428 156 2480 8.
176 2425 205 2480 Si
223 2425 363 2494 poenitens
383 2425 478 2480 efferat
496 2425 597 2492 aliquid
615 2439 731 2495 enorme,
759 2424 896 2482 confessa-

94 2496 150 2552 rius
168 2503 278 2566 eaveat,
305 2511 340 2550 ne
358 2496 413 2551 ulla
431 2495 477 2551 det
495 2497 571 2564 signa
589 2496 771 2552 admirationis
793 2497 837 2551 vel
856 2497 895 2551 in·

95 2567 272 2636 dignationis3
286 2567 398 2635 proinde
413 2568 489 2636 signa
502 2583 627 2624 manuum
641 2568 685 2622 vel
693 2567 801 2636 pedum,
815 2567 896 2623 alios·

94 2653 147 2708 qne
166 2639 287 2706 corporis
301 2645 388 2693 motus
402 2639 507 2694 omnino
523 2640 604 2707 vitet3
618 2655 680 2694 nam
694 2639 897 2693 circumstantes

96 2710 230 2778 colligere,
245 2716 292 2764 ant
305 2710 400 2764 saltem
414 2710 544 2777 suspicari
556 2717 675 2779 possent,
690 2708 725 2764 ad
738 2709 804 2764 talis
817 2709 897 2776 signa

96 2781 149 2836 dici
166 2787 279 2848 peccata
297 2781 398 2849 gravia,
428 2781 518 2848 sicque
537 2781 706 2848 frangeretur
725 2780 849 2848 sigillum,
869 2786 897 2835 et

94 2853 236 2921 poenitens
253 2859 347 2920 posset
360 2851 490 2908 deterreri
503 2868 521 2908 a
534 2851 690 2920 detegendis
703 2851 813 2917 reliquis
832 2864 896 2920 pec·
