2138 3226
161 137 203 180 286
411 139 496 180 henes
503 149 544 188 pro
558 138 716 180 sacerdotibus.

162 248 213 309 ter,
239 239 433 296 desolationem
457 239 545 295 cordis
571 255 677 308 eorum3
701 238 884 294 misericordia
907 256 968 296 mo·

162 326 243 366 veare
263 326 344 380 super
363 326 425 380 eos3
451 312 504 366 oito
528 310 622 379 profer
648 318 675 366 et
700 310 781 366 indue
801 311 867 366 illos
893 312 966 366 stola

162 383 258 452 prima,
276 390 307 436 ut
323 389 477 437 mereantur
503 383 607 450 epulari
630 389 657 436 et
680 381 841 436 manducare
865 389 966 438 tecum.

163 453 186 509 0
206 454 251 522 qui
270 453 400 522 gaudetis,
420 454 569 522 angeliDei
586 453 719 522 incaelis,
738 468 820 520 super
837 453 881 510 his
899 469 964 522 pec·

163 525 299 581 catoribus
317 526 509 594 poenitentiam
522 525 670 594 agentibus,
689 530 766 578 orate
775 524 900 579 continuo
914 541 967 593 pro

164 598 239 666 ipsis,
264 603 295 651 ut
319 597 347 650 in
371 597 491 651 novitate
517 596 587 650 vitae
606 595 749 649 ambulent.
778 594 860 650 Orate
880 597 964 650 etiam

161 683 211 737 pro
230 683 281 735 me,
299 673 330 721 ut
348 666 468 722 defectus
488 682 505 721 a
522 683 565 720 me
584 667 716 722 commissi
740 667 806 720 mihi
823 667 963 722 remittan-

161 739 213 807 tur,
233 745 260 792 et
277 745 307 791 ut
326 738 422 793 auditis
440 754 495 792 non
517 738 642 806 maculer,
662 737 710 793 sed
724 736 897 793 considerans
908 754 967 794 me·

161 810 312 877 metipsum,
330 820 436 877 semper
453 809 560 877 vigilem
584 811 613 862 in
639 809 812 877 orationibus,
838 810 966 878 quoniam

163 881 266 948 etipse
284 879 461 935 circumdatus
479 897 537 934 sum
555 879 717 936 infirmitate:
753 881 847 934 Amen.

263 1009 338 1053 Oratio
351 1013 400 1054 ante
414 1010 617 1054 administrationem
631 1013 740 1054 sabamae
754 1010 869 1055 unctionis.

198 1093 313 1147 Domine
331 1093 398 1147 Jesu
417 1092 531 1162 Christe,
557 1093 603 1160 qui
626 1094 711 1149 habes
736 1094 826 1147 claves
843 1092 917 1147 vitae
937 1100 966 1148 et

163 1164 265 1233 mortis,
283 1163 388 1232 respice
397 1165 530 1232 propitius
542 1180 624 1232 super
637 1164 747 1219 fratrem
759 1171 888 1232 nostrum,
901 1180 967 1232 pro·

162 1241 223 1303 pter
242 1250 321 1302 quem
338 1243 458 1290 mortuus
477 1250 515 1304 es,
535 1237 632 1303 quique
650 1236 752 1290 inducit
769 1251 820 1302 me,
841 1236 906 1290 licet
923 1237 965 1290 in·
1024 1241 1027 1248 ⁴

163 1306 272 1374 dignum
288 1307 475 1376 presbyterum
486 1307 614 1361 ecclesiae
626 1314 697 1376 tuae,
718 1313 757 1374 nt,
772 1307 840 1360 sicut
853 1306 965 1374 iussisti,

163 1393 238 1432 orem
256 1391 337 1446 super
356 1393 417 1431 eum
436 1393 537 1446 ungens
557 1378 616 1432 oleo
641 1379 670 1432 in
687 1379 793 1432 nomine
811 1384 867 1432 tuo.
905 1377 964 1432 Fac
1057 1415 1058 1438 ι

165 1464 238 1519 ergo,
255 1449 378 1518 Domine,
396 1455 427 1502 ut
445 1449 531 1503 oratio
545 1447 609 1502 fidei
622 1450 709 1505 salvet
727 1464 796 1504 eum.
833 1448 876 1502 Tu
893 1449 963 1518 ipse,
1057 1453 1058 1480 ³

164 1521 287 1588 Domine,
306 1520 403 1574 allevia
421 1535 490 1588 eum,
510 1526 538 1574 et
555 1521 579 1575 si
587 1521 750 1589 inpeccatis
761 1521 803 1589 sit,
823 1520 965 1574 omnicre-
1057 1535 1058 1538 ¹

162 1592 237 1646 mitte
255 1592 302 1661 illi,
330 1598 360 1647 ut
378 1591 435 1646 sive
453 1590 581 1660 infirmus,
607 1592 663 1646 sive
683 1607 772 1662 sanus,
798 1591 855 1646 sive
883 1591 965 1647 etiam

163 1671 293 1732 mortuus,
311 1662 403 1717 laudet
422 1670 449 1716 et
467 1669 538 1717 amet
555 1669 582 1718 te
602 1678 717 1731 semper.

198 1735 242 1788 Da
260 1735 369 1788 etmihi
388 1734 448 1803 ipsi,
466 1734 589 1803 Domine,
613 1735 735 1788 intimum
752 1747 833 1787 verae
851 1731 963 1801 pietatis

163 1805 295 1873 affectum,
313 1811 344 1859 ut
360 1804 464 1859 infirmo
482 1805 528 1860 isti
539 1807 686 1873 compatiar
704 1813 732 1858 et
749 1804 834 1858 oratio
854 1819 916 1858 mea
928 1819 962 1858 ex

162 1877 225 1930 vira
242 1875 295 1930 fide
304 1876 447 1945 procedat;
465 1876 556 1930 intime
570 1875 675 1931 doleam
687 1875 872 1944 propeccatis,
888 1890 962 1943 quae

164 1945 276 2002 diversis
295 1946 425 2015 sensibus,
444 1962 512 2014 quos
525 1962 605 2016 ungo,
623 1947 762 2008 commisit,
781 1953 808 2000 et
825 1961 875 2014 pro
889 1947 963 2002 meis

164 2019 245 2072 etiam
263 2017 355 2072 dolore
373 2018 516 2073 intrinseco
538 2026 626 2074 tactus
644 2019 700 2074 sim.
737 2017 861 2072 Excitem
877 2017 961 2086 illum,
1057 2003 1058 2024 ³

163 2095 191 2144 te
209 2089 270 2157 ipso
288 2103 339 2155 per
357 2104 399 2142 me
417 2089 552 2157 loquente,
572 2090 606 2143 ad
625 2087 783 2145 sacrificium
801 2087 889 2143 cordis
900 2104 963 2144 con·

162 2160 219 2214 triti
237 2166 265 2214 et
281 2160 412 2214 humiliati
440 2168 467 2214 et
486 2159 520 2214 ad
537 2161 680 2228 ipsummet
703 2161 776 2214 vitae
795 2174 860 2215 suae
878 2160 963 2215 sacri·

165 2229 262 2286 ficium.
281 2229 382 2285 Audiat
398 2246 449 2299 me,
479 2239 507 2286 et
524 2232 577 2299 ipsi
595 2231 732 2288 adstantes
751 2247 800 2298 pro
819 2231 865 2285 illo
885 2246 964 2286 oran-

162 2309 204 2356 tes
221 2302 398 2356 misereantur
417 2303 520 2356 animae
540 2319 613 2370 suae,
647 2303 784 2371 placentes
802 2301 861 2356 Deo
881 2309 909 2356 et
928 2302 963 2356 ab

164 2373 235 2428 omni
272 2373 438 2428 continentes
460 2382 572 2440 peccato
596 2375 743 2442 pretiosam
771 2373 822 2427 sibi
849 2380 964 2428 mortem

162 2450 334 2512 praeparent,
358 2443 457 2498 infide
477 2452 505 2500 et
521 2445 619 2500 unione
637 2445 731 2500 mortis
750 2444 859 2498 Domini
877 2445 965 2500 nostri

163 2513 356 2581 iesutibristi.
393 2516 488 2569 Amen.

263 2643 338 2688 Oratio
351 2648 400 2696 pont
413 2645 615 2689 administrationem
628 2649 738 2690 extremae
752 2645 867 2690 tinctionis.

202 2726 298 2781 Unctio
323 2733 378 2795 tua,
401 2727 523 2795 Domine,
548 2727 637 2782 unctio
664 2726 779 2795 Spiritus
804 2727 889 2781 sancti
913 2741 966 2795 per

163 2795 285 2852 diffusam
303 2798 441 2852 caritatem
458 2806 532 2852 tuam
545 2797 573 2852 in
590 2798 670 2854 corde
688 2799 765 2854 istius
778 2796 888 2866 infirmi,
906 2813 963 2852 ma-
