<?xml version="1.0" encoding="UTF-8"?>
<!DOCTYPE html PUBLIC "-//W3C//DTD XHTML 1.0 Transitional//EN"
    "http://www.w3.org/TR/xhtml1/DTD/xhtml1-transitional.dtd">
<html xmlns="http://www.w3.org/1999/xhtml" xml:lang="en" lang="en">
 <head>
  <title>
</title>
<meta http-equiv="Content-Type" content="text/html;charset=utf-8" />
  <meta name='ocr-system' content='tesseract 3.04.00' />
  <meta name='ocr-capabilities' content='ocr_page ocr_carea ocr_par ocr_line ocrx_word'/>
</head>
<body>
  <div class='ocr_page' id='page_1' title='image "./manualesacerdot00schngoog_0568.png"; bbox 0 0 2152 3234; ppageno 0'>
   <div class='ocr_carea' id='block_1_1' title="bbox 184 181 802 226">
    <p class='ocr_par' dir='ltr' id='par_1_1' title="bbox 184 181 802 226">
     <span class='ocr_line' id='line_1_1' title="bbox 184 181 802 226; baseline 0.003 -2"><span class='ocrx_word' id='word_1_1' title='bbox 184 181 225 224; x_wconf 78' lang='lat' dir='ltr'><strong>tue</strong></span> <span class='ocrx_word' id='word_1_2' title='bbox 359 183 391 223; x_wconf 84' lang='lat' dir='ltr'><strong>De</strong></span> <span class='ocrx_word' id='word_1_3' title='bbox 405 184 595 224; x_wconf 65' lang='lat' dir='ltr'><strong>seminatorum</strong></span> <span class='ocrx_word' id='word_1_4' title='bbox 605 183 802 226; x_wconf 64' lang='lat' dir='ltr'><strong>somniaturum.</strong></span> 
     </span>
    </p>
   </div>
   <div class='ocr_carea' id='block_1_2' title="bbox 130 286 1055 2348">
    <p class='ocr_par' dir='ltr' id='par_1_2' title="bbox 130 286 987 434">
     <span class='ocr_line' id='line_1_2' title="bbox 183 286 987 356; baseline 0.002 -14"><span class='ocrx_word' id='word_1_5' title='bbox 183 302 217 342; x_wconf 87' lang='lat' dir='ltr'><strong>ea</strong></span> <span class='ocrx_word' id='word_1_6' title='bbox 235 286 384 354; x_wconf 82' lang='lat' dir='ltr'><strong>abstinere3</strong></span> <span class='ocrx_word' id='word_1_7' title='bbox 403 293 431 341; x_wconf 91' lang='lat' dir='ltr'><strong>et</strong></span> <span class='ocrx_word' id='word_1_8' title='bbox 449 286 472 341; x_wconf 89' lang='lat' dir='ltr'><strong>si</strong></span> <span class='ocrx_word' id='word_1_9' title='bbox 488 293 592 356; x_wconf 85' lang='lat' dir='ltr'><strong>renuat,</strong></span> <span class='ocrx_word' id='word_1_10' title='bbox 611 303 665 341; x_wconf 95' lang='lat' dir='ltr'><strong>non</strong></span> <span class='ocrx_word' id='word_1_11' title='bbox 681 292 774 355; x_wconf 87' lang='lat' dir='ltr'><strong>potest</strong></span> <span class='ocrx_word' id='word_1_12' title='bbox 786 286 903 356; x_wconf 86' lang='lat' dir='ltr'><strong>absolvi,</strong></span> <span class='ocrx_word' id='word_1_13' title='bbox 923 289 987 356; x_wconf 85' lang='lat' dir='ltr'><strong>quia</strong></span> 
     </span>
     <span class='ocr_line' id='line_1_3' title="bbox 130 357 987 434; baseline 0 -20"><span class='ocrx_word' id='word_1_14' title='bbox 130 426 133 434; x_wconf 21' lang='grc' dir='ltr'>ι</span> <span class='ocrx_word' id='word_1_15' title='bbox 174 358 338 426; x_wconf 75' lang='lat' dir='ltr'><strong>simpliciter</strong></span> <span class='ocrx_word' id='word_1_16' title='bbox 357 365 399 412; x_wconf 90' lang='lat' dir='ltr'><strong>est</strong></span> <span class='ocrx_word' id='word_1_17' title='bbox 415 357 603 426; x_wconf 83' lang='lat' dir='ltr'><strong>indispositus3</strong></span> <span class='ocrx_word' id='word_1_18' title='bbox 622 363 671 412; x_wconf 80' lang='lat' dir='ltr'><strong>out</strong></span> <span class='ocrx_word' id='word_1_19' title='bbox 689 374 745 412; x_wconf 80' lang='lat' dir='ltr'><strong>ooo</strong></span> <span class='ocrx_word' id='word_1_20' title='bbox 763 358 857 412; x_wconf 72' lang='lat' dir='ltr'><strong>adeam</strong></span> <span class='ocrx_word' id='word_1_21' title='bbox 874 359 987 414; x_wconf 61' lang='lat' dir='ltr'><strong>vidam</strong></span> 
     </span>
    </p>

    <p class='ocr_par' dir='ltr' id='par_1_3' title="bbox 144 429 1055 2348">
     <span class='ocr_line' id='line_1_4' title="bbox 182 429 985 497; baseline 0.002 -13"><span class='ocrx_word' id='word_1_22' title='bbox 182 431 237 484; x_wconf 83' lang='lat' dir='ltr'><strong>tole</strong></span> <span class='ocrx_word' id='word_1_23' title='bbox 250 429 404 497; x_wconf 79' lang='lat' dir='ltr'><strong>perieulum</strong></span> <span class='ocrx_word' id='word_1_24' title='bbox 420 436 484 484; x_wconf 85' lang='lat' dir='ltr'><strong>tune</strong></span> <span class='ocrx_word' id='word_1_25' title='bbox 502 429 525 484; x_wconf 92' lang='lat' dir='ltr'><strong>si</strong></span> <span class='ocrx_word' id='word_1_26' title='bbox 544 429 676 483; x_wconf 76' lang='lat' dir='ltr'><strong>ootlsotr&#39;oo</strong></span> <span class='ocrx_word' id='word_1_27' title='bbox 688 445 760 497; x_wconf 79' lang='lat' dir='ltr'><strong>pore</strong></span> <span class='ocrx_word' id='word_1_28' title='bbox 775 429 856 483; x_wconf 83' lang='lat' dir='ltr'><strong>babet</strong></span> <span class='ocrx_word' id='word_1_29' title='bbox 872 430 985 496; x_wconf 76' lang='lat' dir='ltr'><strong>fimum</strong></span> 
     </span>
     <span class='ocr_line' id='line_1_5' title="bbox 175 499 985 570; baseline 0.004 -16"><span class='ocrx_word' id='word_1_30' title='bbox 175 501 348 570; x_wconf 75' lang='lat' dir='ltr'><strong>proposition</strong></span> <span class='ocrx_word' id='word_1_31' title='bbox 365 516 422 554; x_wconf 81' lang='lat' dir='ltr'><strong>ooo</strong></span> <span class='ocrx_word' id='word_1_32' title='bbox 439 501 616 554; x_wconf 72' lang='lat' dir='ltr'><strong>contrahendi</strong></span> <span class='ocrx_word' id='word_1_33' title='bbox 625 499 824 554; x_wconf 76' lang='lat' dir='ltr'><strong>Matrimonium</strong></span> <span class='ocrx_word' id='word_1_34' title='bbox 843 517 906 555; x_wconf 87' lang='lat' dir='ltr'><strong>oum</strong></span> <span class='ocrx_word' id='word_1_35' title='bbox 925 516 985 557; x_wconf 85' lang='lat' dir='ltr'><strong>aaa·</strong></span> 
     </span>
     <span class='ocr_line' id='line_1_6' title="bbox 181 571 985 641; baseline 0.001 -15"><span class='ocrx_word' id='word_1_36' title='bbox 181 572 294 641; x_wconf 88' lang='lat' dir='ltr'><strong>tholioo,</strong></span> <span class='ocrx_word' id='word_1_37' title='bbox 322 572 378 624; x_wconf 78' lang='lat' dir='ltr'><strong>ossi</strong></span> <span class='ocrx_word' id='word_1_38' title='bbox 390 572 532 639; x_wconf 73' lang='lat' dir='ltr'><strong>praestitos</strong></span> <span class='ocrx_word' id='word_1_39' title='bbox 549 572 720 626; x_wconf 69' lang='lat' dir='ltr'><strong><em>cautionibus</em></strong></span> <span class='ocrx_word' id='word_1_40' title='bbox 737 576 763 625; x_wconf 84' lang='lat' dir='ltr'><strong>et</strong></span> <span class='ocrx_word' id='word_1_41' title='bbox 780 571 985 639; x_wconf 78' lang='lat' dir='ltr'><strong>dsbperssats&#39;ooe</strong></span> 
     </span>
     <span class='ocr_line' id='line_1_7' title="bbox 180 641 984 710; baseline 0.002 -13"><span class='ocrx_word' id='word_1_42' title='bbox 180 641 460 709; x_wconf 67' lang='lat' dir='ltr'><strong>obtenta-edocenda</strong></span> <span class='ocrx_word' id='word_1_43' title='bbox 477 643 584 709; x_wconf 89' lang='lat' dir='ltr'><strong>quidem</strong></span> <span class='ocrx_word' id='word_1_44' title='bbox 602 648 644 697; x_wconf 90' lang='lat' dir='ltr'><strong>est</strong></span> <span class='ocrx_word' id='word_1_45' title='bbox 662 649 689 696; x_wconf 90' lang='lat' dir='ltr'><strong>et</strong></span> <span class='ocrx_word' id='word_1_46' title='bbox 705 642 847 710; x_wconf 88' lang='lat' dir='ltr'><strong>monenda,</strong></span> <span class='ocrx_word' id='word_1_47' title='bbox 864 650 899 698; x_wconf 88' lang='lat' dir='ltr'><strong>ut</strong></span> <span class='ocrx_word' id='word_1_48' title='bbox 917 645 984 698; x_wconf 88' lang='lat' dir='ltr'><strong>nihi·</strong></span> 
     </span>
     <span class='ocr_line' id='line_1_8' title="bbox 144 714 1055 789; baseline 0 -20"><span class='ocrx_word' id='word_1_49' title='bbox 144 772 154 789; x_wconf 54' lang='grc'>,</span> <span class='ocrx_word' id='word_1_50' title='bbox 182 715 297 770; x_wconf 89' lang='lat' dir='ltr'><strong>lominus</strong></span> <span class='ocrx_word' id='word_1_51' title='bbox 313 714 386 768; x_wconf 89' lang='lat' dir='ltr'><strong>illam</strong></span> <span class='ocrx_word' id='word_1_52' title='bbox 404 714 634 768; x_wconf 77' lang='lat' dir='ltr'><strong>conversationem</strong></span> <span class='ocrx_word' id='word_1_53' title='bbox 651 714 801 782; x_wconf 86' lang='lat' dir='ltr'><strong>abrumpat,</strong></span> <span class='ocrx_word' id='word_1_54' title='bbox 820 721 945 769; x_wconf 86' lang='lat' dir='ltr'><strong>attamen</strong></span> <span class='ocrx_word' id='word_1_55' title='bbox 962 716 983 771; x_wconf 95' lang='lat' dir='ltr'><strong>si</strong></span> <span class='ocrx_word' id='word_1_56' title='bbox 1054 767 1055 778; x_wconf 65' lang='grc'>,</span> 
     </span>
     <span class='ocr_line' id='line_1_9' title="bbox 180 783 982 854; baseline 0.001 -14"><span class='ocrx_word' id='word_1_57' title='bbox 180 785 258 853; x_wconf 85' lang='lat' dir='ltr'><strong>nolit,</strong></span> <span class='ocrx_word' id='word_1_58' title='bbox 284 801 340 838; x_wconf 81' lang='lat' dir='ltr'><strong>aaa</strong></span> <span class='ocrx_word' id='word_1_59' title='bbox 358 790 397 838; x_wconf 87' lang='lat' dir='ltr'><strong>est</strong></span> <span class='ocrx_word' id='word_1_60' title='bbox 414 785 573 854; x_wconf 80' lang='lat' dir='ltr'><strong>deaepoodo</strong></span> <span class='ocrx_word' id='word_1_61' title='bbox 591 783 732 851; x_wconf 73' lang='lat' dir='ltr'><strong>absolutio,</strong></span> <span class='ocrx_word' id='word_1_62' title='bbox 760 785 823 853; x_wconf 89' lang='lat' dir='ltr'><strong>quia</strong></span> <span class='ocrx_word' id='word_1_63' title='bbox 840 784 878 853; x_wconf 91' lang='lat' dir='ltr'><strong>id,</strong></span> <span class='ocrx_word' id='word_1_64' title='bbox 910 785 982 854; x_wconf 86' lang='lat' dir='ltr'><strong>quod</strong></span> 
     </span>
     <span class='ocr_line' id='line_1_10' title="bbox 179 855 1055 925; baseline 0.005 -15"><span class='ocrx_word' id='word_1_65' title='bbox 179 855 272 911; x_wconf 81' lang='lat' dir='ltr'><strong>faeere</strong></span> <span class='ocrx_word' id='word_1_66' title='bbox 288 855 410 925; x_wconf 77' lang='lat' dir='ltr'><strong>intendit,</strong></span> <span class='ocrx_word' id='word_1_67' title='bbox 438 871 492 910; x_wconf 91' lang='lat' dir='ltr'><strong>non</strong></span> <span class='ocrx_word' id='word_1_68' title='bbox 510 863 552 910; x_wconf 90' lang='lat' dir='ltr'><strong>est</strong></span> <span class='ocrx_word' id='word_1_69' title='bbox 569 856 691 910; x_wconf 89' lang='lat' dir='ltr'><strong>absolute</strong></span> <span class='ocrx_word' id='word_1_70' title='bbox 708 855 844 924; x_wconf 83' lang='lat' dir='ltr'><strong>illicitum3</strong></span> <span class='ocrx_word' id='word_1_71' title='bbox 872 857 898 911; x_wconf 93' lang='lat' dir='ltr'><strong>si</strong></span> <span class='ocrx_word' id='word_1_72' title='bbox 918 872 980 912; x_wconf 81' lang='lat' dir='ltr'><strong>vero</strong></span> <span class='ocrx_word' id='word_1_73' title='bbox 1054 911 1055 914; x_wconf 74' lang='grc'>,</span> 
     </span>
     <span class='ocr_line' id='line_1_11' title="bbox 180 923 1055 996; baseline 0.003 -15"><span class='ocrx_word' id='word_1_74' title='bbox 180 943 246 996; x_wconf 86' lang='lat' dir='ltr'><strong>pars</strong></span> <span class='ocrx_word' id='word_1_75' title='bbox 264 927 395 982; x_wconf 86' lang='lat' dir='ltr'><strong>catholiea</strong></span> <span class='ocrx_word' id='word_1_76' title='bbox 412 928 579 995; x_wconf 88' lang='lat' dir='ltr'><strong>propositum</strong></span> <span class='ocrx_word' id='word_1_77' title='bbox 597 927 696 981; x_wconf 85' lang='lat' dir='ltr'><strong>habeat</strong></span> <span class='ocrx_word' id='word_1_78' title='bbox 712 925 823 980; x_wconf 70' lang='lat' dir='ltr'><strong>meandi</strong></span> <span class='ocrx_word' id='word_1_79' title='bbox 840 927 981 984; x_wconf 86' lang='lat' dir='ltr'><strong>Matrimo·</strong></span> <span class='ocrx_word' id='word_1_80' title='bbox 1054 923 1055 930; x_wconf 60' lang='lat'><em>&#39;</em></span> 
     </span>
     <span class='ocr_line' id='line_1_12' title="bbox 178 997 981 1066; baseline 0.002 -13"><span class='ocrx_word' id='word_1_81' title='bbox 178 998 254 1054; x_wconf 88' lang='lat' dir='ltr'><strong>nium</strong></span> <span class='ocrx_word' id='word_1_82' title='bbox 272 1013 438 1065; x_wconf 81' lang='lat' dir='ltr'><strong>quoeunque</strong></span> <span class='ocrx_word' id='word_1_83' title='bbox 457 1014 528 1066; x_wconf 85' lang='lat' dir='ltr'><strong>casu,</strong></span> <span class='ocrx_word' id='word_1_84' title='bbox 546 999 609 1052; x_wconf 88' lang='lat' dir='ltr'><strong>lieet</strong></span> <span class='ocrx_word' id='word_1_85' title='bbox 620 1014 676 1052; x_wconf 90' lang='lat' dir='ltr'><strong>non</strong></span> <span class='ocrx_word' id='word_1_86' title='bbox 689 997 867 1054; x_wconf 81' lang='lat' dir='ltr'><strong>exhibeantur</strong></span> <span class='ocrx_word' id='word_1_87' title='bbox 881 1001 981 1055; x_wconf 89' lang='lat' dir='ltr'><strong>cantio·</strong></span> 
     </span>
     <span class='ocr_line' id='line_1_13' title="bbox 180 1068 1055 1139; baseline 0.003 -16"><span class='ocrx_word' id='word_1_88' title='bbox 180 1083 238 1138; x_wconf 88' lang='lat' dir='ltr'><strong>nes,</strong></span> <span class='ocrx_word' id='word_1_89' title='bbox 251 1084 302 1122; x_wconf 89' lang='lat' dir='ltr'><strong>nee</strong></span> <span class='ocrx_word' id='word_1_90' title='bbox 311 1068 474 1136; x_wconf 78' lang='lat' dir='ltr'><strong>dispensatio</strong></span> <span class='ocrx_word' id='word_1_91' title='bbox 484 1069 653 1139; x_wconf 82' lang='lat' dir='ltr'><strong>concedatur,</strong></span> <span class='ocrx_word' id='word_1_92' title='bbox 667 1083 732 1124; x_wconf 90' lang='lat' dir='ltr'><strong>sane</strong></span> <span class='ocrx_word' id='word_1_93' title='bbox 741 1085 791 1137; x_wconf 89' lang='lat' dir='ltr'><strong>pro</strong></span> <span class='ocrx_word' id='word_1_94' title='bbox 804 1068 865 1123; x_wconf 84' lang='lat' dir='ltr'><strong>foro</strong></span> <span class='ocrx_word' id='word_1_95' title='bbox 875 1070 980 1126; x_wconf 90' lang='lat' dir='ltr'><strong>interno</strong></span> <span class='ocrx_word' id='word_1_96' title='bbox 1054 1075 1055 1080; x_wconf 77' lang='grc'>’</span> 
     </span>
     <span class='ocr_line' id='line_1_14' title="bbox 180 1140 979 1210; baseline 0.001 -16"><span class='ocrx_word' id='word_1_97' title='bbox 180 1155 236 1194; x_wconf 90' lang='lat' dir='ltr'><strong>non</strong></span> <span class='ocrx_word' id='word_1_98' title='bbox 262 1146 303 1193; x_wconf 89' lang='lat' dir='ltr'><strong>est</strong></span> <span class='ocrx_word' id='word_1_99' title='bbox 325 1155 411 1207; x_wconf 85' lang='lat' dir='ltr'><strong>oapax</strong></span> <span class='ocrx_word' id='word_1_100' title='bbox 434 1140 623 1208; x_wconf 87' lang='lat' dir='ltr'><strong>absolutionis,</strong></span> <span class='ocrx_word' id='word_1_101' title='bbox 653 1140 705 1194; x_wconf 88' lang='lat' dir='ltr'><strong>nisi</strong></span> <span class='ocrx_word' id='word_1_102' title='bbox 734 1141 805 1194; x_wconf 87' lang='lat' dir='ltr'><strong>serio</strong></span> <span class='ocrx_word' id='word_1_103' title='bbox 831 1143 979 1210; x_wconf 86' lang='lat' dir='ltr'><strong>promittat,</strong></span> 
     </span>
     <span class='ocr_line' id='line_1_15' title="bbox 181 1210 1055 1281; baseline 0 -14"><span class='ocrx_word' id='word_1_104' title='bbox 181 1210 273 1267; x_wconf 88' lang='lat' dir='ltr'><strong>statim</strong></span> <span class='ocrx_word' id='word_1_105' title='bbox 296 1225 325 1264; x_wconf 94' lang='lat' dir='ltr'><strong>se</strong></span> <span class='ocrx_word' id='word_1_106' title='bbox 349 1211 507 1281; x_wconf 89' lang='lat' dir='ltr'><strong>abrumpere</strong></span> <span class='ocrx_word' id='word_1_107' title='bbox 532 1211 602 1264; x_wconf 88' lang='lat' dir='ltr'><strong>velle</strong></span> <span class='ocrx_word' id='word_1_108' title='bbox 631 1210 761 1265; x_wconf 81' lang='lat' dir='ltr'><strong>eiusmodi</strong></span> <span class='ocrx_word' id='word_1_109' title='bbox 778 1213 979 1280; x_wconf 82' lang='lat' dir='ltr'><strong>connexionem,</strong></span> <span class='ocrx_word' id='word_1_110' title='bbox 1054 1215 1055 1280; x_wconf 71' lang='grc' dir='ltr'>Ῐ</span> 
     </span>
     <span class='ocr_line' id='line_1_16' title="bbox 182 1280 1055 1352; baseline 0.005 -18"><span class='ocrx_word' id='word_1_111' title='bbox 182 1281 227 1336; x_wconf 87' lang='lat' dir='ltr'><strong>rel</strong></span> <span class='ocrx_word' id='word_1_112' title='bbox 244 1281 339 1337; x_wconf 88' lang='lat' dir='ltr'><strong>saltem</strong></span> <span class='ocrx_word' id='word_1_113' title='bbox 357 1289 442 1336; x_wconf 90' lang='lat' dir='ltr'><strong>mutet</strong></span> <span class='ocrx_word' id='word_1_114' title='bbox 459 1280 525 1336; x_wconf 92' lang='lat' dir='ltr'><strong>illud</strong></span> <span class='ocrx_word' id='word_1_115' title='bbox 542 1283 717 1350; x_wconf 87' lang='lat' dir='ltr'><strong>propositum,</strong></span> <span class='ocrx_word' id='word_1_116' title='bbox 734 1283 774 1336; x_wconf 83' lang='lat' dir='ltr'><strong>its</strong></span> <span class='ocrx_word' id='word_1_117' title='bbox 790 1288 822 1336; x_wconf 88' lang='lat' dir='ltr'><strong>ut</strong></span> <span class='ocrx_word' id='word_1_118' title='bbox 839 1283 978 1352; x_wconf 83' lang='lat' dir='ltr'><strong>spondeat,</strong></span> <span class='ocrx_word' id='word_1_119' title='bbox 1054 1289 1055 1328; x_wconf 71' lang='lat' dir='ltr'><strong>t</strong></span> 
     </span>
     <span class='ocr_line' id='line_1_17' title="bbox 182 1352 1055 1426; baseline 0.001 -18"><span class='ocrx_word' id='word_1_120' title='bbox 182 1367 213 1408; x_wconf 88' lang='lat' dir='ltr'><strong>se</strong></span> <span class='ocrx_word' id='word_1_121' title='bbox 238 1352 372 1408; x_wconf 86' lang='lat' dir='ltr'><strong>abstinere</strong></span> <span class='ocrx_word' id='word_1_122' title='bbox 396 1354 479 1422; x_wconf 83' lang='lat' dir='ltr'><strong>velle,</strong></span> <span class='ocrx_word' id='word_1_123' title='bbox 507 1353 559 1408; x_wconf 91' lang='lat' dir='ltr'><strong>nisi</strong></span> <span class='ocrx_word' id='word_1_124' title='bbox 583 1369 646 1421; x_wconf 82' lang='lat' dir='ltr'><strong>pars</strong></span> <span class='ocrx_word' id='word_1_125' title='bbox 669 1353 818 1426; x_wconf 74' lang='lat' dir='ltr'><strong>asatholioa</strong></span> <span class='ocrx_word' id='word_1_126' title='bbox 842 1356 978 1410; x_wconf 63' lang='lat' dir='ltr'><strong>mutones</strong></span> <span class='ocrx_word' id='word_1_127' title='bbox 1054 1391 1055 1398; x_wconf 33' lang='grc' dir='ltr'><strong>ι</strong></span> 
     </span>
     <span class='ocr_line' id='line_1_18' title="bbox 181 1423 979 1494; baseline 0.005 -17"><span class='ocrx_word' id='word_1_128' title='bbox 181 1431 302 1492; x_wconf 86' lang='lat' dir='ltr'><strong>praestet</strong></span> <span class='ocrx_word' id='word_1_129' title='bbox 328 1440 360 1478; x_wconf 86' lang='lat' dir='ltr'><strong>ae</strong></span> <span class='ocrx_word' id='word_1_130' title='bbox 387 1423 550 1493; x_wconf 84' lang='lat' dir='ltr'><strong>dispensatio</strong></span> <span class='ocrx_word' id='word_1_131' title='bbox 577 1425 744 1492; x_wconf 84' lang='lat' dir='ltr'><strong>impetretur.</strong></span> <span class='ocrx_word' id='word_1_132' title='bbox 770 1453 804 1462; x_wconf 93' lang='lat'>-</span> <span class='ocrx_word' id='word_1_133' title='bbox 832 1423 861 1479; x_wconf 84' lang='lat' dir='ltr'><strong>Si</strong></span> <span class='ocrx_word' id='word_1_134' title='bbox 890 1426 979 1494; x_wconf 89' lang='lat' dir='ltr'><strong>sponsi</strong></span> 
     </span>
     <span class='ocr_line' id='line_1_19' title="bbox 181 1494 979 1564; baseline 0.003 -16"><span class='ocrx_word' id='word_1_135' title='bbox 181 1495 281 1550; x_wconf 69' lang='lat' dir='ltr'><strong>mktae</strong></span> <span class='ocrx_word' id='word_1_136' title='bbox 298 1495 435 1564; x_wconf 84' lang='lat' dir='ltr'><strong>religionis</strong></span> <span class='ocrx_word' id='word_1_137' title='bbox 457 1496 511 1549; x_wconf 87' lang='lat' dir='ltr'><strong>iam</strong></span> <span class='ocrx_word' id='word_1_138' title='bbox 533 1494 656 1550; x_wconf 83' lang='lat' dir='ltr'><strong>iecerunt</strong></span> <span class='ocrx_word' id='word_1_139' title='bbox 674 1495 824 1563; x_wconf 86' lang='lat' dir='ltr'><strong>sponsalia,</strong></span> <span class='ocrx_word' id='word_1_140' title='bbox 855 1495 909 1552; x_wconf 90' lang='lat' dir='ltr'><strong>hoe</strong></span> <span class='ocrx_word' id='word_1_141' title='bbox 928 1512 979 1552; x_wconf 87' lang='lat' dir='ltr'><strong>ser·</strong></span> 
     </span>
     <span class='ocr_line' id='line_1_20' title="bbox 182 1565 979 1635; baseline 0.005 -17"><span class='ocrx_word' id='word_1_142' title='bbox 182 1565 298 1621; x_wconf 84' lang='lat' dir='ltr'><strong>vandum</strong></span> <span class='ocrx_word' id='word_1_143' title='bbox 317 1573 359 1622; x_wconf 91' lang='lat' dir='ltr'><strong>est</strong></span> <span class='ocrx_word' id='word_1_144' title='bbox 376 1567 493 1621; x_wconf 69' lang='lat' dir='ltr'><strong>amoma:</strong></span> <span class='ocrx_word' id='word_1_145' title='bbox 520 1566 652 1634; x_wconf 80' lang='lat' dir='ltr'><strong>&#39;Quamvis</strong></span> <span class='ocrx_word' id='word_1_146' title='bbox 675 1582 739 1635; x_wconf 86' lang='lat' dir='ltr'><strong>pars</strong></span> <span class='ocrx_word' id='word_1_147' title='bbox 765 1566 899 1622; x_wconf 85' lang='lat' dir='ltr'><strong>catholiea</strong></span> <span class='ocrx_word' id='word_1_148' title='bbox 916 1567 979 1622; x_wconf 84' lang='lat' dir='ltr'><strong>nihil</strong></span> 
     </span>
     <span class='ocr_line' id='line_1_21' title="bbox 182 1637 979 1707; baseline 0 -15"><span class='ocrx_word' id='word_1_149' title='bbox 182 1637 281 1693; x_wconf 83' lang='lat' dir='ltr'><strong>dixerit</strong></span> <span class='ocrx_word' id='word_1_150' title='bbox 299 1637 332 1692; x_wconf 90' lang='lat' dir='ltr'><strong>de</strong></span> <span class='ocrx_word' id='word_1_151' title='bbox 347 1637 529 1705; x_wconf 77' lang='lat' dir='ltr'><strong>cautionibu13</strong></span> <span class='ocrx_word' id='word_1_152' title='bbox 549 1637 669 1704; x_wconf 82' lang='lat' dir='ltr'><strong>quamvis</strong></span> <span class='ocrx_word' id='word_1_153' title='bbox 683 1637 764 1692; x_wconf 89' lang='lat' dir='ltr'><strong>etiam</strong></span> <span class='ocrx_word' id='word_1_154' title='bbox 774 1644 877 1693; x_wconf 86' lang='lat' dir='ltr'><strong>temere</strong></span> <span class='ocrx_word' id='word_1_155' title='bbox 892 1654 923 1694; x_wconf 90' lang='lat' dir='ltr'><strong>se</strong></span> <span class='ocrx_word' id='word_1_156' title='bbox 936 1653 979 1707; x_wconf 81' lang='lat' dir='ltr'><strong>pe</strong></span> 
     </span>
     <span class='ocr_line' id='line_1_22' title="bbox 183 1709 978 1777; baseline 0 -13"><span class='ocrx_word' id='word_1_157' title='bbox 183 1710 268 1764; x_wconf 91' lang='lat' dir='ltr'><strong>rioulo</strong></span> <span class='ocrx_word' id='word_1_158' title='bbox 286 1710 447 1777; x_wconf 83' lang='lat' dir='ltr'><strong>committat,</strong></span> <span class='ocrx_word' id='word_1_159' title='bbox 473 1709 527 1763; x_wconf 88' lang='lat' dir='ltr'><strong>imo</strong></span> <span class='ocrx_word' id='word_1_160' title='bbox 545 1709 637 1764; x_wconf 88' lang='lat' dir='ltr'><strong>forsan</strong></span> <span class='ocrx_word' id='word_1_161' title='bbox 654 1716 762 1776; x_wconf 87' lang='lat' dir='ltr'><strong>paetum</strong></span> <span class='ocrx_word' id='word_1_162' title='bbox 780 1709 816 1763; x_wconf 90' lang='lat' dir='ltr'><strong>sit</strong></span> <span class='ocrx_word' id='word_1_163' title='bbox 833 1709 868 1764; x_wconf 91' lang='lat' dir='ltr'><strong>de</strong></span> <span class='ocrx_word' id='word_1_164' title='bbox 887 1710 978 1764; x_wconf 88' lang='lat' dir='ltr'><strong>haere·</strong></span> 
     </span>
     <span class='ocr_line' id='line_1_23' title="bbox 183 1779 979 1850; baseline -0.003 -14"><span class='ocrx_word' id='word_1_165' title='bbox 183 1781 237 1836; x_wconf 83' lang='lat' dir='ltr'><strong>ties</strong></span> <span class='ocrx_word' id='word_1_166' title='bbox 254 1781 369 1849; x_wconf 87' lang='lat' dir='ltr'><strong>prolium</strong></span> <span class='ocrx_word' id='word_1_167' title='bbox 387 1779 559 1848; x_wconf 82' lang='lat' dir='ltr'><strong>educatione,</strong></span> <span class='ocrx_word' id='word_1_168' title='bbox 586 1780 761 1850; x_wconf 70' lang='lat' dir='ltr'><strong>aslsiluooious</strong></span> <span class='ocrx_word' id='word_1_169' title='bbox 778 1795 833 1848; x_wconf 77' lang='lat' dir='ltr'><strong>pro</strong></span> <span class='ocrx_word' id='word_1_170' title='bbox 856 1781 921 1848; x_wconf 84' lang='lat' dir='ltr'><strong>foro</strong></span> <span class='ocrx_word' id='word_1_171' title='bbox 938 1796 979 1834; x_wconf 81' lang='lat' dir='ltr'><strong>ea·</strong></span> 
     </span>
     <span class='ocr_line' id='line_1_24' title="bbox 184 1851 1055 1920; baseline 0 -14"><span class='ocrx_word' id='word_1_172' title='bbox 184 1857 259 1906; x_wconf 77' lang='lat' dir='ltr'><strong>terrm</strong></span> <span class='ocrx_word' id='word_1_173' title='bbox 279 1853 399 1906; x_wconf 76' lang='lat' dir='ltr'><strong>sensuris</strong></span> <span class='ocrx_word' id='word_1_174' title='bbox 416 1867 472 1905; x_wconf 78' lang='lat' dir='ltr'><strong>oon</strong></span> <span class='ocrx_word' id='word_1_175' title='bbox 489 1851 713 1918; x_wconf 69' lang='lat' dir='ltr'><strong>estobstriotol),·</strong></span> <span class='ocrx_word' id='word_1_176' title='bbox 731 1866 792 1920; x_wconf 75' lang='lat' dir='ltr'><strong>erpo</strong></span> <span class='ocrx_word' id='word_1_177' title='bbox 809 1851 840 1904; x_wconf 80' lang='grc' dir='ltr'><strong>ιἰι</strong></span> <span class='ocrx_word' id='word_1_178' title='bbox 856 1852 921 1919; x_wconf 79' lang='lat' dir='ltr'><strong>fero</strong></span> <span class='ocrx_word' id='word_1_179' title='bbox 938 1865 980 1906; x_wconf 75' lang='lat' dir='ltr'><strong>ee·</strong></span> <span class='ocrx_word' id='word_1_180' title='bbox 1054 1879 1055 1918; x_wconf 55' lang='grc' dir='ltr'><strong>ι</strong></span> 
     </span>
     <span class='ocr_line' id='line_1_25' title="bbox 183 1921 978 1991; baseline 0.001 -15"><span class='ocrx_word' id='word_1_181' title='bbox 183 1927 259 1976; x_wconf 79' lang='lat' dir='ltr'><strong>tomo</strong></span> <span class='ocrx_word' id='word_1_182' title='bbox 277 1939 311 1975; x_wconf 75' lang='lat' dir='ltr'><strong>aa</strong></span> <span class='ocrx_word' id='word_1_183' title='bbox 327 1923 377 1976; x_wconf 80' lang='lat' dir='ltr'><strong>leue</strong></span> <span class='ocrx_word' id='word_1_184' title='bbox 394 1923 482 1991; x_wconf 78' lang='lat' dir='ltr'><strong>sopite</strong></span> <span class='ocrx_word' id='word_1_185' title='bbox 498 1937 555 1976; x_wconf 76' lang='lat' dir='ltr'><strong>aab</strong></span> <span class='ocrx_word' id='word_1_186' title='bbox 569 1927 608 1976; x_wconf 85' lang='lat' dir='ltr'><strong>est</strong></span> <span class='ocrx_word' id='word_1_187' title='bbox 624 1921 777 1989; x_wconf 77' lang='lat' dir='ltr'><strong>sepeliendo</strong></span> <span class='ocrx_word' id='word_1_188' title='bbox 790 1937 809 1974; x_wconf 87' lang='lat' dir='ltr'><strong>o</strong></span> <span class='ocrx_word' id='word_1_189' title='bbox 821 1921 978 1976; x_wconf 71' lang='lat' dir='ltr'><strong>Sacram</strong></span> 
     </span>
     <span class='ocr_line' id='line_1_26' title="bbox 183 1993 980 2062; baseline 0 -16"><span class='ocrx_word' id='word_1_190' title='bbox 183 1993 234 2058; x_wconf 83' lang='lat' dir='ltr'><strong>tis,</strong></span> <span class='ocrx_word' id='word_1_191' title='bbox 260 1993 308 2046; x_wconf 82' lang='lat' dir='ltr'><strong>sed</strong></span> <span class='ocrx_word' id='word_1_192' title='bbox 324 2009 368 2047; x_wconf 83' lang='lat' dir='ltr'><strong>res</strong></span> <span class='ocrx_word' id='word_1_193' title='bbox 384 1999 442 2047; x_wconf 87' lang='lat' dir='ltr'><strong>toto</strong></span> <span class='ocrx_word' id='word_1_194' title='bbox 459 1993 498 2046; x_wconf 83' lang='lat' dir='ltr'><strong>od</strong></span> <span class='ocrx_word' id='word_1_195' title='bbox 512 1994 604 2061; x_wconf 78' lang='lat' dir='ltr'><strong>foram</strong></span> <span class='ocrx_word' id='word_1_196' title='bbox 624 1994 760 2046; x_wconf 78' lang='lat' dir='ltr'><strong>internum</strong></span> <span class='ocrx_word' id='word_1_197' title='bbox 776 1993 909 2062; x_wconf 71' lang='lat' dir='ltr'><strong>refertar,</strong></span> <span class='ocrx_word' id='word_1_198' title='bbox 936 1993 980 2048; x_wconf 91' lang='lat' dir='ltr'><strong>ubi</strong></span> 
     </span>
     <span class='ocr_line' id='line_1_27' title="bbox 184 2062 980 2132; baseline 0.005 -18"><span class='ocrx_word' id='word_1_199' title='bbox 184 2062 271 2116; x_wconf 89' lang='lat' dir='ltr'><strong>eidem</strong></span> <span class='ocrx_word' id='word_1_200' title='bbox 296 2063 474 2120; x_wconf 84' lang='lat' dir='ltr'><strong>confessarius</strong></span> <span class='ocrx_word' id='word_1_201' title='bbox 502 2065 594 2131; x_wconf 84' lang='lat' dir='ltr'><strong>utique</strong></span> <span class='ocrx_word' id='word_1_202' title='bbox 618 2062 762 2132; x_wconf 82' lang='lat' dir='ltr'><strong>denegabit</strong></span> <span class='ocrx_word' id='word_1_203' title='bbox 786 2064 980 2121; x_wconf 90' lang='lat' dir='ltr'><strong>absolutionem</strong></span> 
     </span>
     <span class='ocr_line' id='line_1_28' title="bbox 184 2133 979 2204; baseline 0.005 -18"><span class='ocrx_word' id='word_1_204' title='bbox 184 2133 219 2186; x_wconf 93' lang='lat' dir='ltr'><strong>ob</strong></span> <span class='ocrx_word' id='word_1_205' title='bbox 238 2133 370 2188; x_wconf 84' lang='lat' dir='ltr'><strong>defectum</strong></span> <span class='ocrx_word' id='word_1_206' title='bbox 388 2135 578 2204; x_wconf 87' lang='lat' dir='ltr'><strong>dispositionis,</strong></span> <span class='ocrx_word' id='word_1_207' title='bbox 597 2134 645 2190; x_wconf 91' lang='lat' dir='ltr'><strong>sed</strong></span> <span class='ocrx_word' id='word_1_208' title='bbox 663 2134 698 2188; x_wconf 85' lang='lat' dir='ltr'><strong>ad</strong></span> <span class='ocrx_word' id='word_1_209' title='bbox 715 2133 919 2190; x_wconf 77' lang='lat' dir='ltr'><strong>Confessionem</strong></span> <span class='ocrx_word' id='word_1_210' title='bbox 936 2135 979 2190; x_wconf 83' lang='lat' dir='ltr'><strong>ad·</strong></span> 
     </span>
     <span class='ocr_line' id='line_1_29' title="bbox 184 2203 1055 2275; baseline 0.007 -19"><span class='ocrx_word' id='word_1_211' title='bbox 184 2203 253 2257; x_wconf 89' lang='lat' dir='ltr'><strong>mitti</strong></span> <span class='ocrx_word' id='word_1_212' title='bbox 270 2204 358 2274; x_wconf 88' lang='lat' dir='ltr'><strong>debet,</strong></span> <span class='ocrx_word' id='word_1_213' title='bbox 377 2213 413 2273; x_wconf 89' lang='lat' dir='ltr'><strong>et,</strong></span> <span class='ocrx_word' id='word_1_214' title='bbox 432 2206 456 2262; x_wconf 87' lang='lat' dir='ltr'><strong>si</strong></span> <span class='ocrx_word' id='word_1_215' title='bbox 474 2205 600 2275; x_wconf 81' lang='lat' dir='ltr'><strong>denegari</strong></span> <span class='ocrx_word' id='word_1_216' title='bbox 615 2206 725 2261; x_wconf 87' lang='lat' dir='ltr'><strong>deberet</strong></span> <span class='ocrx_word' id='word_1_217' title='bbox 739 2205 786 2260; x_wconf 86' lang='lat' dir='ltr'><strong>SS.</strong></span> <span class='ocrx_word' id='word_1_218' title='bbox 800 2205 981 2273; x_wconf 81' lang='lat' dir='ltr'><strong>Eucharistis,</strong></span> <span class='ocrx_word' id='word_1_219' title='bbox 1054 2227 1055 2244; x_wconf 74' lang='lat'>³</span> 
     </span>
     <span class='ocr_line' id='line_1_30' title="bbox 185 2274 981 2348; baseline 0.005 -20"><span class='ocrx_word' id='word_1_220' title='bbox 185 2274 248 2341; x_wconf 83' lang='lat' dir='ltr'><strong>quis</strong></span> <span class='ocrx_word' id='word_1_221' title='bbox 261 2283 333 2330; x_wconf 90' lang='lat' dir='ltr'><strong>esset</strong></span> <span class='ocrx_word' id='word_1_222' title='bbox 344 2276 465 2344; x_wconf 87' lang='lat' dir='ltr'><strong>publicus</strong></span> <span class='ocrx_word' id='word_1_223' title='bbox 480 2285 508 2332; x_wconf 91' lang='lat' dir='ltr'><strong>et</strong></span> <span class='ocrx_word' id='word_1_224' title='bbox 519 2277 641 2332; x_wconf 87' lang='lat' dir='ltr'><strong>notorius</strong></span> <span class='ocrx_word' id='word_1_225' title='bbox 654 2283 788 2347; x_wconf 80' lang='lat' dir='ltr'><strong>peccator,</strong></span> <span class='ocrx_word' id='word_1_226' title='bbox 801 2284 894 2333; x_wconf 89' lang='lat' dir='ltr'><strong>tamen</strong></span> <span class='ocrx_word' id='word_1_227' title='bbox 907 2278 981 2348; x_wconf 86' lang='lat' dir='ltr'><strong>prius</strong></span> 
     </span>
    </p>
   </div>
   <div class='ocr_carea' id='block_1_3' title="bbox 115 2343 981 2560">
    <p class='ocr_par' dir='ltr' id='par_1_4' title="bbox 115 2343 981 2560">
     <span class='ocr_line' id='line_1_31' title="bbox 184 2343 980 2418; baseline 0.008 -21"><span class='ocrx_word' id='word_1_228' title='bbox 184 2343 340 2401; x_wconf 85' lang='lat' dir='ltr'><strong>Ordinarius</strong></span> <span class='ocrx_word' id='word_1_229' title='bbox 355 2355 426 2402; x_wconf 87' lang='lat' dir='ltr'><strong>esset</strong></span> <span class='ocrx_word' id='word_1_230' title='bbox 440 2347 625 2403; x_wconf 86' lang='lat' dir='ltr'><strong>consulendus.</strong></span> <span class='ocrx_word' id='word_1_231' title='bbox 651 2347 679 2402; x_wconf 86' lang='lat' dir='ltr'><strong>Si</strong></span> <span class='ocrx_word' id='word_1_232' title='bbox 692 2348 721 2402; x_wconf 93' lang='lat' dir='ltr'><strong>in</strong></span> <span class='ocrx_word' id='word_1_233' title='bbox 734 2349 906 2418; x_wconf 88' lang='lat' dir='ltr'><strong>sponsalibus</strong></span> <span class='ocrx_word' id='word_1_234' title='bbox 921 2365 980 2404; x_wconf 89' lang='lat' dir='ltr'><strong>osu-</strong></span> 
     </span>
     <span class='ocr_line' id='line_1_32' title="bbox 115 2413 980 2490; baseline 0.007 -22"><span class='ocrx_word' id='word_1_235' title='bbox 115 2469 118 2482; x_wconf 60' lang='grc'>,</span> <span class='ocrx_word' id='word_1_236' title='bbox 179 2413 271 2482; x_wconf 85' lang='lat' dir='ltr'><strong>¹tiones</strong></span> <span class='ocrx_word' id='word_1_237' title='bbox 290 2417 423 2472; x_wconf 87' lang='lat' dir='ltr'><strong>exhibitae</strong></span> <span class='ocrx_word' id='word_1_238' title='bbox 443 2426 512 2488; x_wconf 88' lang='lat' dir='ltr'><strong>sunt,</strong></span> <span class='ocrx_word' id='word_1_239' title='bbox 536 2427 564 2474; x_wconf 90' lang='lat' dir='ltr'><strong>et</strong></span> <span class='ocrx_word' id='word_1_240' title='bbox 580 2420 675 2487; x_wconf 89' lang='lat' dir='ltr'><strong>petitio</strong></span> <span class='ocrx_word' id='word_1_241' title='bbox 694 2419 901 2489; x_wconf 89' lang='lat' dir='ltr'><strong>dispensationis</strong></span> <span class='ocrx_word' id='word_1_242' title='bbox 920 2437 980 2490; x_wconf 88' lang='lat' dir='ltr'><strong>pro·</strong></span> 
     </span>
     <span class='ocr_line' id='line_1_33' title="bbox 183 2485 981 2560; baseline 0.008 -20"><span class='ocrx_word' id='word_1_243' title='bbox 183 2485 266 2540; x_wconf 82' lang='lat' dir='ltr'><strong>missa</strong></span> <span class='ocrx_word' id='word_1_244' title='bbox 280 2493 329 2557; x_wconf 90' lang='lat' dir='ltr'><strong>est,</strong></span> <span class='ocrx_word' id='word_1_245' title='bbox 347 2487 479 2544; x_wconf 86' lang='lat' dir='ltr'><strong>absolutio</strong></span> <span class='ocrx_word' id='word_1_246' title='bbox 494 2506 548 2544; x_wconf 91' lang='lat' dir='ltr'><strong>non</strong></span> <span class='ocrx_word' id='word_1_247' title='bbox 559 2497 650 2559; x_wconf 87' lang='lat' dir='ltr'><strong>potest</strong></span> <span class='ocrx_word' id='word_1_248' title='bbox 661 2489 797 2560; x_wconf 86' lang='lat' dir='ltr'><strong>denegari,</strong></span> <span class='ocrx_word' id='word_1_249' title='bbox 811 2490 861 2546; x_wconf 90' lang='lat' dir='ltr'><strong>sed</strong></span> <span class='ocrx_word' id='word_1_250' title='bbox 873 2507 981 2548; x_wconf 91' lang='lat' dir='ltr'><strong>monon-</strong></span> 
     </span>
    </p>
   </div>
   <div class='ocr_carea' id='block_1_4' title="bbox 184 2601 344 2614">
    <p class='ocr_par' dir='ltr' id='par_1_5' title="bbox 184 2601 344 2614">
     <span class='ocr_line' id='line_1_34' title="bbox 184 2601 344 2614; baseline 0.025 -4"><span class='ocrx_word' id='word_1_251' title='bbox 184 2601 344 2614; x_wconf 81' lang='grc'>---.-.-</span> 
     </span>
    </p>
   </div>
   <div class='ocr_carea' id='block_1_5' title="bbox 203 2655 984 2912">
    <p class='ocr_par' dir='ltr' id='par_1_6' title="bbox 203 2655 984 2912">
     <span class='ocr_line' id='line_1_35' title="bbox 203 2655 984 2712; baseline 0.009 -13"><span class='ocrx_word' id='word_1_252' title='bbox 203 2655 226 2709; x_wconf 84' lang='lat'><strong>¹)</strong></span> <span class='ocrx_word' id='word_1_253' title='bbox 241 2660 476 2708; x_wconf 67' lang='lat' dir='ltr'><strong>„themardum-erit</strong></span> <span class='ocrx_word' id='word_1_254' title='bbox 496 2673 510 2702; x_wconf 81' lang='lat' dir='ltr'><strong>a</strong></span> <span class='ocrx_word' id='word_1_255' title='bbox 528 2662 638 2702; x_wconf 68' lang='lat' dir='ltr'><strong>utbolioa</strong></span> <span class='ocrx_word' id='word_1_256' title='bbox 652 2661 727 2702; x_wconf 72' lang='lat' dir='ltr'><strong>sedem</strong></span> <span class='ocrx_word' id='word_1_257' title='bbox 740 2673 835 2712; x_wconf 73' lang='lat' dir='ltr'><strong>persam</strong></span> <span class='ocrx_word' id='word_1_258' title='bbox 848 2665 950 2706; x_wconf 80' lang='lat' dir='ltr'><strong>censuris</strong></span> <span class='ocrx_word' id='word_1_259' title='bbox 961 2666 984 2706; x_wconf 88' lang='lat' dir='ltr'><strong>ln</strong></span> 
     </span>
     <span class='ocr_line' id='line_1_36' title="bbox 237 2724 983 2844; baseline 0.008 -15"><span class='ocrx_word' id='word_1_260' title='bbox 237 2724 983 2844; x_wconf 52' lang='lat' dir='ltr'><strong>titttttttttt‘tltttitttsstitit·litt</strong></span> 
     </span>
     <span class='ocr_line' id='line_1_37' title="bbox 241 2855 956 2912; baseline 0.01 -17"><span class='ocrx_word' id='word_1_261' title='bbox 241 2855 301 2895; x_wconf 80' lang='lat' dir='ltr'><strong>Vm.</strong></span> <span class='ocrx_word' id='word_1_262' title='bbox 315 2855 380 2894; x_wconf 82' lang='lat' dir='ltr'><strong>Brsoe</strong></span> <span class='ocrx_word' id='word_1_263' title='bbox 393 2855 422 2894; x_wconf 79' lang='lat' dir='ltr'><strong>od</strong></span> <span class='ocrx_word' id='word_1_264' title='bbox 436 2855 550 2907; x_wconf 72' lang='lat' dir='ltr'><strong>Episoopos</strong></span> <span class='ocrx_word' id='word_1_265' title='bbox 565 2857 676 2900; x_wconf 63' lang='lat' dir='ltr'><strong>mnaso·</strong></span> <span class='ocrx_word' id='word_1_266' title='bbox 690 2861 710 2904; x_wconf 83' lang='lat' dir='ltr'><strong>d.</strong></span> <span class='ocrx_word' id='word_1_267' title='bbox 720 2861 741 2900; x_wconf 91' lang='lat' dir='ltr'><strong>d.</strong></span> <span class='ocrx_word' id='word_1_268' title='bbox 756 2859 793 2901; x_wconf 78' lang='lat'><strong>25.</strong></span> <span class='ocrx_word' id='word_1_269' title='bbox 803 2859 869 2904; x_wconf 66' lang='lat' dir='ltr'><strong>nass.</strong></span> <span class='ocrx_word' id='word_1_270' title='bbox 884 2859 956 2912; x_wconf 75' lang='lat'><em>1830.)</em></span> 
     </span>
    </p>
   </div>
   <div class='ocr_carea' id='block_1_6' title="bbox 0 0 1080 3234">
    <p class='ocr_par' dir='ltr' id='par_1_7' title="bbox 0 0 1080 3234">
     <span class='ocr_line' id='line_1_38' title="bbox 0 0 1080 3234; baseline 0 0"><span class='ocrx_word' id='word_1_271' title='bbox 0 0 1080 3234; x_wconf 95' lang='lat' dir='ltr'><strong> </strong></span> 
     </span>
    </p>
   </div>
  </div>
 </body>
</html>
