2106 3228
248 210 349 252 mulsa
363 207 529 250 nonnullarum
543 209 719 250 meditationum.
857 203 886 248 28

108 305 135 360 cle
147 324 189 378 me,
204 317 233 365 ct
246 313 369 381 formem,
387 313 477 379 Deus,
490 311 652 364 voluntatem
663 316 747 368 iuuat.
763 309 819 378 (Pe.
830 311 884 380 39.)

108 376 275 449 Quctpraevis
283 385 488 452 Prophetarum
502 382 617 451 oracula,
636 381 800 450 Angelorum
811 389 883 452 vota,

105 447 296 508 Patriareherum
313 455 461 522 desideria,
481 468 548 520 quae
561 460 767 522 praecesserunt
778 453 883 520 praelu-

105 519 157 574 dis?
179 526 284 580 mittitur
300 527 442 594 Angelus,
474 524 614 578 obumbrat
632 523 748 592 Spiritus
776 531 883 580 sanctus

103 589 233 666 Virginem,
258 613 327 664 quae
347 596 465 650 eundem
482 612 578 650 novem
596 595 732 650 mensibus
750 601 838 664 gestat
855 595 883 650 in

103 669 175 733 utero,
192 697 223 707 —
241 679 268 723 et
285 676 325 737 tu,
344 667 410 735 quid
428 667 504 735 fecis,
522 666 667 721 sacerdos?

132 735 172 790 lIl.
188 737 212 792 S.
226 739 433 808 chrysostomus
443 738 502 792 vult
511 753 602 792 omnes
617 737 762 792 universim
773 735 883 790 Christi·

100 818 154 861 anos
177 825 192 862 a
218 827 295 866 saera
322 811 418 880 synaxi
446 809 546 863 reverti
570 809 647 876 quasi
674 809 767 863 leones
793 808 882 875 ignem

99 876 229 950 spirantes3
264 882 325 936 vult
358 882 491 935 interesse
516 880 617 935 Missae
645 881 714 934 sicut
739 880 768 932 in
794 877 882 933 medio

96 946 240 1017 Angelorum
259 955 363 1020 chor03
382 951 447 1020 quid
464 967 519 1005 non
537 951 620 1020 exigit
638 967 655 1006 e
673 950 831 1006 sacerdote?

123 1044 228 1088 Orationes
241 1050 349 1090 eeclesiae
363 1048 543 1097 praeparatorius
563 1048 592 1088 ad
604 1049 708 1098 Missam,
733 1050 755 1087 et
768 1049 820 1099 post
833 1057 881 1087 eom

93 1113 200 1158 &aliarum
213 1117 309 1156 sotionis
324 1115 384 1154 omni
398 1115 515 1154 devotione
528 1113 603 1156 recita.

432 1243 534 1258 wmovw

174 1368 205 1423 v.
234 1371 274 1424 De
296 1369 473 1438 perfectione
492 1369 634 1426 sacerdoti
654 1371 778 1440 propria.

152 1488 190 1546 17.
212 1489 399 1542 meditatio:
428 1486 473 1541 De
496 1489 602 1542 motivis
623 1489 808 1556 perfeetionis.

119 1581 139 1635 1.
164 1583 251 1639 Debet
270 1582 399 1638 sacerdos
413 1584 523 1638 tendere
543 1583 577 1638 ad
595 1583 788 1652 perfectionem
799 1587 880 1659 vitae,

93 1652 146 1716 quia
166 1655 223 1709 vult
246 1656 342 1723 Deus,·
369 1655 392 1709 si
421 1655 490 1708 enim
514 1655 547 1710 de
575 1655 697 1710 omnibus
723 1657 880 1716 Christianis

91 1736 171 1778 verum
190 1734 231 1782 est
247 1725 318 1781 illud
344 1725 371 1779 S.
395 1726 473 1780 Pauli
500 1727 529 1797 (Ι.
546 1727 641 1783 Thess.
661 1728 712 1794 tl:
737 1728 816 1782 Haec
843 1735 888 1795 est¹

90 1797 150 1848 enim
171 1799 300 1852 colunias
324 1796 393 1865 Dei,
421 1799 599 1864 abominatio
625 1803 728 1868 cestra;
755 1805 782 1854 et
814 1800 880 1854 illud

90 1863 176 1921 Christi
185 1869 285 1937 (Metth
296 1869 346 1938 5.):
364 1869 460 1922 Estote
468 1870 591 1939 perfecti,
610 1871 770 1937 almipater
787 1877 879 1942 cestu,

88 1939 155 1992 etsi
185 1941 285 1994 iterum
312 1940 460 2008 Apostolus
488 1956 579 1994 omnes
610 1941 775 1998 Christianos
799 1951 880 1998 vocat

90 2017 183 2064 suctos
202 2012 237 2080 (2.
258 2012 321 2066 Cor.
340 2011 361 2069 Ι.
380 2011 451 2079 pr.
472 2019 499 2066 et
516 2011 584 2066 Phil.
603 2012 647 2082 4.),
676 2015 879 2082 quantomagis

88 2075 131 2133 hoc
146 2084 273 2151 competit
292 2081 427 2136 sacerdoti
445 2097 459 2136 e
480 2082 590 2151 reliquis
614 2084 713 2138 selecto
733 2091 760 2138 et
779 2085 808 2138 in
822 2101 878 2140 sor-

86 2153 132 2204 tem
146 2152 255 2208 Domini
272 2161 378 2208 vocato.

116 2221 150 2280 II.
173 2224 307 2280 Sacerdos
327 2223 439 2278 tendere
454 2223 533 2277 debet
549 2223 584 2278 ad
595 2223 787 2292 perfectionem
798 2225 879 2296 ritae,

88 2291 141 2358 quia
162 2296 220 2351 vult
246 2295 376 2364 ecclesia,
404 2295 539 2350 ministros
564 2311 628 2350 suos
659 2295 712 2350 fide
742 2304 769 2350 et
797 2313 879 2366 opere

86 2361 172 2419 debere
183 2383 244 2422 esse
258 2367 403 2436 perfectos.
416 2367 575 2421 —Eluceat
591 2367 619 2420 in
638 2367 676 2421 eis
694 2367 778 2422 totius
793 2367 880 2422 forma

86 2431 201 2496 iusisse.
221 2439 340 2506 (Pontis.
359 2439 451 2504 Rom.)
481 2437 595 2492 Multum
617 2437 708 2492 dutum
731 2445 774 2493 est
791 2454 878 2493 sacer·

85 2501 146 2577 doti;
163 2510 277 2564 multum
295 2525 360 2578 ergo
376 2516 521 2577 quaeretur
539 2509 572 2563 ab
592 2523 633 2564 eo.
653 2509 727 2579 (Luc.
740 2510 792 2579 12.)
812 2510 879 2565 Cum

84 2579 144 2632 enim
161 2587 299 2651 augentur
317 2581 401 2650 dona,
425 2580 511 2648 inquit
529 2579 555 2634 S.
576 2580 654 2648 Greg.
681 2581 769 2648 (Hom.
790 2583 832 2636 19.
850 2581 879 2636 in

84 2644 186 2720 Evang.)
205 2654 328 2706 rationes
346 2653 429 2707 etiam
446 2657 566 2706 mearunt
584 2651 725 2705 decocunt.

111 2721 155 2776 Ill
173 2723 271 2792 Exigit
287 2724 348 2792 plus
368 2722 546 2792 asacerdcte‚
567 2729 624 2777 tum
641 2723 712 2778 illius
730 2727 824 2790 status,
843 2720 878 2776 ad

83 2788 141 2848 alios
158 2793 366 2850 sencuficendos
386 2794 543 2863 destinatus,
571 2803 628 2848 tum
653 2792 775 2860 officium,
807 2791 880 2858 quod

80 2863 148 2935 itn't
167 2866 442 2936 atrebatarum,
460 2872 491 2922 ut
509 2866 584 2921 aiunt
604 2864 690 2920 sancti
700 2864 806 2930 Patres,
823 2861 880 2926 sor·
