2146 3234
157 140 198 186 tu
311 142 345 183 Ds
358 141 490 191 quibusdum
503 142 553 184 ultis
567 142 705 183 sacerdotum
719 143 803 184 officiis.

158 259 232 300 mem
250 243 366 311 aliquem
384 242 525 298 Psalmem
548 259 581 298 eu
599 243 717 312 quotuor
730 245 873 314 priventur
891 246 961 302 Poe-

159 313 353 390 os'tentiols'bus,
370 315 411 368 oei
428 314 570 370 Psalmum
587 319 632 372 90.
650 315 702 383 Qui
714 317 864 372 habitatin
883 317 959 372 odiu-

93 395 96 402 ’
161 387 240 455 torio,
259 391 306 442 ete.
325 401 386 440 cion
402 384 494 440 Gloria
510 385 593 455 Patri,
611 387 642 440 to
657 387 719 454 tine.
751 387 851 442 Postea
869 388 964 444 dicet.-

194 457 278 528 Kyrie
297 455 451 513 eleison·
463 456 568 512 Christe
582 457 692 514 eleison.
704 487 737 500 -
749 458 832 529 Kyrie
846 460 960 516 eleison.

158 528 294 583 --Peter
311 534 403 584 noster
422 533 472 582 etc.

199 599 230 654 V.
248 599 287 654 Et
302 613 337 654 ne
354 614 405 655 uos
422 597 532 654 inducas
549 599 578 653 in
595 600 779 670 tentationem,
798 606 848 656 eto.

199 670 230 725 V.
250 669 358 724 Salvum
376 668 419 724 feo
437 685 544 725 servum
561 677 644 740 tuum,

179 741 231 797 ·R.
249 740 325 796 Deus
342 755 426 810 meus,
445 747 598 810 sperantem
615 743 644 796 in
661 748 698 797 te.

200 813 231 868 V.
249 811 328 868 Mitte
346 812 380 880 ei,
397 811 520 882 Domine,
538 813 665 868 auxilium
684 813 718 869 de
736 821 837 885 sencio,

195 883 230 939 R.
249 883 286 938 Et
304 882 342 937 de
357 882 422 938 Sion
439 889 516 938 tuere
534 897 603 938 eum.
688 889 694 896 '

199 955 230 1012 V.
248 953 323 1008 Nihil
340 953 462 1022 proficiat
479 954 601 1010 inimicus
618 955 648 1010 iu
666 969 708 1025 eo,

193 1026 229 1082 R.
246 1025 285 1080 Et
300 1023 371 1082 filius
389 1026 536 1094 iniquitatis
554 1042 610 1081 non
627 1033 747 1096 apponet
763 1041 862 1083 nocere
882 1027 916 1084 ei.

107 1161 113 1172 .
197 1097 234 1152 V..
246 1096 315 1150 Esto
333 1096 367 1165 ei,
385 1095 507 1167 Domine,
525 1098 607 1153 turris
624 1097 795 1167 fortitudinis,

192 1167 229 1224 R.
247 1167 273 1220 A
290 1165 359 1221 secie
376 1167 483 1223 inimici.

197 1238 228 1294 V.
245 1237 377 1294 Dominus
395 1253 474 1307 opem
491 1237 561 1294 feret
578 1239 627 1308 illi,

193 1309 229 1367 R.
248 1309 335 1378 Super
352 1310 451 1365 lectum
469 1309 569 1366 doloris
587 1311 655 1367 eius.

198 1381 229 1436 V.
246 1379 369 1450 Domine,
388 1380 487 1436 excudi
504 1381 653 1436 orationem
669 1395 764 1451 meum,
783 1387 835 1440 eto.

198 1451 229 1507 V.
247 1451 377 1508 Dominus
395 1452 540 1522 vobiscum,
559 1458 610 1507 ete.

197 1521 315 1581 Demos.
333 1523 416 1594 Deus,
436 1524 478 1578 oui
496 1524 634 1593 proprium
652 1532 694 1580 est
711 1522 833 1578 misereri
850 1537 961 1592 semper

160 1600 188 1651 et
204 1609 325 1664 parcere,
344 1595 449 1664 suscipe
469 1594 683 1664 deprecationem
696 1601 831 1662 nostram
849 1601 960 1666 utnon,

160 1672 188 1724 et
204 1667 276 1722 hunc
292 1665 421 1721 famulum·
437 1673 519 1736 tuum,
538 1682 606 1735 quos
620 1666 777 1722 delictorum
790 1672 886 1720 cateno
895 1681 959 1722 cou-

160 1738 274 1808 stringit,
291 1738 427 1794 miseratio
445 1745 508 1792 tuoe
525 1739 635 1806 pietatis
653 1737 797 1795 clementer
814 1735 948 1793 absolvet

194 1809 278 1880 Deus,
295 1807 455 1864 infirmitatis
472 1808 604 1864 humanae
630 1809 765 1878 singulare
783 1807 958 1876 praesidium,

160 1881 253 1936 auxilii
279 1881 318 1936 tui
341 1895 423 1949 super
446 1879 579 1934 infirmum
601 1880 730 1936 famulum
747 1886 824 1934 tuum
843 1878 959 1934 ostende

158 1951 299 2020 virtutem3
322 1958 353 2007 ut
371 1967 422 2020 ope
440 1951 638 2008 misericordiae
655 1959 719 2007 tuse
738 1949 853 2020 adiutis,
872 1950 957 2006 eoele-

160 2022 216 2078 siae
234 2029 300 2076 tuae·
316 2030 424 2078 sanctae
441 2022 580 2080 incolumis
597 2021 795 2093 repraesentari
812 2027 958 2078 mersatur.
984 2064 988 2072 .
1058 2041 1059 2067 ι

196 2092 318 2148 Concede
336 2094 407 2148 huuc
424 2093 552 2149 famulum
564 2101 649 2164 tuum,
667 2108 829 2162 quaesumus
841 2091 960 2148 Domine

159 2163 242 2232 Dens,
260 2171 392 2232 perpetuu
409 2165 506 2220 mentis
520 2171 548 2220 et
567 2166 688 2235 corporis
701 2165 816 2220 senitete
829 2161 960 2235 gaudere,

58 2264 62 2272 ·
160 2240 188 2289 et
205 2234 323 2303 glorioso
340 2234 437 2291 bectee
453 2235 557 2291 Merioe
575 2251 680 2306 semper
694 2235 812 2304 Virginis
829 2235 959 2290 interces-

159 2305 433 2431 ffiefagflggnesssnti
447 2307 694 2432 glogffitrlistitie,
722 2314 750 2362 et
767 2312 879 2432 roffi
895 2321 961 2375 per·

333 2418 339 2431 .
398 2392 429 2433 er
512 2395 525 2434 s
626 2395 742 2434 omnum
759 2392 809 2432 nos
881 2417 889 2434 .

195 2446 350 2573 ffen‘ffl
375 2519 428 2574 Dei
446 2519 645 2591 omnipotentis,
672 2519 761 2576 Petris
779 2522 807 2589 †,
835 2524 861 2574 et
886 2517 961 2590 Filii,

160 2594 188 2644 et
206 2588 321 2657 Spiritus
345 2591 439 2660 sancti,
463 2590 608 2648 descendet
632 2597 773 2662 superte,
802 2595 829 2646 et
851 2597 963 2648 mouent

159 2673 342 2786 iiiii...

197 2801 305 2887 Deinde
322 2807 449 2874 oeperpat
467 2819 527 2860 eom
545 2821 619 2875 apua
636 2804 782 2867 benedicto.
