2130 3242
339 165 373 205 De
387 164 529 206 §commento
541 165 699 206 Poenltantlae.
878 165 919 208 4³3

116 269 154 324 ab
173 268 281 323 haeresi
299 275 419 337 externa,
446 268 510 322 licet
527 267 631 322 occulta
650 267 742 333 (Decr.
756 268 834 322 Alex.
854 269 919 330 VII.

114 344 164 395 23.
177 341 280 394 Martii
290 342 360 394 1656
378 347 406 394 et
423 339 525 394 Rooted.
545 339 625 394 XIV.
643 339 672 392 in
686 338 764 392 Bulla
783 338 917 395 Convoca-

115 413 155 466 tis
176 411 414 478 25.N0v.1749.;
437 411 516 464 Bulla
535 411 612 464 Inter
626 411 789 478 praetentas
807 413 832 466 3.
851 411 917 466 Deo.

116 484 199 540 1749.
208 501 215 550 3
225 482 311 536 -Bulla
326 481 534 536 Octobruto'oacm
554 486 579 537 1.
591 483 755 548 Jan.1751.;
773 481 852 535 Bulla
865 483 917 536 Be-

115 553 243 608 nedictus
266 553 343 606 Deuca
367 555 411 607 25.
429 553 495 609 Dec.
516 555 615 623 itta),
642 552 694 607 nisi
713 566 841 620 expressa
860 553 918 609 eius

115 624 192 679 facta
210 625 245 680 sit
261 624 369 680 mentio.

156 695 209 763 Qui
227 695 341 750 obtinuit
357 694 512 750 facultatem
526 695 682 750 absolvendi
700 711 718 749 a
736 709 800 749 casu
818 694 917 764 papali,

117 767 260 822 absolvere
278 773 370 834 potest
381 766 459 820 simul
477 782 494 820 a
511 773 622 835 peccato
641 773 668 821 et
686 781 843 833 acensura3
862 773 919 820 tum

117 838 183 906 quio
201 853 279 892 casus
297 836 430 891 Pontificii
457 837 590 892 ordinarie
617 853 671 893 non
698 843 761 893 sunt
778 837 918 906 reservati,

116 910 171 964 nisi
183 910 288 964 rabone
301 923 444 977 censurae3
462 916 519 963 tum
537 910 600 978 quia
619 909 750 964 absolutio
770 908 918 977 spectatis

117 980 178 1035 dari
196 980 297 1048 nequit,
315 980 367 1034 nisi
380 981 528 1048 praemissa
542 979 708 1035 absolutione
723 997 741 1035 a
754 980 881 1035 censuris.

154 1052 293 1106 Habentes
310 1050 465 1105 facrrltatem
483 1051 639 1107 absolvendi
658 1053 692 1106 ab
711 1053 833 1107 omnibus
851 1051 918 1107 casi-

117 1122 169 1178 bus
189 1122 253 1176 Sedi
265 1123 437 1190 Apostolicae
453 1123 606 1192 reservatis,
624 1136 679 1177 non
695 1123 757 1179 ideo
776 1139 793 1178 a
811 1123 918 1178 casibus

118 1195 153 1248 ab
171 1195 309 1262 Episcopo
328 1193 472 1248 reservatis
496 1201 612 1261 possunt
630 1195 784 1264 absolvere,
813 1195 865 1249 nisi
884 1195 918 1250 ab

116 1266 177 1334 ipso
203 1264 357 1318 facultatem
380 1266 539 1332 acceperint.
583 1264 715 1332 (Clemens
738 1267 775 1320 X.
806 1267 917 1322 Constit.

117 1335 252 1405 Saparnos.
295 1335 349 1390 [lfr.
372 1334 472 1392 Bened.
497 1337 570 1394 XIV.
592 1336 626 1390 cle
643 1336 710 1406 Syra
728 1337 811 1392 dioec.
829 1337 874 1392 zat.
892 1340 918 1392 5.

118 1423 178 1477 cap.
200 1411 226 1465 5.
244 1423 272 1460 a.
292 1409 330 1472 7.)

155 1477 269 1546 Quando
294 1479 373 1532 alicui
399 1485 509 1547 praeter
531 1485 692 1546 potestatem
720 1479 876 1533 absolvendi
901 1495 919 1533 a

118 1551 225 1605 casibus
250 1551 396 1605 reservatis
409 1552 519 1618 insuper
536 1549 662 1604 tribuitur
684 1555 806 1618 potestas
831 1549 918 1604 absol·

118 1621 200 1675 vendi
219 1636 235 1674 a
249 1622 368 1676 censuris
381 1622 526 1676 reservatis
539 1621 567 1674 in
580 1635 687 1690 genere,
705 1621 728 1674 is
742 1621 844 1688 pariter
856 1619 918 1674 inde

119 1708 174 1748 non
187 1691 286 1746 inierat
305 1707 334 1746 se
347 1708 428 1761 posse
442 1693 583 1747 absolvere
601 1692 635 1745 ab
650 1692 763 1760 haeresi,
783 1706 799 1744 a
812 1690 918 1745 casibus

120 1763 149 1819 in
175 1763 371 1818 Constitutione
400 1764 590 1834 „apostoticae
620 1762 699 1817 Sedis
721 1762 919 1816 modoetien&

117 1833 229 1904 speciali
245 1833 334 1902 modo,
353 1842 400 1889 aut
418 1851 434 1888 a
451 1835 571 1890 censuris
588 1834 650 1889 latis
669 1834 702 1888 ab
721 1835 842 1902 homine,
869 1847 919 1887 seu

120 1921 171 1974 per
188 1906 349 1960 sententiam
365 1905 481 1976 inflictis,
501 1914 547 1960 aut
564 1912 629 1960 vota
642 1911 813 1975 commutare,
833 1904 919 1959 autin

120 1977 362 2044 irregularitatibus
383 1977 539 2046 dispensare
559 1983 622 2046 etc.;
647 1978 715 2032 haec
733 1977 803 2030 enim
821 1975 917 2045 omnia,

120 2055 151 2102 ut
176 2047 265 2102 valide
292 2055 427 2118 praestet,
460 2048 604 2118 specialem
634 2049 734 2103 habeat
764 2047 918 2102 facultatem

120 2125 235 2188 oportet.

155 2189 325 2258 Sacerdotes,
343 2190 389 2258 qui
407 2205 462 2244 non
480 2190 581 2245 babent
593 2189 747 2246 facultatem
762 2189 919 2244 absolvendi

122 2277 140 2316 a
157 2261 263 2317 casibus
280 2262 441 2330 reservatis,
465 2277 521 2316 ooo
534 2267 651 2331 possunt
676 2262 810 2316 abactam
828 2278 846 2315 u
862 2277 919 2316 ooo

122 2334 263 2386 reservatis
280 2333 458 2401 poenitantes,
476 2333 522 2400 qui
535 2332 695 2388 confitentur
706 2338 819 2401 peccata
832 2347 918 2388 reser-

122 2410 199 2472 vata3
229 2404 363 2458 similiter„
375 2402 545 2473 sacerdotes,
572 2404 619 2472 qui
641 2403 794 2459 fatuitatem
819 2405 920 2459 habent

84 2540 86 2546 Α
123 2473 279 2530 absolvendi
296 2491 315 2530 c
328 2476 449 2544 peccatis
464 2477 615 2544 reservatae,
634 2475 683 2531 sed
695 2490 752 2528 cora
764 2491 783 2528 a
799 2477 920 2530 cenatus

124 2548 273 2616 rotatecus,
291 2561 346 2602 non
358 2553 472 2614 possunt
485 2546 624 2602 absolvere
638 2547 819 2615 poenitentem
831 2561 919 2615 neque

123 2632 140 2672 a
155 2617 310 2688 reservatis,
327 2630 415 2685 nequa
430 2633 447 2672 a
459 2633 514 2672 non
526 2619 679 2688 reservatis,
697 2616 804 2685 quando
817 2618 846 2671 in
861 2619 919 2672 eicis

123 2687 297 2744 Confessione
316 2689 431 2744 occurrit
448 2696 600 2758 peccatum,
625 2688 698 2757 quod
716 2704 856 2744 censuram
873 2703 919 2743 ex-

122 2759 368 2816 communicationis
392 2766 557 2814 reservatam
574 2761 657 2815 habet
674 2774 820 2828 annexam,
849 2759 918 2814 ratio

124 2837 177 2902 est,
203 2830 268 2899 quia
286 2831 371 2886 omnis
390 2832 625 2888 excommunicatio
650 2837 725 2886 arcet
742 2847 759 2886 a
776 2830 919 2899 participa·
