<?xml version="1.0" encoding="UTF-8"?>
<!DOCTYPE html PUBLIC "-//W3C//DTD XHTML 1.0 Transitional//EN"
    "http://www.w3.org/TR/xhtml1/DTD/xhtml1-transitional.dtd">
<html xmlns="http://www.w3.org/1999/xhtml" xml:lang="en" lang="en">
 <head>
  <title>
</title>
<meta http-equiv="Content-Type" content="text/html;charset=utf-8" />
  <meta name='ocr-system' content='tesseract 3.04.00' />
  <meta name='ocr-capabilities' content='ocr_page ocr_carea ocr_par ocr_line ocrx_word'/>
</head>
<body>
  <div class='ocr_page' id='page_1' title='image "./manualesacerdot00schngoog_0365.png"; bbox 0 0 2124 3230; ppageno 0'>
   <div class='ocr_carea' id='block_1_1' title="bbox 282 160 900 210">
    <p class='ocr_par' dir='ltr' id='par_1_1' title="bbox 282 160 900 210">
     <span class='ocr_line' id='line_1_1' title="bbox 282 160 900 210; baseline 0 -10"><span class='ocrx_word' id='word_1_1' title='bbox 282 160 347 200; x_wconf 79' lang='lat' dir='ltr'>Ritus</span> <span class='ocrx_word' id='word_1_2' title='bbox 362 161 486 200; x_wconf 79' lang='lat' dir='ltr'>celebrandi</span> <span class='ocrx_word' id='word_1_3' title='bbox 500 162 591 202; x_wconf 78' lang='lat' dir='ltr'>Missam</span> <span class='ocrx_word' id='word_1_4' title='bbox 604 161 721 210; x_wconf 74' lang='lat' dir='ltr'>univolam.</span> <span class='ocrx_word' id='word_1_5' title='bbox 859 162 900 206; x_wconf 75' lang='lat'>885</span> 
     </span>
    </p>
   </div>
   <div class='ocr_carea' id='block_1_2' title="bbox 100 259 904 617">
    <p class='ocr_par' dir='ltr' id='par_1_2' title="bbox 100 259 904 617">
     <span class='ocr_line' id='line_1_2' title="bbox 102 259 902 332; baseline 0.005 -16"><span class='ocrx_word' id='word_1_6' title='bbox 102 262 178 316; x_wconf 92' lang='lat' dir='ltr'>utin</span> <span class='ocrx_word' id='word_1_7' title='bbox 195 261 327 329; x_wconf 82' lang='lat' dir='ltr'>principio</span> <span class='ocrx_word' id='word_1_8' title='bbox 338 259 438 317; x_wconf 86' lang='lat' dir='ltr'>Missae</span> <span class='ocrx_word' id='word_1_9' title='bbox 457 260 583 330; x_wconf 73' lang='lat' dir='ltr'>(extergit</span> <span class='ocrx_word' id='word_1_10' title='bbox 601 277 631 315; x_wconf 92' lang='lat' dir='ltr'>os</span> <span class='ocrx_word' id='word_1_11' title='bbox 646 268 674 316; x_wconf 86' lang='lat' dir='ltr'>et</span> <span class='ocrx_word' id='word_1_12' title='bbox 687 262 804 331; x_wconf 84' lang='lat' dir='ltr'>calicem,</span> <span class='ocrx_word' id='word_1_13' title='bbox 823 279 902 332; x_wconf 88' lang='lat' dir='ltr'>quem</span> 
     </span>
     <span class='ocr_line' id='line_1_3' title="bbox 102 331 904 404; baseline 0.004 -16"><span class='ocrx_word' id='word_1_14' title='bbox 102 333 199 402; x_wconf 82' lang='lat' dir='ltr'>operit,</span> <span class='ocrx_word' id='word_1_15' title='bbox 228 339 256 386; x_wconf 89' lang='lat' dir='ltr'>et</span> <span class='ocrx_word' id='word_1_16' title='bbox 279 332 377 401; x_wconf 87' lang='lat' dir='ltr'>plicato</span> <span class='ocrx_word' id='word_1_17' title='bbox 408 334 541 402; x_wconf 83' lang='lat' dir='ltr'>corporali</span> <span class='ocrx_word' id='word_1_18' title='bbox 565 331 713 387; x_wconf 89' lang='lat' dir='ltr'>collocat</span> <span class='ocrx_word' id='word_1_19' title='bbox 705 349 734 387; x_wconf 90' lang='grc' dir='ltr'>ιιι</span> <span class='ocrx_word' id='word_1_20' title='bbox 761 335 904 404; x_wconf 71' lang='lat' dir='ltr'>alteriue</span> 
     </span>
     <span class='ocr_line' id='line_1_4' title="bbox 100 405 904 542; baseline 0.005 -14"><span class='ocrx_word' id='word_1_21' title='bbox 100 405 196 532; x_wconf 46' lang='grc' dir='ltr'>Ρῃιιι.)</span> <span class='ocrx_word' id='word_1_22' title='bbox 202 474 250 528; x_wconf 89' lang='lat' dir='ltr'>De</span> <span class='ocrx_word' id='word_1_23' title='bbox 265 475 510 530; x_wconf 82' lang='lat' dir='ltr'>Communione</span> <span class='ocrx_word' id='word_1_24' title='bbox 525 483 556 530; x_wconf 91' lang='lat' dir='ltr'>et</span> <span class='ocrx_word' id='word_1_25' title='bbox 570 475 808 530; x_wconf 75' lang='lat' dir='ltr'><strong>Orationibus</strong></span> <span class='ocrx_word' id='word_1_26' title='bbox 821 485 904 542; x_wconf 84' lang='lat' dir='ltr'>post</span> 
     </span>
     <span class='ocr_line' id='line_1_5' title="bbox 103 545 902 617; baseline 0.001 -17"><span class='ocrx_word' id='word_1_27' title='bbox 103 546 383 601; x_wconf 73' lang='lat' dir='ltr'>communionem</span> <span class='ocrx_word' id='word_1_28' title='bbox 401 546 565 604; x_wconf 76' lang='lat' dir='ltr'><strong>dicendis.</strong></span> <span class='ocrx_word' id='word_1_29' title='bbox 585 546 743 601; x_wconf 81' lang='lat' dir='ltr'>Celebrante</span> <span class='ocrx_word' id='word_1_30' title='bbox 753 545 902 617; x_wconf 86' lang='lat' dir='ltr'>purificato,</span> 
     </span>
    </p>
   </div>
   <div class='ocr_carea' id='block_1_3' title="bbox 101 617 937 2889">
    <p class='ocr_par' dir='ltr' id='par_1_3' title="bbox 101 617 937 2889">
     <span class='ocr_line' id='line_1_6' title="bbox 103 617 903 686; baseline 0.003 -15"><span class='ocrx_word' id='word_1_31' title='bbox 103 618 168 672; x_wconf 89' lang='lat' dir='ltr'>dum</span> <span class='ocrx_word' id='word_1_32' title='bbox 186 617 296 670; x_wconf 84' lang='lat' dir='ltr'>calicem</span> <span class='ocrx_word' id='word_1_33' title='bbox 314 618 427 672; x_wconf 87' lang='lat' dir='ltr'>collocat</span> <span class='ocrx_word' id='word_1_34' title='bbox 443 619 472 672; x_wconf 90' lang='lat' dir='ltr'>iu</span> <span class='ocrx_word' id='word_1_35' title='bbox 491 619 577 686; x_wconf 87' lang='lat' dir='ltr'>altari,</span> <span class='ocrx_word' id='word_1_36' title='bbox 595 618 664 672; x_wconf 88' lang='lat' dir='ltr'>liber</span> <span class='ocrx_word' id='word_1_37' title='bbox 680 618 798 672; x_wconf 86' lang='lat' dir='ltr'>Missaiis</span> <span class='ocrx_word' id='word_1_38' title='bbox 817 617 903 673; x_wconf 85' lang='lat' dir='ltr'>deier-</span> 
     </span>
     <span class='ocr_line' id='line_1_7' title="bbox 101 689 904 757; baseline 0.001 -14"><span class='ocrx_word' id='word_1_39' title='bbox 101 696 147 743; x_wconf 90' lang='lat' dir='ltr'>tur</span> <span class='ocrx_word' id='word_1_40' title='bbox 165 703 217 757; x_wconf 87' lang='lat' dir='ltr'>per</span> <span class='ocrx_word' id='word_1_41' title='bbox 233 689 383 743; x_wconf 88' lang='lat' dir='ltr'>ministrum</span> <span class='ocrx_word' id='word_1_42' title='bbox 401 689 435 742; x_wconf 89' lang='lat' dir='ltr'>ad</span> <span class='ocrx_word' id='word_1_43' title='bbox 454 705 537 743; x_wconf 89' lang='lat' dir='ltr'>cornu</span> <span class='ocrx_word' id='word_1_44' title='bbox 554 689 694 757; x_wconf 86' lang='lat' dir='ltr'>Epistolae</span> <span class='ocrx_word' id='word_1_45' title='bbox 713 696 740 742; x_wconf 90' lang='lat' dir='ltr'>et</span> <span class='ocrx_word' id='word_1_46' title='bbox 759 689 904 744; x_wconf 85' lang='lat' dir='ltr'>collocatur</span> 
     </span>
     <span class='ocr_line' id='line_1_8' title="bbox 102 759 903 816; baseline 0.001 -2"><span class='ocrx_word' id='word_1_47' title='bbox 102 760 171 814; x_wconf 87' lang='lat' dir='ltr'>utin</span> <span class='ocrx_word' id='word_1_48' title='bbox 183 760 307 816; x_wconf 80' lang='lat' dir='ltr'>introitu</span> <span class='ocrx_word' id='word_1_49' title='bbox 325 759 430 814; x_wconf 82' lang='lat' dir='ltr'>Deinde</span> <span class='ocrx_word' id='word_1_50' title='bbox 444 761 582 815; x_wconf 84' lang='lat' dir='ltr'>celebrans</span> <span class='ocrx_word' id='word_1_51' title='bbox 593 769 666 815; x_wconf 89' lang='lat' dir='ltr'>stans</span> <span class='ocrx_word' id='word_1_52' title='bbox 675 760 772 814; x_wconf 88' lang='lat' dir='ltr'>iunctis</span> <span class='ocrx_word' id='word_1_53' title='bbox 782 760 903 816; x_wconf 88' lang='lat' dir='ltr'>manibus</span> 
     </span>
     <span class='ocr_line' id='line_1_9' title="bbox 101 831 902 902; baseline 0.002 -18"><span class='ocrx_word' id='word_1_54' title='bbox 101 831 169 900; x_wconf 78' lang='lat' dir='ltr'>legit</span> <span class='ocrx_word' id='word_1_55' title='bbox 177 831 367 899; x_wconf 77' lang='lat' dir='ltr'>Antiphonem,</span> <span class='ocrx_word' id='word_1_56' title='bbox 386 847 455 898; x_wconf 89' lang='lat' dir='ltr'>quae</span> <span class='ocrx_word' id='word_1_57' title='bbox 469 831 744 899; x_wconf 81' lang='lat' dir='ltr'>dicitunGommuni03</span> <span class='ocrx_word' id='word_1_58' title='bbox 763 847 816 899; x_wconf 87' lang='lat' dir='ltr'>qua</span> <span class='ocrx_word' id='word_1_59' title='bbox 824 832 902 902; x_wconf 84' lang='lat' dir='ltr'>lecta,</span> 
     </span>
     <span class='ocr_line' id='line_1_10' title="bbox 101 902 903 971; baseline 0.001 -15"><span class='ocrx_word' id='word_1_60' title='bbox 101 903 201 956; x_wconf 89' lang='lat' dir='ltr'>iunctis</span> <span class='ocrx_word' id='word_1_61' title='bbox 218 903 282 956; x_wconf 89' lang='lat' dir='ltr'>item</span> <span class='ocrx_word' id='word_1_62' title='bbox 300 903 421 957; x_wconf 83' lang='lat' dir='ltr'>manibus</span> <span class='ocrx_word' id='word_1_63' title='bbox 446 910 508 956; x_wconf 91' lang='lat' dir='ltr'>ante</span> <span class='ocrx_word' id='word_1_64' title='bbox 531 911 625 971; x_wconf 87' lang='lat' dir='ltr'>pectus</span> <span class='ocrx_word' id='word_1_65' title='bbox 644 903 718 958; x_wconf 86' lang='lat' dir='ltr'>vadit</span> <span class='ocrx_word' id='word_1_66' title='bbox 736 902 771 956; x_wconf 88' lang='lat' dir='ltr'>ad</span> <span class='ocrx_word' id='word_1_67' title='bbox 788 903 903 957; x_wconf 90' lang='lat' dir='ltr'>medium</span> 
     </span>
     <span class='ocr_line' id='line_1_11' title="bbox 103 974 904 1043; baseline 0 -15"><span class='ocrx_word' id='word_1_68' title='bbox 103 974 206 1041; x_wconf 84' lang='lat' dir='ltr'>altaris,</span> <span class='ocrx_word' id='word_1_69' title='bbox 226 980 253 1027; x_wconf 89' lang='lat' dir='ltr'>et</span> <span class='ocrx_word' id='word_1_70' title='bbox 271 989 304 1027; x_wconf 92' lang='lat' dir='ltr'>eo</span> <span class='ocrx_word' id='word_1_71' title='bbox 324 975 443 1028; x_wconf 84' lang='lat' dir='ltr'>osculato</span> <span class='ocrx_word' id='word_1_72' title='bbox 460 975 542 1028; x_wconf 85' lang='lat' dir='ltr'>vertit</span> <span class='ocrx_word' id='word_1_73' title='bbox 559 989 588 1029; x_wconf 91' lang='lat' dir='ltr'>se</span> <span class='ocrx_word' id='word_1_74' title='bbox 607 974 641 1028; x_wconf 91' lang='lat' dir='ltr'>ad</span> <span class='ocrx_word' id='word_1_75' title='bbox 659 975 904 1043; x_wconf 87' lang='lat' dir='ltr'>populumamanu</span> 
     </span>
     <span class='ocr_line' id='line_1_12' title="bbox 103 1043 904 1115; baseline 0.001 -15"><span class='ocrx_word' id='word_1_76' title='bbox 103 1045 214 1100; x_wconf 85' lang='lat' dir='ltr'>sinistra</span> <span class='ocrx_word' id='word_1_77' title='bbox 232 1043 267 1098; x_wconf 88' lang='lat' dir='ltr'>ad</span> <span class='ocrx_word' id='word_1_78' title='bbox 286 1043 406 1098; x_wconf 78' lang='lat' dir='ltr'>dexuam</span> <span class='ocrx_word' id='word_1_79' title='bbox 426 1052 453 1099; x_wconf 88' lang='lat' dir='ltr'>et</span> <span class='ocrx_word' id='word_1_80' title='bbox 467 1045 543 1099; x_wconf 87' lang='lat' dir='ltr'>dicit:</span> <span class='ocrx_word' id='word_1_81' title='bbox 562 1045 698 1100; x_wconf 76' lang='lat' dir='ltr'><em>Dominus</em></span> <span class='ocrx_word' id='word_1_82' title='bbox 714 1045 857 1115; x_wconf 80' lang='lat' dir='ltr'>collacum,</span> <span class='ocrx_word' id='word_1_83' title='bbox 876 1054 904 1102; x_wconf 85' lang='lat' dir='ltr'>et</span> 
     </span>
     <span class='ocr_line' id='line_1_13' title="bbox 103 1114 903 1185; baseline 0.004 -15"><span class='ocrx_word' id='word_1_84' title='bbox 103 1131 154 1184; x_wconf 87' lang='lat' dir='ltr'>per</span> <span class='ocrx_word' id='word_1_85' title='bbox 172 1114 293 1170; x_wconf 86' lang='lat' dir='ltr'>eamdem</span> <span class='ocrx_word' id='word_1_86' title='bbox 311 1117 382 1170; x_wconf 86' lang='lat' dir='ltr'>viam</span> <span class='ocrx_word' id='word_1_87' title='bbox 400 1116 470 1170; x_wconf 88' lang='lat' dir='ltr'>radit</span> <span class='ocrx_word' id='word_1_88' title='bbox 494 1115 528 1170; x_wconf 93' lang='lat' dir='ltr'>ad</span> <span class='ocrx_word' id='word_1_89' title='bbox 545 1116 649 1185; x_wconf 86' lang='lat' dir='ltr'>librum,</span> <span class='ocrx_word' id='word_1_90' title='bbox 675 1117 738 1171; x_wconf 91' lang='lat' dir='ltr'>dicit</span> <span class='ocrx_word' id='word_1_91' title='bbox 762 1116 903 1174; x_wconf 70' lang='lat' dir='ltr'><strong>Orationes</strong></span> 
     </span>
     <span class='ocr_line' id='line_1_14' title="bbox 103 1186 907 1259; baseline -0.001 -16"><span class='ocrx_word' id='word_1_92' title='bbox 103 1195 167 1256; x_wconf 87' lang='lat' dir='ltr'>post</span> <span class='ocrx_word' id='word_1_93' title='bbox 180 1187 398 1241; x_wconf 72' lang='lat' dir='ltr'>communionem</span> <span class='ocrx_word' id='word_1_94' title='bbox 417 1187 516 1242; x_wconf 89' lang='lat' dir='ltr'>eisdem</span> <span class='ocrx_word' id='word_1_95' title='bbox 529 1186 617 1254; x_wconf 88' lang='lat' dir='ltr'>modo,</span> <span class='ocrx_word' id='word_1_96' title='bbox 635 1203 745 1242; x_wconf 86' lang='lat' dir='ltr'>numero</span> <span class='ocrx_word' id='word_1_97' title='bbox 760 1196 788 1242; x_wconf 88' lang='lat' dir='ltr'>et</span> <span class='ocrx_word' id='word_1_98' title='bbox 801 1189 902 1259; x_wconf 82' lang='lat' dir='ltr'>ordine</span> <span class='ocrx_word' id='word_1_99' title='bbox 905 1225 907 1228; x_wconf 92' lang='lat'>-</span> 
     </span>
     <span class='ocr_line' id='line_1_15' title="bbox 104 1229 903 1326; baseline 0.003 -14"><span class='ocrx_word' id='word_1_100' title='bbox 104 1266 135 1313; x_wconf 92' lang='lat' dir='ltr'>ut</span> <span class='ocrx_word' id='word_1_101' title='bbox 153 1273 238 1326; x_wconf 83' lang='lat' dir='ltr'>supra</span> <span class='ocrx_word' id='word_1_102' title='bbox 256 1258 343 1312; x_wconf 78' lang='lat' dir='ltr'>diuae</span> <span class='ocrx_word' id='word_1_103' title='bbox 362 1266 423 1312; x_wconf 90' lang='lat' dir='ltr'>sunt</span> <span class='ocrx_word' id='word_1_104' title='bbox 442 1259 584 1314; x_wconf 82' lang='lat' dir='ltr'>Collectac.</span> <span class='ocrx_word' id='word_1_105' title='bbox 609 1229 714 1325; x_wconf 58' lang='lat' dir='ltr'>&#39;tinibus</span> <span class='ocrx_word' id='word_1_106' title='bbox 732 1258 813 1314; x_wconf 87' lang='lat' dir='ltr'>finitis</span> <span class='ocrx_word' id='word_1_107' title='bbox 831 1261 903 1314; x_wconf 86' lang='lat' dir='ltr'>clau·</span> 
     </span>
     <span class='ocr_line' id='line_1_16' title="bbox 107 1329 904 1399; baseline 0.005 -17"><span class='ocrx_word' id='word_1_108' title='bbox 107 1329 146 1384; x_wconf 87' lang='lat' dir='ltr'>dit</span> <span class='ocrx_word' id='word_1_109' title='bbox 163 1330 270 1398; x_wconf 87' lang='lat' dir='ltr'>librum,</span> <span class='ocrx_word' id='word_1_110' title='bbox 290 1330 338 1383; x_wconf 91' lang='lat' dir='ltr'>et</span> <span class='ocrx_word' id='word_1_111' title='bbox 331 1345 442 1398; x_wconf 79' lang='lat' dir='ltr'>iungens</span> <span class='ocrx_word' id='word_1_112' title='bbox 456 1345 550 1384; x_wconf 86' lang='lat' dir='ltr'>manus</span> <span class='ocrx_word' id='word_1_113' title='bbox 565 1337 625 1383; x_wconf 85' lang='lat' dir='ltr'>unte</span> <span class='ocrx_word' id='word_1_114' title='bbox 640 1337 742 1399; x_wconf 85' lang='lat' dir='ltr'>pectus,</span> <span class='ocrx_word' id='word_1_115' title='bbox 759 1333 904 1386; x_wconf 86' lang='lat' dir='ltr'>revertitur</span> 
     </span>
     <span class='ocr_line' id='line_1_17' title="bbox 105 1371 903 1470; baseline 0.003 -16"><span class='ocrx_word' id='word_1_116' title='bbox 105 1401 140 1454; x_wconf 85' lang='lat' dir='ltr'>ad</span> <span class='ocrx_word' id='word_1_117' title='bbox 163 1371 281 1454; x_wconf 85' lang='lat' dir='ltr'>medium</span> <span class='ocrx_word' id='word_1_118' title='bbox 299 1401 399 1469; x_wconf 72' lang='lat' dir='ltr'>allans,</span> <span class='ocrx_word' id='word_1_119' title='bbox 423 1401 478 1470; x_wconf 87' lang='lat' dir='ltr'>nbi,</span> <span class='ocrx_word' id='word_1_120' title='bbox 502 1416 534 1455; x_wconf 90' lang='lat' dir='ltr'>co</span> <span class='ocrx_word' id='word_1_121' title='bbox 553 1401 673 1455; x_wconf 79' lang='lat' dir='ltr'>oscidato</span> <span class='ocrx_word' id='word_1_122' title='bbox 691 1401 725 1469; x_wconf 90' lang='lat' dir='ltr'>(si</span> <span class='ocrx_word' id='word_1_123' title='bbox 744 1401 790 1455; x_wconf 86' lang='lat' dir='ltr'>SS.</span> <span class='ocrx_word' id='word_1_124' title='bbox 810 1402 903 1456; x_wconf 85' lang='lat' dir='ltr'>Sacro·</span> 
     </span>
     <span class='ocr_line' id='line_1_18' title="bbox 104 1471 904 1541; baseline 0.004 -17"><span class='ocrx_word' id='word_1_125' title='bbox 104 1481 224 1526; x_wconf 89' lang='lat' dir='ltr'>mentum</span> <span class='ocrx_word' id='word_1_126' title='bbox 243 1472 394 1538; x_wconf 84' lang='lat' dir='ltr'>expositum</span> <span class='ocrx_word' id='word_1_127' title='bbox 419 1479 467 1541; x_wconf 89' lang='lat' dir='ltr'>est,</span> <span class='ocrx_word' id='word_1_128' title='bbox 495 1471 689 1540; x_wconf 84' lang='lat' dir='ltr'>genuflectitur,</span> <span class='ocrx_word' id='word_1_129' title='bbox 716 1471 797 1524; x_wconf 83' lang='lat' dir='ltr'>Mem.</span> <span class='ocrx_word' id='word_1_130' title='bbox 824 1473 904 1540; x_wconf 68' lang='lat' dir='ltr'>Ito),</span> 
     </span>
     <span class='ocr_line' id='line_1_19' title="bbox 103 1542 905 1611; baseline 0.005 -17"><span class='ocrx_word' id='word_1_131' title='bbox 103 1543 187 1597; x_wconf 79' lang='lat' dir='ltr'>vertit</span> <span class='ocrx_word' id='word_1_132' title='bbox 212 1557 241 1598; x_wconf 88' lang='lat' dir='ltr'>se</span> <span class='ocrx_word' id='word_1_133' title='bbox 260 1542 294 1596; x_wconf 90' lang='lat' dir='ltr'>ad</span> <span class='ocrx_word' id='word_1_134' title='bbox 318 1543 447 1611; x_wconf 88' lang='lat' dir='ltr'>populum</span> <span class='ocrx_word' id='word_1_135' title='bbox 473 1550 500 1596; x_wconf 85' lang='lat' dir='ltr'>et</span> <span class='ocrx_word' id='word_1_136' title='bbox 489 1542 587 1596; x_wconf 86' lang='lat' dir='ltr'>tdicit</span> <span class='ocrx_word' id='word_1_137' title='bbox 610 1550 745 1609; x_wconf 84' lang='lat' dir='ltr'>utsupra</span> <span class='ocrx_word' id='word_1_138' title='bbox 768 1543 905 1598; x_wconf 77' lang='lat' dir='ltr'>Dominus</span> 
     </span>
     <span class='ocr_line' id='line_1_20' title="bbox 104 1612 905 1680; baseline 0.002 -14"><span class='ocrx_word' id='word_1_139' title='bbox 104 1614 249 1668; x_wconf 83' lang='lat' dir='ltr'>nobiscum.</span> <span class='ocrx_word' id='word_1_140' title='bbox 287 1614 345 1680; x_wconf 75' lang='lat' dir='ltr'>Quo</span> <span class='ocrx_word' id='word_1_141' title='bbox 371 1613 441 1669; x_wconf 90' lang='lat' dir='ltr'>dicto</span> <span class='ocrx_word' id='word_1_142' title='bbox 470 1621 546 1669; x_wconf 85' lang='lat' dir='ltr'>stans</span> <span class='ocrx_word' id='word_1_143' title='bbox 571 1614 667 1667; x_wconf 87' lang='lat' dir='ltr'>iunctis</span> <span class='ocrx_word' id='word_1_144' title='bbox 694 1612 815 1668; x_wconf 87' lang='lat' dir='ltr'>manibus</span> <span class='ocrx_word' id='word_1_145' title='bbox 842 1622 905 1668; x_wconf 80' lang='lat' dir='ltr'>onte</span> 
     </span>
     <span class='ocr_line' id='line_1_21' title="bbox 106 1683 905 1754; baseline -0.001 -15"><span class='ocrx_word' id='word_1_146' title='bbox 106 1693 201 1753; x_wconf 87' lang='lat' dir='ltr'>pectus</span> <span class='ocrx_word' id='word_1_147' title='bbox 219 1699 314 1740; x_wconf 83' lang='lat' dir='ltr'>versus</span> <span class='ocrx_word' id='word_1_148' title='bbox 331 1686 468 1752; x_wconf 85' lang='lat' dir='ltr'>populum,</span> <span class='ocrx_word' id='word_1_149' title='bbox 495 1685 566 1752; x_wconf 87' lang='lat' dir='ltr'>dicit,</span> <span class='ocrx_word' id='word_1_150' title='bbox 588 1685 611 1738; x_wconf 89' lang='lat' dir='ltr'>si</span> <span class='ocrx_word' id='word_1_151' title='bbox 630 1683 769 1737; x_wconf 89' lang='lat' dir='ltr'>dicendum</span> <span class='ocrx_word' id='word_1_152' title='bbox 787 1691 836 1752; x_wconf 87' lang='lat' dir='ltr'>est,</span> <span class='ocrx_word' id='word_1_153' title='bbox 855 1685 905 1754; x_wconf 85' lang='lat' dir='ltr'>Ile,</span> 
     </span>
     <span class='ocr_line' id='line_1_22' title="bbox 106 1754 905 1824; baseline -0.001 -14"><span class='ocrx_word' id='word_1_154' title='bbox 106 1757 197 1810; x_wconf 82' lang='lat' dir='ltr'>Missa</span> <span class='ocrx_word' id='word_1_155' title='bbox 208 1763 253 1822; x_wconf 80' lang='grc' dir='ltr'>ιιι,</span> <span class='ocrx_word' id='word_1_156' title='bbox 273 1764 301 1810; x_wconf 88' lang='lat' dir='ltr'>et</span> <span class='ocrx_word' id='word_1_157' title='bbox 317 1772 366 1824; x_wconf 90' lang='lat' dir='ltr'>per</span> <span class='ocrx_word' id='word_1_158' title='bbox 385 1756 505 1810; x_wconf 87' lang='lat' dir='ltr'>eumdem</span> <span class='ocrx_word' id='word_1_159' title='bbox 521 1756 593 1809; x_wconf 86' lang='lat' dir='ltr'>viam</span> <span class='ocrx_word' id='word_1_160' title='bbox 606 1755 750 1809; x_wconf 74' lang='lat' dir='ltr'>revertimur</span> <span class='ocrx_word' id='word_1_161' title='bbox 768 1754 802 1808; x_wconf 86' lang='lat' dir='ltr'>ad</span> <span class='ocrx_word' id='word_1_162' title='bbox 821 1755 905 1810; x_wconf 86' lang='lat' dir='ltr'>altare</span> 
     </span>
     <span class='ocr_line' id='line_1_23' title="bbox 108 1826 905 1895; baseline -0.003 -13"><span class='ocrx_word' id='word_1_163' title='bbox 108 1829 187 1893; x_wconf 89' lang='lat' dir='ltr'>(etsi</span> <span class='ocrx_word' id='word_1_164' title='bbox 206 1827 252 1880; x_wconf 86' lang='lat' dir='ltr'>SS.</span> <span class='ocrx_word' id='word_1_165' title='bbox 264 1827 463 1881; x_wconf 76' lang='lat' dir='ltr'>Sacramentum</span> <span class='ocrx_word' id='word_1_166' title='bbox 482 1827 632 1895; x_wconf 86' lang='lat' dir='ltr'>expositum</span> <span class='ocrx_word' id='word_1_167' title='bbox 651 1826 814 1894; x_wconf 72' lang='lat' dir='ltr'>astiturum</span> <span class='ocrx_word' id='word_1_168' title='bbox 823 1842 905 1894; x_wconf 88' lang='lat' dir='ltr'>genu-</span> 
     </span>
     <span class='ocr_line' id='line_1_24' title="bbox 106 1897 905 1966; baseline -0.003 -14"><span class='ocrx_word' id='word_1_169' title='bbox 106 1897 232 1966; x_wconf 83' lang='lat' dir='ltr'>flectitur,</span> <span class='ocrx_word' id='word_1_170' title='bbox 256 1899 339 1954; x_wconf 85' lang='lat' dir='ltr'>Mem.</span> <span class='ocrx_word' id='word_1_171' title='bbox 364 1899 441 1966; x_wconf 64' lang='lat' dir='ltr'>Rae).</span> <span class='ocrx_word' id='word_1_172' title='bbox 478 1897 509 1951; x_wconf 86' lang='lat' dir='ltr'>Si</span> <span class='ocrx_word' id='word_1_173' title='bbox 533 1913 598 1952; x_wconf 87' lang='lat' dir='ltr'>vero</span> <span class='ocrx_word' id='word_1_174' title='bbox 622 1914 677 1952; x_wconf 92' lang='lat' dir='ltr'>non</span> <span class='ocrx_word' id='word_1_175' title='bbox 704 1898 738 1951; x_wconf 90' lang='lat' dir='ltr'>sit</span> <span class='ocrx_word' id='word_1_176' title='bbox 756 1897 905 1966; x_wconf 84' lang='lat' dir='ltr'>dicendum,</span> 
     </span>
     <span class='ocr_line' id='line_1_25' title="bbox 108 1967 907 2037; baseline -0.003 -13"><span class='ocrx_word' id='word_1_177' title='bbox 108 1969 178 2024; x_wconf 90' lang='lat' dir='ltr'>dicto</span> <span class='ocrx_word' id='word_1_178' title='bbox 192 1969 329 2023; x_wconf 76' lang='lat' dir='ltr'>Dominus</span> <span class='ocrx_word' id='word_1_179' title='bbox 345 1970 480 2023; x_wconf 78' lang='lat' dir='ltr'>vobiscum</span> <span class='ocrx_word' id='word_1_180' title='bbox 493 1969 637 2023; x_wconf 87' lang='lat' dir='ltr'>revertitur</span> <span class='ocrx_word' id='word_1_181' title='bbox 655 1967 749 2023; x_wconf 88' lang='lat' dir='ltr'>eodem</span> <span class='ocrx_word' id='word_1_182' title='bbox 762 1968 842 2023; x_wconf 89' lang='lat' dir='ltr'>modo</span> <span class='ocrx_word' id='word_1_183' title='bbox 856 1985 907 2037; x_wconf 84' lang='lat' dir='ltr'>per</span> 
     </span>
     <span class='ocr_line' id='line_1_26' title="bbox 108 2039 905 2108; baseline 0 -14"><span class='ocrx_word' id='word_1_184' title='bbox 108 2039 229 2094; x_wconf 86' lang='lat' dir='ltr'>eamdem</span> <span class='ocrx_word' id='word_1_185' title='bbox 246 2041 318 2094; x_wconf 83' lang='lat' dir='ltr'>viam</span> <span class='ocrx_word' id='word_1_186' title='bbox 336 2041 370 2094; x_wconf 86' lang='lat' dir='ltr'>ad</span> <span class='ocrx_word' id='word_1_187' title='bbox 396 2040 511 2094; x_wconf 90' lang='lat' dir='ltr'>medium</span> <span class='ocrx_word' id='word_1_188' title='bbox 530 2040 629 2108; x_wconf 83' lang='lat' dir='ltr'>altaris,</span> <span class='ocrx_word' id='word_1_189' title='bbox 654 2048 727 2095; x_wconf 85' lang='lat' dir='ltr'>stans</span> <span class='ocrx_word' id='word_1_190' title='bbox 751 2056 845 2095; x_wconf 88' lang='lat' dir='ltr'>versus</span> <span class='ocrx_word' id='word_1_191' title='bbox 871 2040 905 2094; x_wconf 86' lang='lat' dir='ltr'>ad</span> 
     </span>
     <span class='ocr_line' id='line_1_27' title="bbox 107 2111 906 2180; baseline 0 -15"><span class='ocrx_word' id='word_1_192' title='bbox 107 2111 180 2180; x_wconf 90' lang='lat' dir='ltr'>illud,</span> <span class='ocrx_word' id='word_1_193' title='bbox 199 2113 295 2166; x_wconf 89' lang='lat' dir='ltr'>iunctis</span> <span class='ocrx_word' id='word_1_194' title='bbox 307 2120 368 2166; x_wconf 88' lang='lat' dir='ltr'>unte</span> <span class='ocrx_word' id='word_1_195' title='bbox 379 2119 472 2180; x_wconf 89' lang='lat' dir='ltr'>pectus</span> <span class='ocrx_word' id='word_1_196' title='bbox 482 2111 602 2166; x_wconf 89' lang='lat' dir='ltr'>manibus</span> <span class='ocrx_word' id='word_1_197' title='bbox 617 2111 695 2165; x_wconf 89' lang='lat' dir='ltr'>dicit:</span> <span class='ocrx_word' id='word_1_198' title='bbox 709 2112 906 2166; x_wconf 81' lang='lat' dir='ltr'>Benedicomus</span> 
     </span>
     <span class='ocr_line' id='line_1_28' title="bbox 108 2181 905 2251; baseline -0.001 -15"><span class='ocrx_word' id='word_1_199' title='bbox 108 2183 240 2251; x_wconf 79' lang='lat' dir='ltr'>Domlo03</span> <span class='ocrx_word' id='word_1_200' title='bbox 258 2183 287 2236; x_wconf 88' lang='lat' dir='ltr'>in</span> <span class='ocrx_word' id='word_1_201' title='bbox 303 2183 395 2238; x_wconf 84' lang='lat' dir='ltr'>Missis</span> <span class='ocrx_word' id='word_1_202' title='bbox 414 2191 501 2236; x_wconf 88' lang='lat' dir='ltr'>autem</span> <span class='ocrx_word' id='word_1_203' title='bbox 517 2181 701 2236; x_wconf 83' lang='lat' dir='ltr'>defunctorum</span> <span class='ocrx_word' id='word_1_204' title='bbox 719 2182 814 2236; x_wconf 88' lang='lat' dir='ltr'>eodem</span> <span class='ocrx_word' id='word_1_205' title='bbox 825 2183 905 2236; x_wconf 92' lang='lat' dir='ltr'>modo</span> 
     </span>
     <span class='ocr_line' id='line_1_29' title="bbox 109 2251 905 2322; baseline -0.003 -14"><span class='ocrx_word' id='word_1_206' title='bbox 109 2262 181 2309; x_wconf 82' lang='lat' dir='ltr'>stans</span> <span class='ocrx_word' id='word_1_207' title='bbox 199 2268 294 2309; x_wconf 87' lang='lat' dir='ltr'>versus</span> <span class='ocrx_word' id='word_1_208' title='bbox 309 2255 393 2308; x_wconf 85' lang='lat' dir='ltr'>altore</span> <span class='ocrx_word' id='word_1_209' title='bbox 403 2253 480 2308; x_wconf 89' lang='lat' dir='ltr'>dicit:</span> <span class='ocrx_word' id='word_1_210' title='bbox 495 2254 673 2322; x_wconf 79' lang='lat' dir='ltr'>Requiescoot</span> <span class='ocrx_word' id='word_1_211' title='bbox 682 2255 712 2306; x_wconf 79' lang='lat' dir='ltr'>in</span> <span class='ocrx_word' id='word_1_212' title='bbox 720 2269 798 2322; x_wconf 76' lang='lat' dir='ltr'>pace.</span> <span class='ocrx_word' id='word_1_213' title='bbox 817 2251 905 2322; x_wconf 65' lang='lat' dir='ltr'>(Ru-</span> 
     </span>
     <span class='ocr_line' id='line_1_30' title="bbox 106 2325 905 2395; baseline -0.001 -16"><span class='ocrx_word' id='word_1_214' title='bbox 106 2339 172 2393; x_wconf 87' lang='lat' dir='ltr'>pore</span> <span class='ocrx_word' id='word_1_215' title='bbox 190 2326 319 2395; x_wconf 81' lang='lat' dir='ltr'>paschali,</span> <span class='ocrx_word' id='word_1_216' title='bbox 338 2325 390 2379; x_wconf 90' lang='lat' dir='ltr'>hoc</span> <span class='ocrx_word' id='word_1_217' title='bbox 408 2333 450 2380; x_wconf 89' lang='lat' dir='ltr'>est</span> <span class='ocrx_word' id='word_1_218' title='bbox 469 2325 583 2378; x_wconf 89' lang='lat' dir='ltr'>aMissa</span> <span class='ocrx_word' id='word_1_219' title='bbox 598 2325 708 2378; x_wconf 85' lang='lat' dir='ltr'>Sabbati</span> <span class='ocrx_word' id='word_1_220' title='bbox 726 2325 905 2391; x_wconf 80' lang='lat' dir='ltr'>sanctiusque</span> 
     </span>
     <span class='ocr_line' id='line_1_31' title="bbox 109 2395 905 2465; baseline -0.003 -15"><span class='ocrx_word' id='word_1_221' title='bbox 109 2395 142 2450; x_wconf 83' lang='lat' dir='ltr'>ud</span> <span class='ocrx_word' id='word_1_222' title='bbox 168 2395 314 2451; x_wconf 86' lang='lat' dir='ltr'>Sabbatum</span> <span class='ocrx_word' id='word_1_223' title='bbox 341 2397 368 2449; x_wconf 91' lang='lat' dir='ltr'>in</span> <span class='ocrx_word' id='word_1_224' title='bbox 393 2396 469 2451; x_wconf 86' lang='lat' dir='ltr'>Albis</span> <span class='ocrx_word' id='word_1_225' title='bbox 496 2396 638 2450; x_wconf 88' lang='lat' dir='ltr'>inclusive:</span> <span class='ocrx_word' id='word_1_226' title='bbox 664 2396 720 2465; x_wconf 82' lang='lat' dir='ltr'>Ile,</span> <span class='ocrx_word' id='word_1_227' title='bbox 744 2396 834 2449; x_wconf 83' lang='lat' dir='ltr'>Misso</span> <span class='ocrx_word' id='word_1_228' title='bbox 859 2401 905 2462; x_wconf 83' lang='lat' dir='ltr'>est,</span> 
     </span>
     <span class='ocr_line' id='line_1_32' title="bbox 108 2467 937 2535; baseline -0.005 -14"><span class='ocrx_word' id='word_1_229' title='bbox 108 2467 234 2535; x_wconf 78' lang='lat' dir='ltr'>Alleluia,</span> <span class='ocrx_word' id='word_1_230' title='bbox 252 2468 392 2535; x_wconf 80' lang='lat' dir='ltr'>Alleluia.)</span> <span class='ocrx_word' id='word_1_231' title='bbox 931 2475 937 2492; x_wconf 88' lang='lat'><strong><em>¹</em></strong></span> 
     </span>
     <span class='ocr_line' id='line_1_33' title="bbox 143 2535 905 2607; baseline -0.003 -15"><span class='ocrx_word' id='word_1_232' title='bbox 143 2538 174 2592; x_wconf 92' lang='lat' dir='ltr'>In</span> <span class='ocrx_word' id='word_1_233' title='bbox 193 2538 319 2607; x_wconf 78' lang='lat' dir='ltr'>Quadrog</span> <span class='ocrx_word' id='word_1_234' title='bbox 321 2539 403 2594; x_wconf 89' lang='lat' dir='ltr'>esima</span> <span class='ocrx_word' id='word_1_235' title='bbox 421 2545 509 2592; x_wconf 87' lang='lat' dir='ltr'>autem</span> <span class='ocrx_word' id='word_1_236' title='bbox 529 2553 545 2591; x_wconf 87' lang='lat' dir='ltr'>a</span> <span class='ocrx_word' id='word_1_237' title='bbox 562 2535 630 2591; x_wconf 88' lang='lat' dir='ltr'>feria</span> <span class='ocrx_word' id='word_1_238' title='bbox 647 2536 693 2594; x_wconf 84' lang='lat' dir='ltr'>IV.</span> <span class='ocrx_word' id='word_1_239' title='bbox 720 2536 844 2590; x_wconf 72' lang='lat' dir='ltr'>cinerum</span> <span class='ocrx_word' id='word_1_240' title='bbox 862 2551 905 2590; x_wconf 87' lang='lat' dir='ltr'>us-</span> 
     </span>
     <span class='ocr_line' id='line_1_34' title="bbox 110 2604 906 2676; baseline -0.004 -13"><span class='ocrx_word' id='word_1_241' title='bbox 110 2624 161 2676; x_wconf 87' lang='lat' dir='ltr'>que</span> <span class='ocrx_word' id='word_1_242' title='bbox 187 2609 222 2664; x_wconf 87' lang='lat' dir='ltr'>ad</span> <span class='ocrx_word' id='word_1_243' title='bbox 244 2609 337 2666; x_wconf 83' lang='lat' dir='ltr'>feriam</span> <span class='ocrx_word' id='word_1_244' title='bbox 358 2609 405 2664; x_wconf 84' lang='lat' dir='ltr'>IV</span> <span class='ocrx_word' id='word_1_245' title='bbox 430 2609 538 2664; x_wconf 86' lang='lat' dir='ltr'>maioris</span> <span class='ocrx_word' id='word_1_246' title='bbox 561 2606 777 2664; x_wconf 78' lang='lat' dir='ltr'>hebdomadae</span> <span class='ocrx_word' id='word_1_247' title='bbox 769 2624 797 2660; x_wconf 91' lang='grc' dir='ltr'>ιιι</span> <span class='ocrx_word' id='word_1_248' title='bbox 818 2604 906 2660; x_wconf 86' lang='lat' dir='ltr'>feriali</span> 
     </span>
     <span class='ocr_line' id='line_1_35' title="bbox 110 2677 905 2750; baseline -0.008 -15"><span class='ocrx_word' id='word_1_249' title='bbox 110 2679 196 2736; x_wconf 90' lang='lat' dir='ltr'>officio</span> <span class='ocrx_word' id='word_1_250' title='bbox 214 2689 358 2750; x_wconf 82' lang='lat' dir='ltr'>postquam</span> <span class='ocrx_word' id='word_1_251' title='bbox 376 2680 513 2735; x_wconf 87' lang='lat' dir='ltr'>celebrans</span> <span class='ocrx_word' id='word_1_252' title='bbox 524 2679 590 2734; x_wconf 89' lang='lat' dir='ltr'>dixit</span> <span class='ocrx_word' id='word_1_253' title='bbox 604 2679 744 2734; x_wconf 87' lang='lat' dir='ltr'>Orationes</span> <span class='ocrx_word' id='word_1_254' title='bbox 758 2685 820 2747; x_wconf 86' lang='lat' dir='ltr'>post</span> <span class='ocrx_word' id='word_1_255' title='bbox 829 2677 905 2730; x_wconf 80' lang='lat' dir='ltr'>Gom-</span> 
     </span>
     <span class='ocr_line' id='line_1_36' title="bbox 109 2751 906 2815; baseline -0.006 -10"><span class='ocrx_word' id='word_1_256' title='bbox 109 2752 259 2806; x_wconf 89' lang='lat' dir='ltr'>munionem</span> <span class='ocrx_word' id='word_1_257' title='bbox 278 2769 337 2807; x_wconf 90' lang='lat' dir='ltr'>cum</span> <span class='ocrx_word' id='word_1_258' title='bbox 352 2753 406 2808; x_wconf 87' lang='lat' dir='ltr'>suis</span> <span class='ocrx_word' id='word_1_259' title='bbox 419 2752 504 2806; x_wconf 89' lang='lat' dir='ltr'>solitis</span> <span class='ocrx_word' id='word_1_260' title='bbox 523 2751 744 2815; x_wconf 80' lang='lat' dir='ltr'>conclusionibus,</span> <span class='ocrx_word' id='word_1_261' title='bbox 763 2755 906 2814; x_wconf 86' lang='lat' dir='ltr'>antequam</span> 
     </span>
     <span class='ocr_line' id='line_1_37' title="bbox 110 2819 905 2889; baseline -0.009 -12"><span class='ocrx_word' id='word_1_262' title='bbox 110 2821 194 2878; x_wconf 89' lang='lat' dir='ltr'>dicat:</span> <span class='ocrx_word' id='word_1_263' title='bbox 213 2823 348 2878; x_wconf 81' lang='lat' dir='ltr'>Dominus</span> <span class='ocrx_word' id='word_1_264' title='bbox 365 2823 507 2889; x_wconf 66' lang='lat' dir='ltr'>uobiscum,</span> <span class='ocrx_word' id='word_1_265' title='bbox 527 2830 601 2878; x_wconf 87' lang='lat' dir='ltr'>stans</span> <span class='ocrx_word' id='word_1_266' title='bbox 618 2823 646 2876; x_wconf 89' lang='grc' dir='ltr'>ιιι</span> <span class='ocrx_word' id='word_1_267' title='bbox 664 2819 758 2875; x_wconf 87' lang='lat' dir='ltr'>eodem</span> <span class='ocrx_word' id='word_1_268' title='bbox 770 2819 829 2874; x_wconf 94' lang='lat' dir='ltr'>loco</span> <span class='ocrx_word' id='word_1_269' title='bbox 843 2824 905 2871; x_wconf 84' lang='lat' dir='ltr'>ante</span> 
     </span>
    </p>
   </div>
   <div class='ocr_carea' id='block_1_4' title="bbox 0 0 1074 3230">
    <p class='ocr_par' dir='ltr' id='par_1_4' title="bbox 0 0 1074 3230">
     <span class='ocr_line' id='line_1_38' title="bbox 0 0 1074 3230; baseline 0 0"><span class='ocrx_word' id='word_1_270' title='bbox 0 0 1074 3230; x_wconf 95' lang='lat' dir='ltr'> </span> 
     </span>
    </p>
   </div>
  </div>
 </body>
</html>
