2106 3228
382 175 454 216 ludex
467 176 569 226 capitum.
636 160 639 182 ¹

123 279 191 334 vovit
203 280 306 363 ingredi
315 281 477 364 todgionem
490 281 658 364 strictiorem,
676 286 707 334 ut
719 281 805 349 possit
840 240 854 269 ι
870 261 876 274 ’

93 351 667 492 Ὲοέῧξοζεὲἱάἕθέεᾞὲϋὲῗὲῇᾛ
683 391 805 493 coniuge}
822 353 875 408 ⁸19

123 507 184 560 quac
196 495 271 549 vovit
282 501 521 564 nunquampetere
535 494 653 549 debitum
666 494 805 562 coniugale
822 496 875 550 820

94 562 207 619 Fornula
223 566 426 635 supplicationis
444 581 494 635 pro
508 565 706 635 dispensatione
725 579 806 634 super

124 637 367 702 proclamationibus
386 636 530 692 obtinenda
569 675 805 693 ......
823 637 876 694 820

94 703 208 762 Fornula
224 709 334 777 petendi
352 709 491 764 consilium
509 709 543 762 ab
557 707 698 762 Ordinan‘o
717 707 807 774 quoad

123 778 217 848 viduos,
235 781 281 847 qui
299 795 355 834 non
372 788 487 848 possunt
500 778 595 834 afferre
610 787 711 834 certum
728 779 804 834 testi·

121 851 227 904 nonium
246 851 279 905 de
297 857 385 905 morto
404 851 501 919 prioris
520 851 665 918 coniugis.
703 889 711 905 .
749 889 757 905 .
794 850 875 907 ,820

90 915 204 976 Fornuls
220 921 332 990 petendi
350 922 490 977 consilium
507 921 541 976 ab
555 920 697 976 Ordinatio
715 920 805 989 quoad
822 993 874 1048 821

89 1007 489 1132 titillatus-ittam
506 1033 541 1118 at
554 1032 803 1132 tractus:

118 1135 163 1189 ctis
175 1135 432 1203 proclamationibus
451 1134 621 1190 denuntietur
634 1133 744 1202 aliquod
756 1134 804 1188 im-
828 1149 861 1204 ο

117 1205 296 1272 pedimentum
343 1244 804 1262 ...........
822 1205 873 1259 821

87 1271 204 1331 Fornula
221 1276 428 1346 supplicationis
443 1292 493 1345 pro
507 1277 706 1346 dispensatione
724 1291 806 1345 super

117 1353 231 1417 tompore
251 1349 346 1404 clauso
365 1347 509 1402 obtinenda
527 1386 806 1405 .......
822 1348 875 1401 822

89 1414 206 1474 Formnla
220 1419 426 1488 supplicationis
445 1434 494 1488 pro
512 1418 711 1487 dispensatione
724 1433 806 1488 super

117 1487 303 1559 impedimento
321 1491 423 1544 mutae
441 1490 577 1558 religionis
595 1488 760 1544 obtinenda.
797 1528 804 1545 .
823 1491 876 1544 823

89 1557 207 1617 Fornula
225 1561 349 1630 petendi
373 1561 598 1630 dispensationem
616 1576 633 1614 a
649 1561 762 1616 Datan'a
778 1561 806 1614 in

121 1629 201 1688 lorma
219 1633 360 1688 ordinaria
384 1647 466 1701 supcr
485 1631 675 1702 impedimento
699 1631 806 1699 publico
823 1633 877 1686 828

87 1698 205 1759 Fornula
229 1703 344 1773 petendi
366 1704 591 1772 dispensationem
610 1719 627 1757 a
643 1703 757 1758 Dataria
778 1702 806 1756 iu

119 1772 199 1830 torma
216 1791 371 1845 pauperum
396 1790 477 1844 super
495 1773 684 1844 impedimento
701 1773 807 1842 publico

120 1853 146 1899 ct
160 1848 266 1902 notorio
299 1883 805 1902 ............
824 1845 878 1899 824

86 1911 206 1972 Fornula
221 1916 336 1987 petendi
356 1915 581 1985 dispensationem
599 1931 616 1971 a
632 1915 746 1971 Dataria
762 1931 805 1970 su·

118 1989 374 2126 &impedimento
388 1989 493 2043 notorio
509 1988 539 2042 in
557 1987 673 2043 secundo
688 1994 715 2042 ct
727 1987 807 2042 tertio
824 2059 842 2112 8
861 2059 877 2112 5

179 2076 197 2113 u
250 2097 806 2116 .............
843 2061 859 2112 2

90 2125 207 2185 Fas-nuda
229 2130 344 2200 petendi
369 2129 593 2199 dispensationem
616 2145 667 2198 pro
690 2128 750 2183 foro
767 2128 806 2182 in·

121 2207 192 2256 terno
211 2218 296 2271 super
320 2200 510 2270 impedimento
536 2200 639 2256 occulto
663 2199 698 2254 ad
715 2199 823 2254 Matri·

120 2273 233 2328 monium
251 2270 466 2328 contrahendum
484 2309 806 2327 ........
825 2272 881 2325 826

91 2336 208 2399 Fornula
225 2342 339 2414 petendi
358 2343 391 2397 ab
405 2343 542 2411 Episcopo
559 2340 713 2398 facultatem
730 2342 807 2398 resti·

120 2414 206 2469 mendi
223 2417 268 2471 ius
286 2413 398 2484 petendi
415 2413 534 2468 debitum
551 2413 689 2482 coniugale
708 2453 716 2469 .
754 2453 761 2468 .
799 2452 807 2469 .
825 2413 879 2466 826

90 2478 207 2540 Fornula
231 2485 345 2555 petendi
368 2485 592 2554 dispensationem
611 2500 628 2538 a
645 2499 723 2540 sacra
739 2483 808 2538 Poc-

118 2555 268 2682 maria
296 2555 722 2682 superminispedimgnwttttmtltccolto
746 2561 809 2624 post
826 2625 880 2678 827

224 2644 381 2684 omummv
436 2643 521 2682 eon

89 2691 207 2754 Formula
232 2699 346 2768 petendi
373 2698 599 2768 dispensationem
625 2697 653 2752 in
678 2695 739 2751 foro
764 2711 810 2750 ex·

119 2773 191 2825 tuno
216 2771 251 2826 ab
269 2772 409 2840 Episcopo
431 2769 476 2824 vel
493 2768 595 2824 Nuntio
620 2768 655 2823 ad
672 2767 810 2822 Mattimo·

119 2837 187 2896 nium
204 2840 418 2899 conuahondnm
435 2881 444 2896 .
469 2851 471 2856 '
481 2873 810 2895 ........
829 2834 882 2888 827
