2124 3230
9 213 16 304 i

383 183 415 224 Da
429 185 504 226 ulau·
516 186 604 226 votivis.
853 185 895 230 275

9 307 11 334 r
88 286 140 342 etis
159 293 212 345 ete.
231 288 293 342 loco
311 287 439 344 Introitus
449 288 626 343 &adeamus
635 288 746 344 sumitur
764 289 797 344 de
816 291 894 347 Com·

87 359 179 412 muni:
205 359 359 427 Loqueba'r,
386 358 511 429 eoquat,
530 359 707 428 Sapientiam.

91 473 105 484 ,
126 429 161 483 ln
179 429 272 485 Missis
290 430 389 485 votivis
412 431 465 487 Ss·
479 429 574 487 cordis
592 432 668 499 lesu,
692 437 770 485 antra
788 438 894 501 tempus

9 541 10 546 κ
90 501 223 568 paschale
252 500 401 570 celebratis,
431 502 459 555 in
484 503 599 556 Introitu
624 502 683 557 tolli
715 501 814 558 debent
840 503 893 559 duo

88 572 214 626 Alleluia
233 571 273 638 (S.
291 572 326 626 R.
347 572 375 628 0.
394 577 435 628 16.
455 573 528 642 Sept.
545 576 644 641 1865).

125 641 159 711 h)
177 643 264 697 Missa
282 645 407 698 votiva
432 645 606 700 solemnis
625 645 893 700 cantaturcumGlo·

87 714 135 767 ria
144 715 165 783 ι)
185 719 214 768 et
233 714 357 784 (iream).
378 715 406 770 Si
419 730 484 771 vero
498 716 648 772 celebretur
660 716 688 769 in
702 716 792 772 colore
809 718 894 770 aiala

88 801 143 854 ceo,
168 785 299 839 omittitur
324 785 427 857 Gloria,
454 794 482 841 et
507 787 593 842 oria
618 787 715 842 dieitur
738 794 842 843 tautum
866 789 894 842 in

87 855 240 911 Dominicis
260 857 301 922 (S.
320 856 354 912 R.
376 857 403 912 O.
422 861 465 914 19.
482 858 557 912 Mati
573 861 675 927 1607).

124 929 159 982 In
184 928 306 983 omnibus
329 928 421 984 Missis
445 930 542 984 votivis
565 930 794 999 solemnibus,
820 945 890 997 quae

87 1015 140 1068 pro
159 1013 190 1054 re
209 1000 293 1068 gravi,
312 1000 354 1054 vel
369 1000 403 1054 ob
414 1016 553 1056 oaaursum
566 1000 628 1056 festi
638 1002 763 1056 solemnis
773 1001 801 1054 in
811 1002 890 1056 uliam

88 1069 162 1124 diem
181 1070 361 1124 transterendi
379 1067 556 1140 celebrantui,
573 1074 658 1127 aaiea
674 1079 778 1128 tantum
796 1071 890 1128 Oratio

87 1141 206 1196 dicenda
224 1149 272 1210 est,
292 1142 419 1196 etsihaee
432 1158 486 1196 una
498 1150 601 1198 tautum
609 1144 695 1198 Missa
708 1145 736 1198 in
754 1159 788 1198 ea
805 1145 889 1199 ecele-

89 1213 132 1267 sia
151 1218 282 1280 eaatetar,
309 1213 451 1268 dummodo
469 1213 554 1269 Missa
580 1215 734 1284 principalis
760 1230 808 1270 seu
827 1231 889 1270 aon·

88 1284 226 1338 veutualis
253 1284 286 1338 de
306 1284 397 1339 Officio
417 1285 478 1354 diei,
508 1286 602 1340 saltem
627 1287 683 1342 sine
709 1293 797 1353 cantu,
821 1287 890 1341 eele-

88 1355 169 1409 brata
194 1353 282 1424 iussit,
306 1358 329 1411 si
356 1364 451 1424 agatur
476 1355 508 1410 de
533 1357 685 1412 Dominicis
709 1364 736 1412 et
760 1357 837 1412 iestis
856 1357 889 1412 de

84 1432 233 1495 procoma
252 1433 298 1481 aut
316 1427 349 1482 de
367 1427 443 1482 festis
460 1428 501 1481 ΙΙ.
521 1428 552 1481 et.

127 1498 165 1552 Ia
177 1513 244 1552 caea
256 1513 330 1568 vero,
350 1514 403 1566 quo
413 1513 447 1553 ex
460 1498 566 1553 Indulto
581 1499 737 1568 apostolico,
755 1500 783 1553 in
796 1499 890 1552 Domi·

89 1569 154 1622 alea
172 1583 227 1622 una
237 1568 323 1624 Missa
340 1570 441 1624 cantari
449 1577 540 1638 potest
554 1569 587 1624 de
602 1569 680 1638 festo,
695 1585 718 1623 e.
728 1586 753 1638 g.
764 1569 798 1624 de
811 1569 889 1624 titulo

90 1638 258 1710 acclamet),
286 1640 375 1708 quoad
400 1649 536 1695 externam
556 1641 751 1696 solemnitatem
769 1641 804 1695 ad
820 1640 890 1694 hane

90 1710 259 1766 Dominicam
276 1712 414 1782 translato,
433 1718 458 1766 et
474 1713 543 1766 haee
555 1711 641 1767 Missa
658 1713 742 1766 aaioa
759 1712 801 1780 sit,
820 1725 889 1777 quaa

91 1797 124 1837 eo
143 1782 187 1837 die
205 1783 234 1836 iu
252 1783 342 1850 aliqua
360 1783 473 1840 ecelesia
491 1783 650 1852 celebratur,
669 1782 732 1837 addi
749 1783 777 1836 in
796 1781 890 1836 eadem

90 1851 170 1908 debet
188 1855 404 1909 commemoratio
417 1854 480 1910 festi
490 1854 602 1924 duplicis
616 1853 730 1910 forsitan
748 1868 888 1908 occurren·

88 1925 123 1980 tis
141 1933 169 1979 et
186 1925 351 1991 Dominieae.
421 1989 423 1996 ‚

127 1995 156 2050 Si
174 1997 242 2052 alias
261 1996 294 2051 ab
308 1997 465 2065 Apostolioa
479 1996 549 2052 Sede
568 1996 677 2050 laetalia
694 1994 776 2050 fuerit
792 1995 820 2048 iu
835 1994 888 2049 die·

89 2065 139 2122 bus
163 2083 218 2122 non
242 2069 360 2137 exceptis
381 2068 525 2123 celebratio
554 2068 655 2122 Missae
678 2066 723 2122 vel
745 2066 889 2122 Missurum

107 2207 129 2259 1)
143 2209 234 2256 wando
253 2209 276 2247 in
294 2209 364 2248 Missa
378 2209 451 2247 votiva
465 2207 545 2247 dieitur
563 2207 638 2247 Gloria
651 2209 674 2246 ot
687 2205 759 2254 oredo,
776 2215 889 2254 uunquam

146 2285 160 2314 ι
174 2275 234 2313 olera
248 2273 271 2312 ln
285 2273 354 2312 choro
374 2271 529 2314 adorationes
548 2271 708 2322 genuflectimus.
734 2271 765 2323 (6.
779 2271 804 2313 Β.
819 2270 840 2313 0.
855 2269 888 2310 16.

142 2339 282 2390 11661661.)

105 2403 126 2459 ¹)
139 2408 213 2448 Etiam
228 2407 247 2446 sl
265 2407 351 2446 dicatur
370 2417 411 2454 pro
429 2417 453 2446 re
473 2399 535 2455 aravi
555 2406 582 2446 do
595 2405 681 2453 sanem,
702 2405 764 2444 ouius
782 2403 852 2443 Misso
865 2403 889 2444 tu

143 2474 192 2522 ipso
206 2473 255 2512 alus
269 2473 326 2512 festo
340 2472 376 2511 dia
383 2484 425 2512 aaa
437 2471 506 2511 habet
516 2471 588 2512 Credo.
603 2471 633 2518 (S.
644 2471 670 2511 R.
680 2470 702 2510 6.
713 2469 746 2509 16.
756 2470 810 2519 aaa.
820 2467 889 2517 1667.)

105 2536 127 2591 ³)
139 2541 189 2581 Mon
203 2540 353 2589 permittatur,
373 2539 399 2576 ut
413 2537 494 2577 Missae
508 2537 596 2576 votivos
609 2535 739 2585 quandoque
753 2545 802 2574 oum
816 2533 890 2574 Gloria

143 2607 165 2644 et
179 2605 246 2644 Grada
260 2604 286 2642 tla
300 2603 374 2652 aliquo
388 2603 469 2642 saneto
482 2603 505 2641 in
514 2603 661 2652 protectorem
675 2604 697 2640 et
709 2602 828 2650 patronum
838 2609 889 2639 eou-

143 2670 298 2720 gregariorum
313 2668 383 2708 eleeto
397 2667 545 2715 celebrentur;
568 2665 607 2706 aad
618 2665 770 2706 tautummodo
784 2665 818 2704 die
831 2665 890 2704 tituli

144 2735 292 2786 quorumlibet
306 2735 404 2774 eeclesiae
424 2735 446 2773 at
467 2733 555 2772 aretati
572 2732 654 2782 palliet
673 2732 700 2772 de
713 2730 794 2771 Sancto
807 2732 890 2772 titillari

144 2801 225 2842 Missos
247 2809 296 2839 cum
316 2798 389 2839 Gloria
402 2801 426 2838 et
439 2797 504 2838 Orela
524 2797 668 2837 aolebrentur.
696 2795 725 2844 (6
735 2795 824 2840 1664.
834 2797 889 2846 Aua.

143 2867 213 2918 1⁶⁵7.)
