2124 3230
256 201 323 243 mens
337 202 460 243 celebrandi
471 204 564 244 lllrssm
577 204 695 253 privatam.
837 203 879 248 827

61 300 188 370 ¹adorat),
207 307 236 355 et
250 299 375 371 deinceps
389 304 501 372 pollices
518 311 546 359 et
558 304 660 360 indices
673 321 728 360 non
743 306 877 378 disiungit

72 373 124 427 nisi
142 372 251 440 quando
277 373 392 428 hostiam
417 383 599 431 consecratam
628 383 740 445 tangere
760 379 804 432 vel
822 387 875 433 tra·

74 451 147 498 ctare
167 442 263 511 debet,
289 459 374 511 usque
399 446 433 500 ad
459 447 621 502 ablutionem
646 447 790 516 digitorum
815 458 878 518 post

74 515 302 570 communionem.

109 585 256 641 celebrans
275 585 386 640 adorato
401 586 572 643 Sacramento
591 589 676 658 surgit
695 595 722 644 et
736 589 875 659 discoope-

71 658 108 711 rit
125 657 245 725 calicem,
263 656 291 711 in
310 672 396 726 quem,
422 658 445 712 si
463 675 531 726 opus
557 661 599 728 sit,
626 661 742 729 extergit
768 661 874 733 digitos,

73 728 147 796 quod
164 739 273 796 semper
289 727 385 798 iaciat,
411 729 435 783 si
458 730 566 798 aliquod
589 731 767 800 fragmentum
786 731 876 800 digitis

71 799 228 866 adhaereat,
248 804 277 852 et
294 807 367 854 stans
386 807 491 855 erectus
505 801 583 856 dicit:
603 802 694 857 Simulo·
707 803 787 858 modo
797 809 873 872 port·

72 887 156 940 puam
174 873 316 924 comatum
333 876 379 938 eat,
405 878 432 925 et
451 872 579 928 ambabus
597 874 719 930 manibus
739 875 874 943 accipiens

71 943 183 996 calicem
200 942 277 995 iuxta
290 940 389 995 nodum
406 941 476 996 infra
493 960 614 1014 cuppam,
634 952 662 1000 et
680 946 875 1014 aliquantulum

70 1013 147 1066 illum
166 1013 291 1080 elevans,
316 1028 347 1066 ac
365 1014 455 1067 statim
473 1013 618 1086 deponens,
643 1016 720 1071 dicit:
740 1019 875 1086 comptem

71 1090 97 1138 et
113 1085 188 1138 huno
202 1084 377 1152 praeclarum
395 1085 503 1138 culicem
528 1093 578 1140 etc.
616 1087 682 1141 (lum
707 1088 785 1142 dicit:
812 1090 875 1144 item

70 1155 121 1208 uti
139 1155 248 1224 gratiae
270 1171 360 1224 agens,
387 1165 468 1224 caput
491 1157 614 1226 inclinat3
639 1175 699 1213 cum
718 1159 782 1214 dicit
799 1160 874 1219 bene-

71 1226 163 1294 dr'rcr't„
177 1226 287 1280 sinistra
304 1226 412 1280 culicem
429 1227 499 1280 inira
517 1244 631 1298 cuppam
648 1237 751 1298 tenens,
777 1230 873 1286 dextra

71 1298 162 1366 signat
180 1311 264 1365 super
278 1311 338 1352 eum
352 1303 379 1351 et
392 1313 574 1366 prosequens:
593 1300 719 1369 deditque
733 1301 873 1370 dirupultr

72 1369 131 1422 atta
150 1375 202 1424 etc.
217 1375 246 1422 et
258 1368 387 1422 ambabus
399 1369 522 1424 manibus
538 1378 632 1426 tenens
646 1372 755 1426 calicem
770 1372 874 1441 (parum

73 1439 227 1507 elevatum),
255 1438 380 1493 videlicet
398 1441 505 1495 sinistra
522 1441 634 1512 pedem,
661 1442 757 1498 dextra
774 1443 874 1498 nodum

72 1510 144 1564 infra
162 1525 286 1578 cuppam,
312 1510 406 1566 cubitis
425 1528 507 1580 snper
525 1513 608 1566 altare
626 1513 721 1581 positis
740 1520 768 1567 et
786 1515 873 1583 capite

73 1582 202 1636 inclinato
220 1581 324 1650 profert
342 1588 457 1652 attente,
485 1585 637 1638 continuate
657 1592 684 1638 et
704 1591 815 1652 secreto,
842 1592 873 1639 nt

73 1667 164 1721 supra,
177 1653 263 1706 verba
276 1652 489 1708 Consecrationis
504 1654 658 1723 Sanguinis:
673 1655 729 1709 Htc
748 1661 786 1708 eet
803 1657 873 1710 euim

73 1725 147 1777 colse
165 1731 217 1779 etc.
254 1723 355 1790 Quibus
374 1723 450 1779 dictis
463 1727 571 1792 reponit
588 1727 696 1789 calicem
715 1741 796 1794 super
814 1742 871 1780 cor-

72 1795 168 1862 porale
188 1802 216 1848 et
234 1793 324 1849 dicans
342 1802 460 1850 secreto:
482 1797 562 1851 Haec
575 1799 788 1866 quotiescumque
804 1797 872 1864 sece-

73 1867 135 1920 ritia
154 1872 206 1922 stc
234 1865 390 1933 genuflexus
409 1867 570 1934 Sanguinem
587 1875 743 1922 reverenter
769 1867 872 1924 adorat.

73 1936 151 1990 Tunc
169 1950 199 1991 se
218 1937 311 2006 erigit,
336 1943 363 1992 et
381 1938 514 2006 accipiens
542 1940 650 1994 calicem
675 1939 872 2009 discoopertum

74 2023 134 2061 cum
154 2008 290 2075 Sanguine
315 2007 443 2064 ambabus
460 2011 594 2079 manibus,
621 2018 652 2065 ut
669 2012 757 2080 prins,
784 2012 873 2067 elevat

74 2092 143 2148 enm,
169 2087 197 2134 et
216 2086 341 2148 erectum,
363 2088 491 2147 quantum
509 2081 647 2136 commode
664 2089 763 2151 potest,
783 2089 871 2137 osten-

75 2148 114 2204 dit
130 2150 232 2219 populo
251 2149 431 2219 adorandum
458 2167 521 2206 mox
538 2153 626 2220 ipsum
650 2160 806 2208 reverenter
828 2169 870 2208 re·

74 2223 150 2288 ponit
168 2237 251 2289 super
268 2222 408 2289 corporale
425 2223 453 2276 iu
470 2223 559 2278 locum
579 2225 727 2293 pristinum,
747 2231 774 2280 et
792 2241 871 2279 mauu

74 2291 170 2346 dextra
192 2292 266 2360 palla
288 2293 410 2361 cooperit
433 2309 464 2347 ao
487 2293 645 2362 genuflexus
669 2295 871 2351 Sacramentum

73 2370 218 2418 veneratur
236 2363 341 2432 (iterum
361 2363 472 2433 adorat).

108 2437 134 2489 9.
170 2434 220 2489 De
259 2435 398 2489 Ganone
438 2444 520 2503 post
556 2435 871 2491 Consecrationem

73 2520 183 2572 usque
203 2504 242 2560 ad
261 2504 465 2560 Orationem
482 2507 709 2561 Dominicam.
740 2507 871 2576 Reposito

72 2575 155 2630 calice
173 2583 201 2631 et
219 2576 331 2632 adorato
345 2576 471 2632 sacerdos
491 2585 564 2634 stans
579 2585 640 2632 ante
655 2577 740 2632 altare
754 2577 872 2632 extensis

123 2685 189 2737 (lbid.
204 2683 246 2736 6,),
270 2688 292 2726 at
313 2686 400 2726 nonnisi
419 2687 469 2734 post
489 2687 635 2736 sumptionem
650 2685 684 2730 SS.
699 2686 835 2727 sacramenti
848 2683 873 2724 in

123 2751 291 2791 tabernaculum
304 2751 380 2790 lniarrl
394 2753 494 2800 possunt.
511 2749 534 2791 Sl
547 2751 634 2792 hostiae
643 2754 739 2791 minores
750 2761 816 2801 super
825 2760 873 2789 cor·

124 2818 201 2867 potale
215 2820 356 2858 consacratae
374 2821 436 2866 sunt,
460 2818 541 2858 ibidem
559 2818 715 2866 relinquendae
733 2820 786 2856 sunt
803 2825 873 2864 nsque

124 2882 177 2922 dnm
190 2882 303 2923 celebrans
317 2884 491 2932 communicavlt
520 2883 573 2934 (Otr.
588 2883 615 2922 de
629 2883 700 2922 Herdt
714 2879 734 2925 1.
748 2878 805 2931 tlt.)
