2128 3228
166 163 207 208 756
318 165 351 206 De
365 165 495 214 quibusdam
506 165 557 204 allis
571 165 708 204 sacerdotum
722 164 806 209 ciliciis.

166 266 272 336 quenti:
301 266 413 320 clericus
439 281 497 319 cum
516 265 606 334 granis
623 265 725 320 incensi
743 280 760 319 a
777 264 912 334 dexteris,
942 272 970 321 et

165 337 353 393 thuriferarius
372 353 389 390 a
407 337 537 404 sinistris,
554 337 650 392 tertius
664 336 775 392 clericos
794 352 855 390 cum
873 351 971 405 oruce;

168 409 306 464 celebrans
325 424 384 462 cum
403 407 548 476 arundine,
577 415 604 462 et
627 406 758 462 secundus
776 406 891 462 clericus
910 423 972 462 cum

166 482 290 535 lanterna
315 495 331 533 a
356 479 469 533 sinistris
494 479 560 532 eius.
599 480 642 544 lb)
669 478 764 532 Clerici
790 494 849 532 cum
868 482 972 548 grania

166 550 304 607 thuribulo
323 557 350 603 et
364 564 441 604 cruce
459 549 644 617 ingrediuntur
662 549 808 618 eeclesiam,
829 555 857 603 et
870 550 973 604 sistunt

167 621 274 691 quando
293 620 431 675 celebrans
449 621 586 688 ingressus
604 619 685 674 fuerit
702 620 809 674 ianuam
827 620 972 677 ecclesiae.

170 694 213 764 16)
233 691 378 746 Celebrans
405 691 541 759 ingressus
566 692 705 746 ecclesiam
728 691 837 746 inclinat
862 691 974 746 arundi-

168 779 237 833 nem,
258 771 285 818 et
303 777 416 818 accensa
434 777 468 815 ex
487 763 609 816 lanterna
626 777 728 816 unser
745 762 832 818 tribus
850 761 974 818 candelis

168 851 218 906 per
236 834 381 890 secundum
399 834 531 902 clericum,
550 832 712 903 genuflectit,
731 832 973 901 genuflectentibus

170 906 305 972 omnibus,
334 912 447 972 excepto
465 911 568 958 tantuna
591 903 688 959 clerico
712 911 836 973 portante
855 920 972 959 crucem.

170 978 213 1046 17)
233 976 378 1031 Celebrana
396 973 562 1044 genuflexus,
586 975 658 1029 clara
675 991 742 1030 voce
761 975 838 1030 dicit:
864 975 973 1030 Lumen

172 1048 287 1115 Oenea
297 1047 316 1116 ¹)
334 1054 390 1101 tum
405 1047 497 1115 surgit,
512 1047 681 1115 surgentibus
695 1047 825 1116 omnibus,
840 1053 868 1100 et
882 1047 973 1102 clerici

168 1117 344 1187 respondent:
362 1117 422 1171 Deo
439 1119 552 1188 orabas.
591 1117 634 1242 18³
652 1117 811 1172 Proceditur
828 1133 918 1185 usque
938 1117 972 1172 ad

169 1189 284 1244 medium
303 1188 441 1257 ecclesiae,
469 1189 515 1243 ubi
534 1204 615 1243 secun
634 1205 650 1243 ο
669 1187 737 1243 fiunt
754 1188 852 1254 omnia,
877 1196 910 1242 ut
928 1205 972 1244 au·
1048 1241 1049 1256 ,

169 1276 227 1329 pra,
242 1265 356 1314 accensa
369 1260 487 1314 secunda
500 1259 625 1329 candela3
638 1266 748 1328 praeter
760 1259 972 1314 modulationem

169 1332 251 1400 vocis,
271 1345 340 1398 quae
358 1331 414 1384 alta
432 1345 491 1386 esse
510 1331 598 1385 debet.
627 1331 669 1400 19)
685 1330 843 1385 Proceditur
860 1330 972 1386 tandem

170 1409 232 1457 ante
252 1401 350 1470 gradus
369 1402 470 1470 altana,
489 1409 517 1456 et
530 1417 642 1456 aceensa
655 1403 735 1457 tertia
753 1401 873 1470 candela,
888 1402 972 1458 tertio

148 1469 237 1530 ‘fiunt
256 1481 317 1528 ante
337 1473 408 1526 dicta
425 1487 484 1526 cum
502 1473 591 1526 altiori
609 1485 684 1530 voce.

205 1549 274 1602 Art.
292 1547 320 1603 3.
356 1546 404 1596 De
422 1543 641 1596 benedictione
661 1547 751 1598 cerei.
784 1543 809 1612 1)
826 1543 971 1612 Responae

169 1633 219 1685 pro
238 1615 319 1671 tertia
336 1615 403 1683 vice,
421 1621 485 1682 post
501 1615 607 1668 Lumen
622 1613 734 1682 wenni,
753 1629 770 1668 a
788 1614 892 1669 clericis
912 1615 974 1669 Deo

169 1689 288 1758 cratiae,
317 1692 429 1754 surgunt
447 1701 547 1755 omnes,
575 1693 603 1739 et
620 1684 736 1740 formant
752 1691 854 1739 rectam
870 1685 971 1739 lineam

171 1776 231 1814 oum
250 1757 401 1813 celebrante
418 1756 446 1809 in
464 1756 552 1811 medio
571 1771 664 1810 eorum
682 1763 744 1812 ante
763 1757 857 1810 altere.
876 1756 904 1826 2)
924 1756 972 1810 Se·

169 1830 270 1885 condus
297 1828 407 1882 clericus
435 1827 576 1898 secedens,
588 1826 699 1895 deponit
721 1828 870 1882 lanternam
889 1842 973 1896 super

168 1901 347 1969 credentiam,
376 1906 404 1953 et
427 1899 524 1966 accipit
547 1897 659 1953 Missnle
682 1914 732 1967 pro
750 1898 917 1967 Praeconic,
945 1904 974 1953 et

167 1970 251 2026 tradit
267 1970 335 2025 illud
353 1969 507 2038 celebranti,
539 1971 585 2036 qui
602 1969 720 2024 vicissim
738 1968 785 2024 dat
802 1969 841 2023 illi
860 1967 969 2024 arundi-

167 2041 267 2110 nem.2)
305 2043 332 2109 3)
358 2040 504 2096 Celebrans
527 2047 622 2095 tenera
648 2040 761 2096 Missale
786 2041 814 2094 in
840 2040 974 2108 mambre,

169 2111 323 2182 genuflectit
336 2111 364 2165 in
377 2110 467 2166 infimo
481 2111 568 2180 gradu
582 2111 683 2181 altaris,
698 2120 725 2168 et
740 2127 794 2167 uon
806 2112 972 2180 praemisso:

165 2209 321 2222 *-

183 2241 204 2294 1)
220 2241 262 2284 Pro
275 2238 373 2284 atolaaiia
386 2238 512 2283 maioribus:
526 2242 546 2282 8.
561 2243 587 2282 Β.
603 2242 626 2283 0.
640 2242 778 2292 interrogata
791 2245 866 2282 utrum
879 2243 971 2291 probari

221 2310 293 2360 possit
306 2320 359 2350 uaua
373 2308 486 2349 obeundae
500 2309 523 2349 in
537 2308 634 2350 sabbato
654 2310 732 2348 sancto
745 2308 904 2348 benedictionis
919 2307 973 2348 novi

221 2376 279 2425 ignis
294 2378 316 2415 at
330 2375 414 2416 incensi
434 2376 462 2415 ab
476 2375 521 2414 ello
535 2375 661 2424 secerdote,
681 2375 733 2416 licet
745 2375 838 2416 Missam
856 2385 901 2414 uon
916 2375 972 2416 ocia·

221 2442 326 2489 braturo;
347 2443 369 2480 ot
382 2441 458 2480 deinde
477 2440 595 2480 abeodem
615 2439 765 2480 diaconalibus
779 2440 877 2479 vestibus
892 2439 972 2480 induto

220 2508 351 2548 deferendae
365 2507 478 2547 arundinis
492 2507 570 2546 umes
585 2506 674 2556 ebriat,
695 2508 717 2546 et
735 2505 826 2546 canendi
847 2505 973 2554 Praeconii,

222 2574 264 2613 etsi
278 2573 300 2613 in
315 2573 455 2622 subsequenti
470 2571 546 2612 Oiflclo
561 2573 583 2612 at
596 2572 666 2613 illesa
679 2573 727 2621 ipse
740 2572 859 2611 celebranti
873 2581 918 2610 uon
933 2580 969 2610 aa·

222 2639 303 2679 sistati
318 2639 353 2678 dle
367 2635 399 2682 2⁷.
414 2639 468 2682 Nor.
476 2635 543 2682 ·1881.
557 2639 681 2688 raspcudlt:
697 2639 824 2689 affirmative
836 2638 866 2678 ad
877 2639 971 2689 prim

219 2708 315 2754 partem
329 2704 422 2752 myctica
436 2703 464 2743 od
478 2703 588 2744 amdam
599 2709 688 2755 panesa

184 2766 206 2820 ¹)
220 2771 310 2809 arundo
323 2769 525 2817 ‚numanati-tutu·
534 2771 717 2822 expletaflabbatl
725 2771 796 2811 sanati
804 2769 973 2819 martianopoat

221 2836 314 2876 Missam
326 2837 459 2876 remoranda
473 2839 508 2877 est
524 2837 553 2877 ab
568 2836 668 2878 eeclesia
683 2835 713 2889 (Β.
724 2836 749 2881 Β.
760 2835 782 2880 0.
796 2835 816 2877 i.
832 2835 883 2876 Dsa
898 2831 972 2884 reu.)
