2152 3234
163 191 204 236 tit
341 195 374 235 De
387 195 579 236 decrementorum
592 194 791 235 administratione.

200 297 268 353 item
293 297 451 354 anctoritate
477 297 635 367 apostolica
658 297 711 368 (vel
734 295 968 366 Archiepisoopali

164 370 209 424 vel
226 369 390 439 Episcopali)
415 369 480 423 mihi
505 369 656 438 specialiter
680 369 803 438 delegata
826 368 876 422 tibi
901 375 967 424 vota

164 440 301 509 religionis
319 448 347 496 et
365 441 503 510 castata,
530 455 600 508 quae
624 439 744 509 emisisti,
770 438 805 494 ad
831 439 965 510 effectum,

165 517 196 566 ιιι
212 511 410 566 Matrimonium
427 511 545 580 legitime
564 511 723 567 contrahere
742 511 815 565 etin
833 525 867 564 eo
886 510 961 566 debi-

165 589 222 638 tum
246 583 384 651 coniugale
408 581 521 638 reddere
547 589 575 638 et
599 583 707 652 exigere
731 581 802 636 licre
825 582 917 650 possis
940 588 969 638 et

165 654 265 722 valeas,
283 655 311 708 in
329 669 413 722 opera
430 654 546 724 pietatis,
573 668 643 722 quae
671 653 720 708 tibi
737 653 909 722 praescripsi,
928 652 968 707 di-

72 762 93 798 -Ι
166 725 317 795 apenaando
336 733 477 780 commuto.
512 726 545 780 In
562 725 668 780 nornine
685 725 775 779 Patris
792 726 811 790 †
829 732 881 778 ete.

136 806 146 824 ·
201 796 296 853 Passio
313 797 421 851 Domini
438 797 523 852 nostri
542 803 592 852 eto.

187 925 209 973 7.
222 925 346 972 Formnla
360 925 569 971 commutationis
582 927 704 971 votorum
717 924 943 981 peregrinationis

334 991 395 1038 Sodi
408 991 577 1048 Apostollese
588 993 794 1042 reservatornm.

201 1083 269 1137 Pcet
284 1082 392 1138 totalem
410 1083 603 1138 abrotaaonem
620 1099 640 1137 o
663 1084 782 1138 censoria
806 1087 833 1137 et
844 1085 970 1152 precatio

166 1154 241 1210 dicct
258 1155 457 1222 confessarius:

201 1225 268 1279 item
293 1226 451 1280 auctoritate
476 1223 633 1293 Apostolice
658 1223 711 1294 (vel
735 1224 968 1294 Archiepiscopali

165 1295 210 1350 rel
227 1295 391 1366 Episcopali)
410 1296 475 1351 mihi
494 1295 646 1365 specialiter
663 1295 787 1365 delegata
805 1296 855 1351 tihi
873 1305 968 1352 votum

165 1368 397 1492 pleregrinationia
417 1366 638 1493 ιιιιοὲἰιίειιιίιίιίἰ
650 1367 678 1421 in
704 1365 969 1494 (peregrinationznssz

165 1453 533 1580 {riceelffirzpyilggm'dispeelrlrsaogo
544 1439 898 1566 pegmetofpirrra’noffle
917 1456 971 1565 Pa3

65 1581 68 1590 '
165 1581 319 1648 tris†eto.

201 1653 297 1709 Passio
314 1652 423 1708 Domini
440 1651 526 1708 nostri
545 1657 596 1706 etc.

189 1782 214 1827 8.
228 1780 352 1827 Formnla
366 1781 536 1837 dispensandi
550 1791 629 1836 snper
642 1779 827 1836 impedimento
840 1779 947 1826 ooonlto

225 1846 365 1892 affinitatis
378 1845 551 1901 proveniente
567 1857 600 1890 ex
614 1846 708 1902 copula
722 1845 818 1892 illicita
833 1869 856 1878 -
873 1846 914 1891 ad

435 1910 702 1957 contrahendum.

202 1995 375 2051 Abeolatiool
391 2013 411 2051 o
427 1999 547 2052 mascele
566 2002 592 2052 et
604 1998 725 2065 peccora
737 1998 768 2052 e'o
782 1998 875 2064 forano
887 1998 974 2054 actito

167 2066 249 2120 datae
266 2067 402 2122 addatur:

203 2137 241 2192 Ει
257 2138 367 2206 insuper
385 2139 544 2194 auctoritate
569 2137 726 2208 apostolica
753 2137 807 2207 (rel
828 2137 972 2208 Archiepi·

168 2207 270 2275 scopali
301 2209 345 2264 vel
370 2210 535 2280 Episcopali)
567 2209 631 2264 mihi
660 2209 814 2278 specialiter
844 2208 973 2279 delegata

168 2278 293 2346 dispenso
316 2287 404 2335 tecum
433 2296 514 2350 snper
541 2279 729 2350 impedimento
754 2279 833 2348 primi
857 2295 907 2336 seu
926 2296 970 2336 se·

168 2348 255 2418 cundi,
273 2365 322 2405 sen
340 2352 417 2419 primi
436 2359 463 2407 et
480 2350 597 2420 secundi,
616 2366 665 2407 seu
683 2350 800 2420 secundi,
820 2365 853 2406 ex
872 2352 975 2420 copula

167 2419 259 2474 illicite
277 2435 294 2474 a
311 2429 338 2476 te
356 2422 449 2480 habita
466 2438 526 2480 oum
543 2429 627 2477 matre
647 2422 700 2491 (vel
718 2437 811 2478 sorore
830 2421 892 2492 etc.)
911 2439 972 2478 mu-

167 2489 249 2558 lieris,
273 2508 333 2546 oum
358 2509 412 2562 que
436 2495 593 2549 contrahere
620 2493 751 2562 intendis,
777 2494 973 2564 proveniente3

168 2569 199 2615 nt
215 2562 337 2630 praefato
355 2563 544 2633 impedimento
562 2564 753 2620 nonobstante
766 2562 972 2620 Matrimonium

168 2647 227 2686 oum
245 2633 316 2689 dicta
342 2636 452 2690 muliere
471 2637 585 2706 publice,
614 2642 722 2691 servata
745 2634 831 2690 forma
856 2635 973 2691 Concilii

168 2702 317 2758 Tridentini
334 2706 500 2775 contrahere,
518 2722 701 2762 consummare
726 2723 757 2761 eo
781 2707 808 2760 in
828 2721 861 2761 eo
879 2721 969 2761 rema·

166 2787 232 2829 nere
249 2775 320 2830 licite
337 2777 426 2845 possis
444 2785 472 2831 et
489 2778 590 2834 valeas.
608 2779 640 2834 In
657 2779 763 2833 nomine
781 2777 870 2832 Petris
883 2781 903 2844 †
917 2785 971 2835 etc.

202 2845 316 2914 Insuper
333 2846 427 2901 eadem
445 2848 603 2903 auctoritato
620 2849 733 2918 prolem,
758 2863 839 2917 qnam
857 2863 892 2903 ex
909 2847 972 2903 Ma-
