2098 3218
167 201 207 245 786
318 204 352 244 De
365 205 495 253 quibusdem
509 203 559 244 eills
575 205 713 244 sacerdotum
727 203 812 248 emolu.

202 306 234 361 V.
251 305 382 362 Dominus
399 306 545 375 vobiscum,
564 313 614 360 etc.

202 377 320 431 Oranus.
338 376 481 446 Bene†dic,
498 377 622 448 Domine,
640 375 716 432 Deus
728 377 910 446 omnipotens,
930 378 968 433 lo

166 465 226 504 oum
239 449 320 503 istum
334 448 384 516 (ccl
397 448 503 502 domum
517 449 619 518 istem),
635 457 666 503 ut
678 449 714 505 sit
726 449 754 501 in
768 463 801 502 eo
817 449 869 517 (cel
881 450 912 503 in
926 450 967 518 ea)

165 521 274 588 sunites,
293 519 410 588 castitas,
429 519 550 587 victoria,
574 521 668 588 virtus,
693 519 838 590 humilitas,
857 520 968 576 bonitas

165 598 192 646 et
210 589 395 658 mansuetudo,
413 589 551 657 plenitudo
577 590 645 658 legis
671 597 698 644 et
722 591 870 658 grotimm
897 593 967 647 actio

164 663 224 718 Deo
242 663 325 730 Petri,
344 669 372 716 et
387 661 467 730 Filio,
485 669 514 716 et
532 661 643 730 Spiritui
661 669 761 730 sencto,
786 670 815 716 ct
832 661 904 716 haec
922 663 968 717 be

163 733 279 788 nedietio
298 739 404 787 maneat
422 747 504 800 super
527 733 598 787 hunc
615 733 711 799 locum,
736 741 764 788 et
788 748 873 801 super
891 734 967 788 hubi·
1036 773 1037 786 .

164 811 254 860 mutes
272 804 300 858 in
318 819 351 858 ee
369 819 439 857 nunc
458 811 486 858 et
504 818 617 872 semper.
636 829 670 870 ,-
688 804 724 862 R.
742 805 836 858 Amen.
1036 821 1037 846 ;

197 876 238 930 nt
255 879 382 945 usperpcct
399 890 473 948 aquo
490 875 637 928 benedicto.
718 933 723 947 .

399 977 422 1022 ὅ.
441 977 590 1024 Benedictio
604 977 723 1044 thalami.

204 1051 235 1108 V.
254 1051 424 1106 Adiutorium
441 1061 562 1108 nostrum
580 1053 609 1106 in
626 1053 731 1109 nomine
749 1051 867 1122 Domini,
889 1060 941 1109 etc.

202 1123 233 1176 V.
252 1123 383 1177 Dominus
402 1123 546 1192 vobiscum,
567 1129 617 1178 etc.

200 1193 318 1248 Oramus.
336 1193 481 1265 Bone†dic,
499 1195 631 1262 Domine,
655 1193 800 1249 thalamum
823 1193 907 1264 hunc,
937 1201 966 1249 ut

162 1279 255 1319 omnes
273 1264 425 1320 habitantes
449 1267 477 1319 in
502 1281 534 1320 eo
558 1266 587 1319 in
610 1273 657 1320 tua
673 1281 740 1333 poce
759 1265 919 1334 consistant,
940 1273 967 1322 et

76 1371 77 1374 η
161 1336 190 1389 iu
207 1342 255 1388 tus
272 1336 409 1390 voluntate
428 1341 611 1406 permaneant,
637 1344 664 1390 et
683 1343 831 1404 senescant,
851 1343 880 1391 et
899 1337 966 1391 mul·

160 1405 314 1475 tiplicentur
332 1408 359 1460 in
377 1407 542 1476 longitudine
562 1407 672 1476 dierum,
699 1414 728 1462 et
745 1406 780 1460 ud
797 1421 885 1474 regnu
905 1423 966 1462 coe·

160 1478 430 1604 lorugmffiaeniant.
449 1479 502 1533 Per
521 1479 655 1535 Christum
668 1479 811 1533 Dominum
831 1485 966 1539 nostrum.

199 1617 299 1675 Postea
316 1625 443 1690 uspcrpct
459 1621 608 1675 thalamum
626 1636 700 1689 aquo
717 1617 865 1674 benedicto.
953 1601 956 1610 ’

370 1722 393 1768 6.
412 1721 561 1768 Benedictio
575 1725 659 1768 neree
673 1723 757 1769 ueris.

204 1797 235 1850 V.
254 1796 425 1852 Adiutorium
442 1806 562 1852 nestrum
579 1797 607 1851 iu
624 1798 731 1853 nomine
749 1797 865 1867 Domini,
887 1806 940 1855 etc.

203 1867 234 1924 V.
252 1868 383 1924 Dominus
401 1869 546 1936 vobiscum,
563 1877 614 1923 etc.

202 1937 320 1993 oremus.
339 1940 498 2008 Propitius,
516 1940 639 2008 Domine,
657 1938 898 2008 supplicationibus
916 1955 965 1996 no·

164 2009 235 2077 stris,
264 2018 292 2064 et
309 2011 440 2078 beue†dic
460 2012 550 2066 navim
567 2011 646 2066 istam
665 2010 777 2065 dextera
794 2018 842 2066 tua
859 2019 966 2082 sanum,

164 2085 192 2135 et
212 2095 312 2150 omnes,
331 2083 377 2149 qui
394 2083 423 2135 in
441 2097 474 2136 ee
492 2083 631 2151 vehantur,
649 2082 718 2136 deut
731 2081 855 2150 dignatus
873 2097 906 2138 es
920 2083 967 2139 be·
1036 2149 1037 2154 .

163 2151 289 2207 medicem
308 2168 397 2207 urcem
415 2153 474 2208 Noe
487 2153 665 2208 ambulantem
677 2153 705 2206 in
719 2152 836 2221 diluvio;
854 2155 967 2224 porrige

165 2223 213 2292 eis,
231 2224 353 2294 Domine,
373 2224 510 2280 dexteram
527 2232 610 2294 buum,
633 2224 702 2278 sicut
718 2225 864 2292 porrexisti
881 2225 966 2281 beato

165 2295 248 2350 Petro
267 2296 413 2350 ambulanti
431 2311 512 2364 super
529 2311 611 2361 mare,
630 2302 658 2350 et
675 2295 750 2350 mitte
769 2303 892 2350 sanctem
910 2297 967 2352 An·
1036 2359 1037 2362 Ἴ

165 2366 254 2433 gelum
272 2374 347 2421 tuum
365 2366 399 2422 de
417 2367 508 2434 coelis,
527 2367 573 2434 qui
590 2367 686 2422 liberet
704 2373 732 2421 et
749 2365 885 2422 custodiet
905 2383 967 2424 eum

165 2447 272 2504 semper
289 2453 307 2491 e
324 2439 450 2506 periculis
463 2438 603 2507 universis,
622 2454 682 2492 cum
696 2437 826 2505 omnibus,
845 2453 919 2506 quae
937 2441 967 2494 in

165 2521 199 2560 ee
217 2515 311 2576 erunt,
337 2517 365 2563 et
382 2507 496 2564 famulos
514 2517 584 2577 tuos,
611 2509 727 2577 repulsis
745 2508 967 2582 adversitatibus,

163 2585 245 2647 portu
263 2593 369 2646 semper
392 2580 502 2649 optabili
527 2595 659 2649 cursuque
685 2579 828 2648 tranquillo
853 2583 968 2652 tuearis,
1036 2627 1037 2658 ,

163 2649 358 2716 manssctisque
387 2667 418 2705 ec
445 2657 518 2706 recte
545 2650 672 2719 perfectis
696 2651 811 2720 negotiis
829 2653 966 2722 omnibus,
1036 2661 1037 2720 g

162 2717 260 2772 iterato
278 2727 399 2786 tempore
418 2720 453 2775 ad
470 2723 581 2790 propria
598 2737 658 2775 cum
677 2723 748 2776 omni
765 2721 864 2790 geudio
882 2739 967 2780 revo-

164 2802 226 2842 cure
245 2787 370 2856 digneris.
407 2791 458 2856 Qui
475 2793 545 2846 vivis
563 2799 591 2846 ct
607 2807 714 2862 regnes,
732 2797 784 2848 etc.

199 2857 335 2928 Aeperpat
352 2861 444 2914 neuim
462 2877 535 2930 apoc
553 2862 700 2918 berecdicto.
