<?xml version="1.0" encoding="UTF-8"?>
<!DOCTYPE html PUBLIC "-//W3C//DTD XHTML 1.0 Transitional//EN"
    "http://www.w3.org/TR/xhtml1/DTD/xhtml1-transitional.dtd">
<html xmlns="http://www.w3.org/1999/xhtml" xml:lang="en" lang="en">
 <head>
  <title>
</title>
<meta http-equiv="Content-Type" content="text/html;charset=utf-8" />
  <meta name='ocr-system' content='tesseract 3.04.00' />
  <meta name='ocr-capabilities' content='ocr_page ocr_carea ocr_par ocr_line ocrx_word'/>
</head>
<body>
  <div class='ocr_page' id='page_1' title='image "./manualesacerdot00schngoog_0323.png"; bbox 0 0 2124 3230; ppageno 0'>
   <div class='ocr_carea' id='block_1_1' title="bbox 98 169 902 340">
    <p class='ocr_par' dir='ltr' id='par_1_1' title="bbox 98 169 902 340">
     <span class='ocr_line' id='line_1_1' title="bbox 356 169 902 214; baseline 0.005 -4"><span class='ocrx_word' id='word_1_1' title='bbox 356 171 388 210; x_wconf 75' lang='lat' dir='ltr'><strong>lte</strong></span> <span class='ocrx_word' id='word_1_2' title='bbox 401 169 475 210; x_wconf 77' lang='lat' dir='ltr'><strong>Missis</strong></span> <span class='ocrx_word' id='word_1_3' title='bbox 489 169 649 214; x_wconf 75' lang='lat' dir='ltr'><strong>detunctorum.</strong></span> <span class='ocrx_word' id='word_1_4' title='bbox 861 169 902 213; x_wconf 74' lang='lat'><strong>298</strong></span> 
     </span>
     <span class='ocr_line' id='line_1_2' title="bbox 98 269 902 340; baseline 0.005 -14"><span class='ocrx_word' id='word_1_5' title='bbox 98 277 157 326; x_wconf 85' lang='lat' dir='ltr'><strong>tem</strong></span> <span class='ocrx_word' id='word_1_6' title='bbox 176 271 235 326; x_wconf 87' lang='lat' dir='ltr'><strong>dies</strong></span> <span class='ocrx_word' id='word_1_7' title='bbox 259 271 405 340; x_wconf 75' lang='lat' dir='ltr'><strong>permissae</strong></span> <span class='ocrx_word' id='word_1_8' title='bbox 428 287 483 326; x_wconf 90' lang='lat' dir='ltr'><strong>non</strong></span> <span class='ocrx_word' id='word_1_9' title='bbox 501 269 639 340; x_wconf 87' lang='lat' dir='ltr'><strong>sufficiant,</strong></span> <span class='ocrx_word' id='word_1_10' title='bbox 664 279 692 327; x_wconf 91' lang='lat' dir='ltr'><strong>et</strong></span> <span class='ocrx_word' id='word_1_11' title='bbox 714 278 828 328; x_wconf 74' lang='lat' dir='ltr'><strong>tesmtor</strong></span> <span class='ocrx_word' id='word_1_12' title='bbox 855 281 902 330; x_wconf 85' lang='lat' dir='ltr'><strong>aut</strong></span> 
     </span>
    </p>
   </div>
   <div class='ocr_carea' id='block_1_2' title="bbox 9 341 902 484">
    <p class='ocr_par' dir='ltr' id='par_1_2' title="bbox 9 341 902 484">
     <span class='ocr_line' id='line_1_3' title="bbox 9 341 902 412; baseline 0.008 -16"><span class='ocrx_word' id='word_1_13' title='bbox 9 381 10 384; x_wconf 63' lang='lat'>,</span> <span class='ocrx_word' id='word_1_14' title='bbox 100 341 170 398; x_wconf 83' lang='lat' dir='ltr'><strong>dans</strong></span> <span class='ocrx_word' id='word_1_15' title='bbox 190 341 353 410; x_wconf 80' lang='lat' dir='ltr'><strong>stipendium</strong></span> <span class='ocrx_word' id='word_1_16' title='bbox 370 344 526 412; x_wconf 85' lang='lat' dir='ltr'><strong>consentiat,</strong></span> <span class='ocrx_word' id='word_1_17' title='bbox 551 343 681 398; x_wconf 85' lang='lat' dir='ltr'><strong>celebrari</strong></span> <span class='ocrx_word' id='word_1_18' title='bbox 703 350 794 412; x_wconf 89' lang='lat' dir='ltr'><strong>potest</strong></span> <span class='ocrx_word' id='word_1_19' title='bbox 816 345 902 404; x_wconf 82' lang='lat' dir='ltr'><strong>Missa</strong></span> 
     </span>
     <span class='ocr_line' id='line_1_4' title="bbox 9 413 901 484; baseline 0.004 -16"><span class='ocrx_word' id='word_1_20' title='bbox 9 423 10 428; x_wconf 74' lang='grc'>’</span> <span class='ocrx_word' id='word_1_21' title='bbox 99 414 165 482; x_wconf 86' lang='lat' dir='ltr'><strong>diei,</strong></span> <span class='ocrx_word' id='word_1_22' title='bbox 191 414 236 469; x_wconf 85' lang='lat' dir='ltr'><strong>vel</strong></span> <span class='ocrx_word' id='word_1_23' title='bbox 254 414 338 470; x_wconf 87' lang='lat' dir='ltr'><strong>satius</strong></span> <span class='ocrx_word' id='word_1_24' title='bbox 357 421 398 472; x_wconf 88' lang='lat' dir='ltr'><strong>est</strong></span> <span class='ocrx_word' id='word_1_25' title='bbox 415 420 509 484; x_wconf 89' lang='lat' dir='ltr'><strong>petere</strong></span> <span class='ocrx_word' id='word_1_26' title='bbox 526 413 658 468; x_wconf 90' lang='lat' dir='ltr'><strong>indultum</strong></span> <span class='ocrx_word' id='word_1_27' title='bbox 675 413 852 484; x_wconf 68' lang='lat' dir='ltr'><strong>Pontificum,</strong></span> <span class='ocrx_word' id='word_1_28' title='bbox 871 424 901 472; x_wconf 94' lang='lat' dir='ltr'><strong>ut</strong></span> 
     </span>
    </p>
   </div>
   <div class='ocr_carea' id='block_1_3' title="bbox 98 484 900 554">
    <p class='ocr_par' dir='ltr' id='par_1_3' title="bbox 98 484 900 554">
     <span class='ocr_line' id='line_1_5' title="bbox 98 484 900 554; baseline 0.005 -16"><span class='ocrx_word' id='word_1_29' title='bbox 98 485 129 539; x_wconf 88' lang='lat' dir='ltr'><strong>in</strong></span> <span class='ocrx_word' id='word_1_30' title='bbox 148 485 251 554; x_wconf 83' lang='lat' dir='ltr'><strong>duplici</strong></span> <span class='ocrx_word' id='word_1_31' title='bbox 279 485 409 540; x_wconf 89' lang='lat' dir='ltr'><strong>celebrari</strong></span> <span class='ocrx_word' id='word_1_32' title='bbox 430 486 517 554; x_wconf 85' lang='lat' dir='ltr'><strong>possit</strong></span> <span class='ocrx_word' id='word_1_33' title='bbox 542 484 576 540; x_wconf 89' lang='lat' dir='ltr'><strong>de</strong></span> <span class='ocrx_word' id='word_1_34' title='bbox 600 486 730 554; x_wconf 77' lang='lat' dir='ltr'><strong>Requiem</strong></span> <span class='ocrx_word' id='word_1_35' title='bbox 757 485 851 551; x_wconf 78' lang='grc'><strong><em>(8.11.</em></strong></span> <span class='ocrx_word' id='word_1_36' title='bbox 872 487 900 542; x_wconf 81' lang='lat'><strong>0.</strong></span> 
     </span>
    </p>
   </div>
   <div class='ocr_carea' id='block_1_4' title="bbox 9 555 901 697">
    <p class='ocr_par' dir='ltr' id='par_1_4' title="bbox 9 555 901 697">
     <span class='ocr_line' id='line_1_6' title="bbox 9 555 900 624; baseline 0.003 -15"><span class='ocrx_word' id='word_1_37' title='bbox 9 573 11 608; x_wconf 70' lang='lat' dir='ltr'><strong>r</strong></span> <span class='ocrx_word' id='word_1_38' title='bbox 100 561 126 610; x_wconf 89' lang='lat'><strong>1.</strong></span> <span class='ocrx_word' id='word_1_39' title='bbox 147 555 228 624; x_wconf 75' lang='lat' dir='ltr'><strong>Sept</strong></span> <span class='ocrx_word' id='word_1_40' title='bbox 241 559 343 622; x_wconf 80' lang='grc'><strong><em>1708).</em></strong></span> <span class='ocrx_word' id='word_1_41' title='bbox 362 555 463 612; x_wconf 85' lang='lat' dir='ltr'><strong>Missae</strong></span> <span class='ocrx_word' id='word_1_42' title='bbox 481 563 604 612; x_wconf 77' lang='lat' dir='ltr'><strong>emtatae</strong></span> <span class='ocrx_word' id='word_1_43' title='bbox 623 557 657 611; x_wconf 92' lang='lat' dir='ltr'><strong>de</strong></span> <span class='ocrx_word' id='word_1_44' title='bbox 674 555 838 624; x_wconf 87' lang='lat' dir='ltr'><strong>Requieme</strong></span> <span class='ocrx_word' id='word_1_45' title='bbox 855 557 900 612; x_wconf 81' lang='lat' dir='ltr'><strong>de·</strong></span> 
     </span>
     <span class='ocr_line' id='line_1_7' title="bbox 9 626 901 697; baseline 0.006 -19"><span class='ocrx_word' id='word_1_46' title='bbox 9 659 10 678; x_wconf 73' lang='grc'><strong><em>.</em></strong></span> <span class='ocrx_word' id='word_1_47' title='bbox 98 626 201 690; x_wconf 82' lang='lat' dir='ltr'><strong>iunctis</strong></span> <span class='ocrx_word' id='word_1_48' title='bbox 218 628 328 682; x_wconf 90' lang='lat' dir='ltr'><strong>relictae</strong></span> <span class='ocrx_word' id='word_1_49' title='bbox 346 629 403 682; x_wconf 89' lang='lat' dir='ltr'><strong>sine</strong></span> <span class='ocrx_word' id='word_1_50' title='bbox 420 627 584 697; x_wconf 82' lang='lat' dir='ltr'><strong>praefixione</strong></span> <span class='ocrx_word' id='word_1_51' title='bbox 603 627 714 696; x_wconf 88' lang='lat' dir='ltr'><strong>dierum,</strong></span> <span class='ocrx_word' id='word_1_52' title='bbox 743 627 841 683; x_wconf 91' lang='lat' dir='ltr'><strong>debent</strong></span> <span class='ocrx_word' id='word_1_53' title='bbox 859 643 901 683; x_wconf 86' lang='lat' dir='ltr'><strong>ce·</strong></span> 
     </span>
    </p>
   </div>
   <div class='ocr_carea' id='block_1_5' title="bbox 98 698 901 1266">
    <p class='ocr_par' dir='ltr' id='par_1_5' title="bbox 98 698 901 967">
     <span class='ocr_line' id='line_1_8' title="bbox 98 698 901 768; baseline 0 -14"><span class='ocrx_word' id='word_1_54' title='bbox 98 699 203 754; x_wconf 89' lang='lat' dir='ltr'><strong>lebrari</strong></span> <span class='ocrx_word' id='word_1_55' title='bbox 231 698 324 754; x_wconf 85' lang='lat' dir='ltr'><strong>diebus</strong></span> <span class='ocrx_word' id='word_1_56' title='bbox 349 715 366 752; x_wconf 89' lang='lat' dir='ltr'><strong>a</strong></span> <span class='ocrx_word' id='word_1_57' title='bbox 392 699 499 754; x_wconf 82' lang='lat' dir='ltr'><strong>rubrica</strong></span> <span class='ocrx_word' id='word_1_58' title='bbox 522 699 668 768; x_wconf 82' lang='lat' dir='ltr'><strong>permissis.</strong></span> <span class='ocrx_word' id='word_1_59' title='bbox 694 698 735 766; x_wconf 76' lang='lat' dir='ltr'><strong>(S.</strong></span> <span class='ocrx_word' id='word_1_60' title='bbox 753 699 788 754; x_wconf 83' lang='lat' dir='ltr'><strong>R.</strong></span> <span class='ocrx_word' id='word_1_61' title='bbox 809 699 837 754; x_wconf 83' lang='grc'><strong>0.</strong></span> <span class='ocrx_word' id='word_1_62' title='bbox 856 701 901 754; x_wconf 81' lang='lat'><strong>23.</strong></span> 
     </span>
     <span class='ocr_line' id='line_1_9' title="bbox 99 770 901 840; baseline 0.002 -15"><span class='ocrx_word' id='word_1_63' title='bbox 99 770 175 840; x_wconf 69' lang='lat' dir='ltr'><strong>dap.</strong></span> <span class='ocrx_word' id='word_1_64' title='bbox 186 771 278 837; x_wconf 85' lang='lat'><strong><em>1766.)</em></strong></span> <span class='ocrx_word' id='word_1_65' title='bbox 289 771 354 826; x_wconf 85' lang='lat' dir='ltr'><strong>Jure</strong></span> <span class='ocrx_word' id='word_1_66' title='bbox 366 771 606 826; x_wconf 77' lang='lat' dir='ltr'><strong>anniversariorum</strong></span> <span class='ocrx_word' id='word_1_67' title='bbox 621 771 700 826; x_wconf 87' lang='lat' dir='ltr'><strong>etiam</strong></span> <span class='ocrx_word' id='word_1_68' title='bbox 710 771 827 840; x_wconf 85' lang='lat' dir='ltr'><strong>gaudent</strong></span> <span class='ocrx_word' id='word_1_69' title='bbox 835 771 901 827; x_wconf 92' lang='lat' dir='ltr'><strong>Mis·</strong></span> 
     </span>
     <span class='ocr_line' id='line_1_10' title="bbox 100 841 901 910; baseline 0.002 -14"><span class='ocrx_word' id='word_1_70' title='bbox 100 855 150 896; x_wconf 88' lang='lat' dir='ltr'><strong>sae</strong></span> <span class='ocrx_word' id='word_1_71' title='bbox 169 857 186 895; x_wconf 86' lang='lat' dir='ltr'><strong>a</strong></span> <span class='ocrx_word' id='word_1_72' title='bbox 203 841 376 896; x_wconf 80' lang='lat' dir='ltr'><strong>testatoribus</strong></span> <span class='ocrx_word' id='word_1_73' title='bbox 402 842 472 896; x_wconf 82' lang='lat' dir='ltr'><strong>vivis</strong></span> <span class='ocrx_word' id='word_1_74' title='bbox 489 857 540 910; x_wconf 90' lang='lat' dir='ltr'><strong>pro</strong></span> <span class='ocrx_word' id='word_1_75' title='bbox 559 842 638 898; x_wconf 90' lang='lat' dir='ltr'><strong>certis</strong></span> <span class='ocrx_word' id='word_1_76' title='bbox 666 850 694 897; x_wconf 92' lang='lat' dir='ltr'><strong>et</strong></span> <span class='ocrx_word' id='word_1_77' title='bbox 718 842 901 898; x_wconf 87' lang='lat' dir='ltr'><strong>determinatis</strong></span> 
     </span>
     <span class='ocr_line' id='line_1_11' title="bbox 100 911 352 967; baseline 0.004 -1"><span class='ocrx_word' id='word_1_78' title='bbox 100 911 198 967; x_wconf 89' lang='lat' dir='ltr'><strong>diebus</strong></span> <span class='ocrx_word' id='word_1_79' title='bbox 216 911 352 967; x_wconf 79' lang='lat' dir='ltr'><strong>farndabae.</strong></span> 
     </span>
    </p>

    <p class='ocr_par' dir='ltr' id='par_1_6' title="bbox 99 983 901 1266">
     <span class='ocr_line' id='line_1_12' title="bbox 136 983 901 1054; baseline 0.001 -16"><span class='ocrx_word' id='word_1_80' title='bbox 136 983 338 1053; x_wconf 78' lang='lat' dir='ltr'><strong>Annicersaria,</strong></span> <span class='ocrx_word' id='word_1_81' title='bbox 357 998 426 1051; x_wconf 86' lang='lat' dir='ltr'><strong>quae</strong></span> <span class='ocrx_word' id='word_1_82' title='bbox 440 997 475 1036; x_wconf 85' lang='lat' dir='ltr'><strong>ex</strong></span> <span class='ocrx_word' id='word_1_83' title='bbox 487 983 594 1052; x_wconf 87' lang='lat' dir='ltr'><strong>privata</strong></span> <span class='ocrx_word' id='word_1_84' title='bbox 606 990 709 1039; x_wconf 89' lang='lat' dir='ltr'><strong>tantum</strong></span> <span class='ocrx_word' id='word_1_85' title='bbox 723 984 824 1054; x_wconf 87' lang='lat' dir='ltr'><strong>pietate</strong></span> <span class='ocrx_word' id='word_1_86' title='bbox 836 999 901 1054; x_wconf 80' lang='lat' dir='ltr'><strong>erga</strong></span> 
     </span>
     <span class='ocr_line' id='line_1_13' title="bbox 99 1055 900 1124; baseline 0.001 -14"><span class='ocrx_word' id='word_1_87' title='bbox 99 1062 224 1110; x_wconf 89' lang='lat' dir='ltr'><strong>mortuos</strong></span> <span class='ocrx_word' id='word_1_88' title='bbox 242 1071 259 1109; x_wconf 89' lang='lat' dir='ltr'><strong>a</strong></span> <span class='ocrx_word' id='word_1_89' title='bbox 280 1055 437 1124; x_wconf 86' lang='lat' dir='ltr'><strong>propinquis</strong></span> <span class='ocrx_word' id='word_1_90' title='bbox 450 1055 630 1124; x_wconf 90' lang='lat' dir='ltr'><strong>requiruntur,</strong></span> <span class='ocrx_word' id='word_1_91' title='bbox 648 1056 750 1121; x_wconf 81' lang='lat' dir='ltr'><strong>cantari</strong></span> <span class='ocrx_word' id='word_1_92' title='bbox 766 1071 821 1111; x_wconf 91' lang='lat' dir='ltr'><strong>non</strong></span> <span class='ocrx_word' id='word_1_93' title='bbox 838 1071 900 1124; x_wconf 94' lang='lat' dir='ltr'><strong>pos·</strong></span> 
     </span>
     <span class='ocr_line' id='line_1_14' title="bbox 99 1125 900 1196; baseline 0.001 -15"><span class='ocrx_word' id='word_1_94' title='bbox 99 1133 165 1182; x_wconf 88' lang='lat' dir='ltr'><strong>sunt</strong></span> <span class='ocrx_word' id='word_1_95' title='bbox 184 1125 278 1180; x_wconf 86' lang='lat' dir='ltr'><strong>diebus</strong></span> <span class='ocrx_word' id='word_1_96' title='bbox 296 1126 445 1194; x_wconf 78' lang='lat' dir='ltr'><strong>duplicibus</strong></span> <span class='ocrx_word' id='word_1_97' title='bbox 463 1133 491 1181; x_wconf 90' lang='lat' dir='ltr'><strong>et</strong></span> <span class='ocrx_word' id='word_1_98' title='bbox 503 1127 562 1181; x_wconf 89' lang='lat' dir='ltr'><strong>aliis</strong></span> <span class='ocrx_word' id='word_1_99' title='bbox 573 1126 721 1196; x_wconf 88' lang='lat' dir='ltr'><strong>impeditis;</strong></span> <span class='ocrx_word' id='word_1_100' title='bbox 740 1127 836 1195; x_wconf 89' lang='lat' dir='ltr'><strong>quibus</strong></span> <span class='ocrx_word' id='word_1_101' title='bbox 846 1127 900 1182; x_wconf 88' lang='lat' dir='ltr'><strong>die·</strong></span> 
     </span>
     <span class='ocr_line' id='line_1_15' title="bbox 99 1196 900 1266; baseline 0.002 -15"><span class='ocrx_word' id='word_1_102' title='bbox 99 1197 152 1252; x_wconf 89' lang='lat' dir='ltr'><strong>bus</strong></span> <span class='ocrx_word' id='word_1_103' title='bbox 172 1196 298 1252; x_wconf 88' lang='lat' dir='ltr'><strong>sacerdos</strong></span> <span class='ocrx_word' id='word_1_104' title='bbox 324 1197 358 1252; x_wconf 89' lang='lat' dir='ltr'><strong>ad</strong></span> <span class='ocrx_word' id='word_1_105' title='bbox 382 1196 587 1266; x_wconf 87' lang='lat' dir='ltr'><strong>applicationem</strong></span> <span class='ocrx_word' id='word_1_106' title='bbox 611 1215 662 1266; x_wconf 91' lang='lat' dir='ltr'><strong>pro</strong></span> <span class='ocrx_word' id='word_1_107' title='bbox 685 1197 816 1254; x_wconf 84' lang='lat' dir='ltr'><strong>defunctis</strong></span> <span class='ocrx_word' id='word_1_108' title='bbox 834 1198 900 1254; x_wconf 87' lang='lat' dir='ltr'><strong>obli·</strong></span> 
     </span>
    </p>
   </div>
   <div class='ocr_carea' id='block_1_6' title="bbox 100 1266 993 1338">
    <p class='ocr_par' dir='ltr' id='par_1_7' title="bbox 100 1266 993 1338">
     <span class='ocr_line' id='line_1_16' title="bbox 100 1266 993 1338; baseline 0.004 -16"><span class='ocrx_word' id='word_1_109' title='bbox 100 1275 191 1336; x_wconf 86' lang='lat' dir='ltr'><strong>gatus,</strong></span> <span class='ocrx_word' id='word_1_110' title='bbox 210 1267 340 1323; x_wconf 82' lang='lat' dir='ltr'><strong>satisfacit</strong></span> <span class='ocrx_word' id='word_1_111' title='bbox 358 1267 470 1323; x_wconf 90' lang='lat' dir='ltr'><strong>dicendo</strong></span> <span class='ocrx_word' id='word_1_112' title='bbox 488 1268 600 1323; x_wconf 89' lang='lat' dir='ltr'><strong>Missam</strong></span> <span class='ocrx_word' id='word_1_113' title='bbox 618 1268 671 1326; x_wconf 88' lang='lat' dir='ltr'><strong>diei</strong></span> <span class='ocrx_word' id='word_1_114' title='bbox 689 1271 828 1326; x_wconf 89' lang='lat' dir='ltr'><strong>currentis.</strong></span> <span class='ocrx_word' id='word_1_115' title='bbox 858 1266 899 1338; x_wconf 74' lang='lat' dir='ltr'><strong>(S.</strong></span> <span class='ocrx_word' id='word_1_116' title='bbox 989 1301 993 1304; x_wconf 97' lang='lat'>·</span> 
     </span>
    </p>
   </div>
   <div class='ocr_carea' id='block_1_7' title="bbox 99 1337 900 2050">
    <p class='ocr_par' dir='ltr' id='par_1_8' title="bbox 102 1337 556 1408">
     <span class='ocr_line' id='line_1_17' title="bbox 102 1337 556 1408; baseline -0.004 -12"><span class='ocrx_word' id='word_1_117' title='bbox 102 1337 263 1408; x_wconf 67' lang='grc'><strong><em>(1100019.</em></strong></span> <span class='ocrx_word' id='word_1_118' title='bbox 281 1343 323 1394; x_wconf 80' lang='grc'><strong>14.</strong></span> <span class='ocrx_word' id='word_1_119' title='bbox 341 1339 447 1408; x_wconf 64' lang='lat' dir='ltr'><strong>Aprilis</strong></span> <span class='ocrx_word' id='word_1_120' title='bbox 465 1342 556 1408; x_wconf 75' lang='grc'><strong><em>1810.)</em></strong></span> 
     </span>
    </p>

    <p class='ocr_par' dir='ltr' id='par_1_9' title="bbox 99 1409 900 1694">
     <span class='ocr_line' id='line_1_18' title="bbox 139 1409 900 1479; baseline -0.003 -13"><span class='ocrx_word' id='word_1_121' title='bbox 139 1413 166 1466; x_wconf 83' lang='lat'><strong>9.</strong></span> <span class='ocrx_word' id='word_1_122' title='bbox 202 1410 303 1466; x_wconf 87' lang='lat' dir='ltr'><strong>Missae</strong></span> <span class='ocrx_word' id='word_1_123' title='bbox 321 1411 443 1479; x_wconf 88' lang='lat' dir='ltr'><strong>privatae</strong></span> <span class='ocrx_word' id='word_1_124' title='bbox 456 1425 507 1479; x_wconf 92' lang='lat' dir='ltr'><strong>pro</strong></span> <span class='ocrx_word' id='word_1_125' title='bbox 516 1409 647 1466; x_wconf 85' lang='lat' dir='ltr'><strong>defunctis</strong></span> <span class='ocrx_word' id='word_1_126' title='bbox 665 1417 742 1466; x_wconf 74' lang='lat' dir='ltr'><strong>erma</strong></span> <span class='ocrx_word' id='word_1_127' title='bbox 760 1410 830 1466; x_wconf 89' lang='lat' dir='ltr'><strong>diem</strong></span> <span class='ocrx_word' id='word_1_128' title='bbox 844 1410 900 1464; x_wconf 92' lang='lat' dir='ltr'><strong>obi·</strong></span> 
     </span>
     <span class='ocr_line' id='line_1_19' title="bbox 99 1482 900 1550; baseline -0.002 -14"><span class='ocrx_word' id='word_1_129' title='bbox 99 1487 154 1550; x_wconf 84' lang='lat' dir='ltr'><strong>tus,</strong></span> <span class='ocrx_word' id='word_1_130' title='bbox 173 1482 290 1550; x_wconf 79' lang='lat' dir='ltr'><strong>tertium,</strong></span> <span class='ocrx_word' id='word_1_131' title='bbox 308 1483 457 1550; x_wconf 87' lang='lat' dir='ltr'><strong>septimum,</strong></span> <span class='ocrx_word' id='word_1_132' title='bbox 475 1483 676 1550; x_wconf 81' lang='lat' dir='ltr'><strong>trigesimumet</strong></span> <span class='ocrx_word' id='word_1_133' title='bbox 690 1482 900 1536; x_wconf 85' lang='lat' dir='ltr'><strong>anniversarium</strong></span> 
     </span>
     <span class='ocr_line' id='line_1_20' title="bbox 100 1552 899 1622; baseline 0 -16"><span class='ocrx_word' id='word_1_134' title='bbox 100 1552 156 1620; x_wconf 78' lang='lat' dir='ltr'><strong>legi</strong></span> <span class='ocrx_word' id='word_1_135' title='bbox 162 1559 267 1606; x_wconf 79' lang='lat' dir='ltr'><strong>tanturm</strong></span> <span class='ocrx_word' id='word_1_136' title='bbox 276 1552 541 1622; x_wconf 86' lang='lat' dir='ltr'><strong>possuntiisdiebus,</strong></span> <span class='ocrx_word' id='word_1_137' title='bbox 556 1553 651 1621; x_wconf 91' lang='lat' dir='ltr'><strong>quibus</strong></span> <span class='ocrx_word' id='word_1_138' title='bbox 665 1553 824 1620; x_wconf 82' lang='lat' dir='ltr'><strong>licetlegere</strong></span> <span class='ocrx_word' id='word_1_139' title='bbox 833 1552 899 1606; x_wconf 92' lang='lat' dir='ltr'><strong>Mis·</strong></span> 
     </span>
     <span class='ocr_line' id='line_1_21' title="bbox 102 1624 898 1694; baseline -0.001 -17"><span class='ocrx_word' id='word_1_140' title='bbox 102 1637 148 1678; x_wconf 87' lang='lat' dir='ltr'><strong>sas</strong></span> <span class='ocrx_word' id='word_1_141' title='bbox 162 1624 270 1679; x_wconf 87' lang='lat' dir='ltr'><strong>votivas</strong></span> <span class='ocrx_word' id='word_1_142' title='bbox 281 1625 408 1692; x_wconf 83' lang='lat' dir='ltr'><strong>privatas.</strong></span> <span class='ocrx_word' id='word_1_143' title='bbox 418 1625 437 1693; x_wconf 86' lang='lat'><strong>²)</strong></span> <span class='ocrx_word' id='word_1_144' title='bbox 469 1625 537 1678; x_wconf 84' lang='lat' dir='ltr'><strong>Vt&#39;de</strong></span> <span class='ocrx_word' id='word_1_145' title='bbox 550 1640 636 1693; x_wconf 80' lang='lat' dir='ltr'><strong>supra</strong></span> <span class='ocrx_word' id='word_1_146' title='bbox 641 1640 707 1694; x_wconf 75' lang='lat' dir='ltr'><strong>pap.</strong></span> <span class='ocrx_word' id='word_1_147' title='bbox 717 1627 778 1677; x_wconf 82' lang='lat'><em>271.</em></span> <span class='ocrx_word' id='word_1_148' title='bbox 789 1639 863 1676; x_wconf 82' lang='lat' dir='ltr'><strong>cam.</strong></span> <span class='ocrx_word' id='word_1_149' title='bbox 873 1626 898 1676; x_wconf 89' lang='lat'><strong>9.</strong></span> 
     </span>
    </p>

    <p class='ocr_par' dir='ltr' id='par_1_10' title="bbox 100 1694 898 2050">
     <span class='ocr_line' id='line_1_22' title="bbox 139 1694 898 1764; baseline -0.001 -16"><span class='ocrx_word' id='word_1_150' title='bbox 139 1697 182 1748; x_wconf 92' lang='grc'><strong>10.</strong></span> <span class='ocrx_word' id='word_1_151' title='bbox 202 1694 303 1749; x_wconf 88' lang='lat' dir='ltr'><strong>Missae</strong></span> <span class='ocrx_word' id='word_1_152' title='bbox 322 1695 506 1749; x_wconf 82' lang='lat' dir='ltr'><strong>defimoturnm</strong></span> <span class='ocrx_word' id='word_1_153' title='bbox 519 1696 547 1748; x_wconf 94' lang='lat' dir='ltr'><strong>in</strong></span> <span class='ocrx_word' id='word_1_154' title='bbox 561 1695 604 1749; x_wconf 91' lang='lat' dir='ltr'><strong>die</strong></span> <span class='ocrx_word' id='word_1_155' title='bbox 619 1695 715 1764; x_wconf 90' lang='lat' dir='ltr'><strong>obitus,</strong></span> <span class='ocrx_word' id='word_1_156' title='bbox 733 1695 822 1762; x_wconf 87' lang='lat' dir='ltr'><strong>tertio,</strong></span> <span class='ocrx_word' id='word_1_157' title='bbox 837 1709 898 1761; x_wconf 90' lang='lat' dir='ltr'><strong>sep-</strong></span> 
     </span>
     <span class='ocr_line' id='line_1_23' title="bbox 101 1765 898 1834; baseline -0.004 -14"><span class='ocrx_word' id='word_1_158' title='bbox 101 1766 167 1820; x_wconf 86' lang='lat' dir='ltr'><strong>timo</strong></span> <span class='ocrx_word' id='word_1_159' title='bbox 185 1765 322 1834; x_wconf 78' lang='lat' dir='ltr'><strong>trigesimo</strong></span> <span class='ocrx_word' id='word_1_160' title='bbox 341 1773 368 1821; x_wconf 89' lang='lat' dir='ltr'><strong>et</strong></span> <span class='ocrx_word' id='word_1_161' title='bbox 387 1767 568 1821; x_wconf 87' lang='lat' dir='ltr'><strong>anniversario</strong></span> <span class='ocrx_word' id='word_1_162' title='bbox 586 1781 667 1821; x_wconf 89' lang='lat' dir='ltr'><strong>unam</strong></span> <span class='ocrx_word' id='word_1_163' title='bbox 684 1773 787 1820; x_wconf 87' lang='lat' dir='ltr'><strong>tanturn</strong></span> <span class='ocrx_word' id='word_1_164' title='bbox 798 1765 898 1818; x_wconf 89' lang='lat' dir='ltr'><strong>habent</strong></span> 
     </span>
     <span class='ocr_line' id='line_1_24' title="bbox 101 1835 897 1906; baseline -0.003 -15"><span class='ocrx_word' id='word_1_165' title='bbox 101 1835 258 1891; x_wconf 86' lang='lat' dir='ltr'><strong>Orationem</strong></span> <span class='ocrx_word' id='word_1_166' title='bbox 266 1837 389 1906; x_wconf 85' lang='lat' dir='ltr'><strong>personis</strong></span> <span class='ocrx_word' id='word_1_167' title='bbox 402 1837 616 1906; x_wconf 66' lang='lat' dir='ltr'><strong>convenientem</strong></span> <span class='ocrx_word' id='word_1_168' title='bbox 634 1838 662 1891; x_wconf 91' lang='lat' dir='ltr'><strong>in</strong></span> <span class='ocrx_word' id='word_1_169' title='bbox 673 1838 716 1892; x_wconf 90' lang='lat' dir='ltr'><strong>his</strong></span> <span class='ocrx_word' id='word_1_170' title='bbox 729 1837 820 1892; x_wconf 89' lang='lat' dir='ltr'><strong>Missis</strong></span> <span class='ocrx_word' id='word_1_171' title='bbox 830 1851 897 1890; x_wconf 91' lang='lat' dir='ltr'><strong>sem·</strong></span> 
     </span>
     <span class='ocr_line' id='line_1_25' title="bbox 100 1907 897 1978; baseline 0.001 -17"><span class='ocrx_word' id='word_1_172' title='bbox 100 1923 151 1978; x_wconf 90' lang='lat' dir='ltr'><strong>per</strong></span> <span class='ocrx_word' id='word_1_173' title='bbox 170 1907 266 1962; x_wconf 87' lang='lat' dir='ltr'><strong>dicitur</strong></span> <span class='ocrx_word' id='word_1_174' title='bbox 290 1909 388 1964; x_wconf 75' lang='lat' dir='ltr'><strong>Prosa&#39;:</strong></span> <span class='ocrx_word' id='word_1_175' title='bbox 416 1907 484 1962; x_wconf 82' lang='lat' dir='ltr'><strong>Dies</strong></span> <span class='ocrx_word' id='word_1_176' title='bbox 501 1909 595 1978; x_wconf 57' lang='lat' dir='ltr'><strong>ernest)</strong></span> <span class='ocrx_word' id='word_1_177' title='bbox 617 1938 648 1947; x_wconf 95' lang='lat'><em>—</em></span> <span class='ocrx_word' id='word_1_178' title='bbox 667 1908 711 1963; x_wconf 88' lang='lat' dir='ltr'><strong>Ad</strong></span> <span class='ocrx_word' id='word_1_179' title='bbox 728 1909 845 1962; x_wconf 88' lang='lat' dir='ltr'><strong>litteram</strong></span> <span class='ocrx_word' id='word_1_180' title='bbox 862 1907 897 1962; x_wconf 88' lang='lat' dir='ltr'><strong>N.</strong></span> 
     </span>
     <span class='ocr_line' id='line_1_26' title="bbox 102 1979 897 2050; baseline 0 -16"><span class='ocrx_word' id='word_1_181' title='bbox 102 1979 188 2034; x_wconf 90' lang='lat' dir='ltr'><strong>solum</strong></span> <span class='ocrx_word' id='word_1_182' title='bbox 206 1995 311 2048; x_wconf 89' lang='lat' dir='ltr'><strong>nomen,</strong></span> <span class='ocrx_word' id='word_1_183' title='bbox 329 1996 384 2034; x_wconf 92' lang='lat' dir='ltr'><strong>non</strong></span> <span class='ocrx_word' id='word_1_184' title='bbox 396 1985 485 2033; x_wconf 88' lang='lat' dir='ltr'><strong>cutem</strong></span> <span class='ocrx_word' id='word_1_185' title='bbox 500 1995 654 2050; x_wconf 84' lang='lat' dir='ltr'><strong>cognomen,</strong></span> <span class='ocrx_word' id='word_1_186' title='bbox 672 1995 759 2048; x_wconf 85' lang='lat' dir='ltr'><strong>neque</strong></span> <span class='ocrx_word' id='word_1_187' title='bbox 774 1979 897 2048; x_wconf 83' lang='lat' dir='ltr'><strong>dignitas,</strong></span> 
     </span>
    </p>
   </div>
   <div class='ocr_carea' id='block_1_8' title="bbox 101 2049 898 2120">
    <p class='ocr_par' dir='ltr' id='par_1_11' title="bbox 101 2049 898 2120">
     <span class='ocr_line' id='line_1_27' title="bbox 101 2049 898 2120; baseline -0.003 -16"><span class='ocrx_word' id='word_1_188' title='bbox 101 2065 189 2120; x_wconf 89' lang='lat' dir='ltr'><strong>neque</strong></span> <span class='ocrx_word' id='word_1_189' title='bbox 208 2051 261 2105; x_wconf 87' lang='lat' dir='ltr'><strong>alie</strong></span> <span class='ocrx_word' id='word_1_190' title='bbox 279 2051 393 2118; x_wconf 88' lang='lat' dir='ltr'><strong>qualitas</strong></span> <span class='ocrx_word' id='word_1_191' title='bbox 412 2051 585 2120; x_wconf 87' lang='lat' dir='ltr'><strong>exprimenda</strong></span> <span class='ocrx_word' id='word_1_192' title='bbox 603 2057 652 2106; x_wconf 86' lang='lat' dir='ltr'><strong>est.</strong></span> <span class='ocrx_word' id='word_1_193' title='bbox 672 2081 706 2091; x_wconf 95' lang='lat'>-</span> <span class='ocrx_word' id='word_1_194' title='bbox 724 2052 756 2105; x_wconf 92' lang='lat' dir='ltr'><strong>In</strong></span> <span class='ocrx_word' id='word_1_195' title='bbox 766 2049 898 2106; x_wconf 88' lang='lat' dir='ltr'><strong>Orationi·</strong></span> 
     </span>
    </p>
   </div>
   <div class='ocr_carea' id='block_1_9' title="bbox 105 2251 900 2889">
    <p class='ocr_par' dir='ltr' id='par_1_12' title="bbox 115 2251 900 2435">
     <span class='ocr_line' id='line_1_28' title="bbox 115 2251 899 2306; baseline -0.005 -12"><span class='ocrx_word' id='word_1_196' title='bbox 115 2253 138 2306; x_wconf 82' lang='lat'><strong>1)</strong></span> <span class='ocrx_word' id='word_1_197' title='bbox 153 2255 244 2294; x_wconf 82' lang='lat' dir='ltr'><strong>Praeter</strong></span> <span class='ocrx_word' id='word_1_198' title='bbox 257 2255 340 2294; x_wconf 75' lang='lat' dir='ltr'><strong>acicam</strong></span> <span class='ocrx_word' id='word_1_199' title='bbox 353 2254 444 2294; x_wconf 83' lang='lat' dir='ltr'><strong>Missam</strong></span> <span class='ocrx_word' id='word_1_200' title='bbox 459 2254 485 2293; x_wconf 85' lang='lat' dir='ltr'><strong>de</strong></span> <span class='ocrx_word' id='word_1_201' title='bbox 498 2254 603 2303; x_wconf 79' lang='lat' dir='ltr'><strong>Requiem</strong></span> <span class='ocrx_word' id='word_1_202' title='bbox 618 2254 701 2302; x_wconf 88' lang='lat' dir='ltr'><strong>diebus,</strong></span> <span class='ocrx_word' id='word_1_203' title='bbox 722 2253 801 2302; x_wconf 86' lang='lat' dir='ltr'><strong>quibas</strong></span> <span class='ocrx_word' id='word_1_204' title='bbox 815 2251 899 2291; x_wconf 86' lang='lat' dir='ltr'><strong>Missae</strong></span> 
     </span>
     <span class='ocr_line' id='line_1_29' title="bbox 153 2318 900 2370; baseline -0.003 -12"><span class='ocrx_word' id='word_1_205' title='bbox 153 2320 255 2370; x_wconf 82' lang='lat' dir='ltr'><strong>privatas</strong></span> <span class='ocrx_word' id='word_1_206' title='bbox 269 2319 295 2358; x_wconf 84' lang='lat' dir='ltr'><strong>de</strong></span> <span class='ocrx_word' id='word_1_207' title='bbox 305 2320 410 2368; x_wconf 82' lang='lat' dir='ltr'><strong>Bequlem</strong></span> <span class='ocrx_word' id='word_1_208' title='bbox 419 2320 571 2368; x_wconf 82' lang='lat' dir='ltr'><strong>prohibentur,</strong></span> <span class='ocrx_word' id='word_1_209' title='bbox 587 2319 779 2368; x_wconf 81' lang='lat' dir='ltr'><strong>etismpraesente</strong></span> <span class='ocrx_word' id='word_1_210' title='bbox 793 2318 900 2358; x_wconf 84' lang='lat' dir='ltr'><strong>cadavere</strong></span> 
     </span>
     <span class='ocr_line' id='line_1_30' title="bbox 154 2383 818 2435; baseline -0.003 -9"><span class='ocrx_word' id='word_1_211' title='bbox 154 2386 213 2426; x_wconf 83' lang='lat' dir='ltr'><strong>allae</strong></span> <span class='ocrx_word' id='word_1_212' title='bbox 226 2387 308 2425; x_wconf 73' lang='lat' dir='ltr'><strong>cumn·</strong></span> <span class='ocrx_word' id='word_1_213' title='bbox 317 2395 361 2424; x_wconf 90' lang='lat' dir='ltr'><strong>non</strong></span> <span class='ocrx_word' id='word_1_214' title='bbox 375 2387 475 2434; x_wconf 77' lang='lat' dir='ltr'><strong>possunt.</strong></span> <span class='ocrx_word' id='word_1_215' title='bbox 501 2386 534 2434; x_wconf 76' lang='lat' dir='ltr'><strong>(S.</strong></span> <span class='ocrx_word' id='word_1_216' title='bbox 549 2387 575 2426; x_wconf 79' lang='lat' dir='ltr'><strong>lt.</strong></span> <span class='ocrx_word' id='word_1_217' title='bbox 591 2386 611 2428; x_wconf 78' lang='lat'><strong>0.</strong></span> <span class='ocrx_word' id='word_1_218' title='bbox 626 2385 662 2428; x_wconf 79' lang='lat'><strong>23.</strong></span> <span class='ocrx_word' id='word_1_219' title='bbox 677 2386 734 2424; x_wconf 81' lang='lat' dir='ltr'><strong>Maii</strong></span> <span class='ocrx_word' id='word_1_220' title='bbox 748 2383 818 2435; x_wconf 79' lang='grc'><strong><em>1846.)</em></strong></span> 
     </span>
    </p>

    <p class='ocr_par' dir='ltr' id='par_1_13' title="bbox 115 2448 898 2632">
     <span class='ocr_line' id='line_1_31' title="bbox 115 2448 897 2504; baseline -0.004 -13"><span class='ocrx_word' id='word_1_221' title='bbox 115 2448 136 2504; x_wconf 80' lang='lat'><strong>²)</strong></span> <span class='ocrx_word' id='word_1_222' title='bbox 149 2451 177 2491; x_wconf 92' lang='lat' dir='ltr'><strong>In</strong></span> <span class='ocrx_word' id='word_1_223' title='bbox 186 2451 262 2491; x_wconf 83' lang='lat' dir='ltr'><strong>Missis</strong></span> <span class='ocrx_word' id='word_1_224' title='bbox 277 2449 437 2500; x_wconf 78' lang='lat' dir='ltr'><strong>defunctorum,</strong></span> <span class='ocrx_word' id='word_1_225' title='bbox 451 2460 508 2499; x_wconf 83' lang='lat' dir='ltr'><strong>qnae</strong></span> <span class='ocrx_word' id='word_1_226' title='bbox 522 2461 572 2489; x_wconf 86' lang='lat' dir='ltr'><strong>curn</strong></span> <span class='ocrx_word' id='word_1_227' title='bbox 582 2452 647 2490; x_wconf 81' lang='lat' dir='ltr'><strong>cantu</strong></span> <span class='ocrx_word' id='word_1_228' title='bbox 657 2450 802 2498; x_wconf 83' lang='lat' dir='ltr'><strong>celebrantur,</strong></span> <span class='ocrx_word' id='word_1_229' title='bbox 817 2449 851 2488; x_wconf 83' lang='lat' dir='ltr'><strong>vel</strong></span> <span class='ocrx_word' id='word_1_230' title='bbox 862 2458 897 2488; x_wconf 87' lang='lat' dir='ltr'><strong>ca·</strong></span> 
     </span>
     <span class='ocr_line' id='line_1_32' title="bbox 153 2515 898 2565; baseline -0.005 -9"><span class='ocrx_word' id='word_1_231' title='bbox 153 2516 226 2556; x_wconf 84' lang='lat' dir='ltr'><strong>nenda</strong></span> <span class='ocrx_word' id='word_1_232' title='bbox 240 2526 289 2555; x_wconf 81' lang='lat' dir='ltr'><strong>etse</strong></span> <span class='ocrx_word' id='word_1_233' title='bbox 304 2516 389 2564; x_wconf 86' lang='lat' dir='ltr'><strong>omnia,</strong></span> <span class='ocrx_word' id='word_1_234' title='bbox 411 2527 467 2564; x_wconf 81' lang='lat' dir='ltr'><strong>quae</strong></span> <span class='ocrx_word' id='word_1_235' title='bbox 486 2516 636 2565; x_wconf 85' lang='lat' dir='ltr'><strong>precationem</strong></span> <span class='ocrx_word' id='word_1_236' title='bbox 657 2515 756 2564; x_wconf 74' lang='lat' dir='ltr'><strong>suffragii</strong></span> <span class='ocrx_word' id='word_1_237' title='bbox 770 2515 898 2564; x_wconf 84' lang='lat' dir='ltr'><strong>respiciant,</strong></span> 
     </span>
     <span class='ocr_line' id='line_1_33' title="bbox 155 2579 897 2632; baseline -0.001 -9"><span class='ocrx_word' id='word_1_238' title='bbox 155 2584 213 2623; x_wconf 87' lang='lat' dir='ltr'><strong>luter</strong></span> <span class='ocrx_word' id='word_1_239' title='bbox 227 2592 283 2632; x_wconf 86' lang='lat' dir='ltr'><strong>qnae</strong></span> <span class='ocrx_word' id='word_1_240' title='bbox 298 2583 364 2621; x_wconf 88' lang='lat' dir='ltr'><strong>etiam</strong></span> <span class='ocrx_word' id='word_1_241' title='bbox 378 2582 496 2630; x_wconf 80' lang='lat' dir='ltr'><strong>Sequentia</strong></span> <span class='ocrx_word' id='word_1_242' title='bbox 509 2583 561 2622; x_wconf 79' lang='lat' dir='ltr'><strong>Dies</strong></span> <span class='ocrx_word' id='word_1_243' title='bbox 575 2583 627 2631; x_wconf 79' lang='lat' dir='ltr'><strong>irae,</strong></span> <span class='ocrx_word' id='word_1_244' title='bbox 641 2585 769 2621; x_wconf 86' lang='lat' dir='ltr'><strong>numeratur</strong></span> <span class='ocrx_word' id='word_1_245' title='bbox 789 2580 816 2630; x_wconf 80' lang='lat' dir='ltr'><strong>(S.</strong></span> <span class='ocrx_word' id='word_1_246' title='bbox 834 2581 859 2622; x_wconf 85' lang='lat' dir='ltr'><strong>B.</strong></span> <span class='ocrx_word' id='word_1_247' title='bbox 875 2579 897 2623; x_wconf 80' lang='lat'><strong>0.</strong></span> 
     </span>
    </p>

    <p class='ocr_par' dir='ltr' id='par_1_14' title="bbox 105 2645 899 2889">
     <span class='ocr_line' id='line_1_34' title="bbox 105 2645 899 2698; baseline -0.005 -10"><span class='ocrx_word' id='word_1_248' title='bbox 105 2693 107 2698; x_wconf 55' lang='grc'>,</span> <span class='ocrx_word' id='word_1_249' title='bbox 154 2648 174 2692; x_wconf 83' lang='grc'><strong>9.</strong></span> <span class='ocrx_word' id='word_1_250' title='bbox 189 2649 246 2688; x_wconf 74' lang='lat' dir='ltr'><strong>Maia</strong></span> <span class='ocrx_word' id='word_1_251' title='bbox 260 2647 337 2698; x_wconf 80' lang='grc'><strong><em>1851),</em></strong></span> <span class='ocrx_word' id='word_1_252' title='bbox 351 2647 384 2686; x_wconf 78' lang='lat' dir='ltr'><strong>vel</strong></span> <span class='ocrx_word' id='word_1_253' title='bbox 405 2647 462 2687; x_wconf 84' lang='lat' dir='ltr'><strong>tales</strong></span> <span class='ocrx_word' id='word_1_254' title='bbox 475 2648 556 2688; x_wconf 89' lang='lat' dir='ltr'><strong>Missas</strong></span> <span class='ocrx_word' id='word_1_255' title='bbox 574 2659 618 2687; x_wconf 88' lang='lat' dir='ltr'><strong>non</strong></span> <span class='ocrx_word' id='word_1_256' title='bbox 639 2648 781 2688; x_wconf 85' lang='lat' dir='ltr'><strong>celebrandas</strong></span> <span class='ocrx_word' id='word_1_257' title='bbox 800 2657 849 2686; x_wconf 86' lang='lat' dir='ltr'><strong>esse</strong></span> <span class='ocrx_word' id='word_1_258' title='bbox 862 2645 899 2685; x_wconf 86' lang='lat' dir='ltr'><strong>de-</strong></span> 
     </span>
     <span class='ocr_line' id='line_1_35' title="bbox 154 2713 899 2766; baseline -0.005 -11"><span class='ocrx_word' id='word_1_259' title='bbox 154 2714 225 2755; x_wconf 83' lang='lat' dir='ltr'><strong>crevit</strong></span> <span class='ocrx_word' id='word_1_260' title='bbox 238 2714 267 2761; x_wconf 78' lang='lat' dir='ltr'><strong>(S.</strong></span> <span class='ocrx_word' id='word_1_261' title='bbox 284 2714 308 2754; x_wconf 80' lang='lat' dir='ltr'><strong>R.</strong></span> <span class='ocrx_word' id='word_1_262' title='bbox 323 2713 345 2753; x_wconf 84' lang='grc'><strong>0.</strong></span> <span class='ocrx_word' id='word_1_263' title='bbox 365 2713 395 2752; x_wconf 88' lang='grc'><strong>11.</strong></span> <span class='ocrx_word' id='word_1_264' title='bbox 406 2713 459 2764; x_wconf 79' lang='lat' dir='ltr'><strong>Sept.</strong></span> <span class='ocrx_word' id='word_1_265' title='bbox 475 2713 545 2766; x_wconf 68' lang='lat'><em>1847.)</em></span> <span class='ocrx_word' id='word_1_266' title='bbox 562 2735 584 2744; x_wconf 90' lang='lat'><em>-</em></span> <span class='ocrx_word' id='word_1_267' title='bbox 603 2715 666 2755; x_wconf 89' lang='lat' dir='ltr'><strong>Unde</strong></span> <span class='ocrx_word' id='word_1_268' title='bbox 679 2725 724 2755; x_wconf 89' lang='lat' dir='ltr'><strong>non</strong></span> <span class='ocrx_word' id='word_1_269' title='bbox 737 2714 788 2753; x_wconf 85' lang='lat' dir='ltr'><strong>lieet</strong></span> <span class='ocrx_word' id='word_1_270' title='bbox 801 2714 899 2762; x_wconf 83' lang='lat' dir='ltr'><strong>praeter·</strong></span> 
     </span>
     <span class='ocr_line' id='line_1_36' title="bbox 154 2777 898 2829; baseline -0.005 -10"><span class='ocrx_word' id='word_1_271' title='bbox 154 2780 242 2820; x_wconf 84' lang='lat' dir='ltr'><strong>mittere</strong></span> <span class='ocrx_word' id='word_1_272' title='bbox 262 2781 350 2819; x_wconf 82' lang='lat' dir='ltr'><strong>cantum</strong></span> <span class='ocrx_word' id='word_1_273' title='bbox 362 2779 482 2828; x_wconf 86' lang='lat' dir='ltr'><strong>Introitus,</strong></span> <span class='ocrx_word' id='word_1_274' title='bbox 503 2779 646 2829; x_wconf 75' lang='lat' dir='ltr'><strong>Sequentiae,</strong></span> <span class='ocrx_word' id='word_1_275' title='bbox 671 2778 781 2820; x_wconf 74' lang='lat' dir='ltr'><strong>offertorii</strong></span> <span class='ocrx_word' id='word_1_276' title='bbox 797 2779 819 2816; x_wconf 86' lang='lat' dir='ltr'><strong>et</strong></span> <span class='ocrx_word' id='word_1_277' title='bbox 835 2777 898 2817; x_wconf 78' lang='lat' dir='ltr'><strong>(iom-</strong></span> 
     </span>
     <span class='ocr_line' id='line_1_37' title="bbox 154 2844 363 2889; baseline 0 -3"><span class='ocrx_word' id='word_1_278' title='bbox 154 2844 271 2889; x_wconf 82' lang='lat' dir='ltr'><strong>munionis.</strong></span> <span class='ocrx_word' id='word_1_279' title='bbox 360 2879 363 2886; x_wconf 67' lang='grc'><strong><em>.</em></strong></span> 
     </span>
    </p>
   </div>
   <div class='ocr_carea' id='block_1_10' title="bbox 0 0 1068 3230">
    <p class='ocr_par' dir='ltr' id='par_1_15' title="bbox 0 0 1068 3230">
     <span class='ocr_line' id='line_1_38' title="bbox 0 0 1068 3230; baseline 0 0"><span class='ocrx_word' id='word_1_280' title='bbox 0 0 1068 3230; x_wconf 95' lang='lat' dir='ltr'><strong> </strong></span> 
     </span>
    </p>
   </div>
  </div>
 </body>
</html>
