2106 3228
131 155 185 195 xvl
439 154 509 194 Index
523 155 625 203 capitum.
875 208 892 247 P

894 217 929 254 ⁸8.

77 235 79 244 Ι
132 259 272 327 Quaedam
292 274 344 330 pso
363 261 506 316 exercitiis
525 261 716 329 spiritualibus
757 301 765 316 .
848 261 928 316 ,218

62 383 65 390 ,
130 347 233 401 Preces
252 357 304 412 pro
323 345 517 400 sacerdotibus
572 384 857 401 .......
875 346 928 397 227

166 425 259 481 Oratio
277 426 455 495 presbyteri.
483 467 491 482 .
528 468 536 483 ,
573 467 581 482 ,
619 467 627 483 ,
664 468 672 482 ,
710 467 717 482 ,
756 468 763 483 ,
802 467 809 483 ,
848 428 928 482 ,227

216 539 233 567 ,,
284 497 322 551 ad
335 497 517 552 renovandam
535 497 646 566 gratiam
667 498 843 553 ordinationis
877 499 930 551 228

216 569 394 638 „parochi
441 609 858 625 ..........
877 571 930 622 229

217 680 233 710 ,,
283 640 479 695 concionatoris
499 647 526 694 et
545 641 706 695 catechistae
759 642 928 695 ..231

217 751 233 781 ,,
284 717 346 765 ante
366 719 393 765 et
410 720 473 780 post
495 712 611 768 cuiusvis
632 711 796 767 Sacramenti
814 710 860 764 ad-

285 783 505 837 ministrationem
533 823 722 838 .....
763 785 815 838 232
834 789 861 836 et
878 784 931 836 233
1041 819 1042 826 1

221 894 237 923 ‚,
287 861 349 907 ante
360 860 387 907 et
395 861 458 922 post
468 853 722 909 administrationem
730 853 861 922 Baptismi
879 855 932 907 233
1041 875 1042 902 ι

220 964 236 993 ,,
287 930 349 978 ante
369 931 476 992 etpost
495 925 676 981 confessiones
717 965 724 981 .
762 966 770 980 .
808 965 815 980 .
853 926 932 980 .235

217 1033 234 1064 „
285 1002 347 1050 ante
360 1003 464 1064 etpost
481 995 627 1054 administr.
642 1003 709 1050 extr.
724 995 863 1050 Unctionis
881 997 934 1049 236
1013 1031 1016 1034 -

218 1107 234 1136 ,,
286 1074 348 1121 ante
367 1073 474 1135 etpost
492 1068 671 1122 visitationem
699 1066 863 1122 infirmorum
881 1069 934 1121 237

444 1185 556 1241 runs
581 1167 622 1241 11'.

232 1283 463 1334 mumolus
490 1283 545 1334 ΕΤ
574 1284 839 1368 ᾙΔΒΤΟΒΑΒΙΒ.

148 1378 163 1420 l.
182 1377 223 1420 ut
241 1375 498 1432 ostensuros!
517 1377 562 1420 88.
582 1377 709 1421 musso!
731 1377 923 1422 substricti.

141 1456 207 1510 1.
226 1453 335 1509 Summa
351 1454 517 1510 rubricarum
536 1496 861 1513 ,,,,,,,,
880 1460 933 1512 244
1039 1487 1040 1490 ¹

242 1525 267 1596 1)
285 1525 327 1579 De
346 1525 468 1593 partibus
493 1525 635 1583 mobilibus
654 1528 754 1631 Missae
777 1527 862 1584 officio

285 1595 427 1652 conformis
441 1638 861 1655 ,,,,,,,,,,
880 1601 934 1654 244

241 1668 267 1739 2)
286 1669 328 1722 De
352 1667 537 1724 conformitate
562 1669 662 1725 Missae
689 1687 749 1725 oum
775 1669 860 1725 officio
1041 1727 1042 1750 χ

233 1776 236 1783 ι
286 1739 449 1811 ecclesiae,
441 1757 470 1794 ιιι
488 1756 541 1808 qua
560 1741 710 1796 celebratur
761 1782 769 1797 .
807 1781 814 1797 .
853 1741 933 1797 ,258

242 1811 268 1880 3)
286 1811 328 1864 De
346 1811 437 1866 Missis
455 1813 553 1868 votivis
579 1852 860 1869 ,,,,,,,
879 1813 933 1866 267
1041 1857 1042 1860 ,

287 1881 329 1935 De
348 1882 509 1938 solemnibus
533 1923 861 1939 ........
880 1885 933 1937 269
1041 1903 1042 1942 ι

285 1952 327 2007 ne
345 1953 457 2021 privatis
490 1994 862 2010 .........
880 1957 932 2008 271
1041 1943 1042 1996 l

286 2022 424 2090 Quaenam
441 2023 527 2079 Missa
544 2025 579 2080 sit
597 2023 709 2079 dicenda
762 2027 934 2080 ..279

286 2095 328 2148 De
346 2095 431 2150 Missa
448 2112 498 2164 pro
518 2111 618 2164 sponso
637 2104 665 2151 et
683 2111 815 2166 sponsa
853 2097 935 2152 ,286

286 2165 328 2220 De
346 2165 437 2221 Missis
455 2166 725 2222 Neosacerdotum.
854 2168 935 2223 ,287

241 2237 268 2306 4)
286 2236 329 2291 De
347 2237 438 2292 Missis
457 2237 642 2294 defunctorum
670 2278 860 2294 ,,,,,
881 2239 935 2292 288

287 2307 452 2390 Conspectus
464 2323 556 2364 eorum
558 2325 647 2379 ‚quae
656 2309 684 2365 in
695 2309 786 2365 Missis
794 2310 861 2364 voti·

307 2379 349 2433 vis
367 2386 395 2434 et
413 2378 446 2434 tle
464 2381 595 2448 Requiem
613 2379 746 2436 servanda
764 2388 861 2436 sunt.
880 2380 934 2434 296

172 2450 207 2504 11.
227 2449 392 2520 Conspectus
420 2453 647 2508 caeremoniarum
676 2451 777 2529 Missae
808 2451 863 2520 pri·

224 2530 303 2576 ratae
354 2562 861 2580 ,,,,,,,,,,,,
881 2525 936 2579 297

159 2591 208 2646 ΙΠ.
226 2592 304 2648 Ritus
324 2592 475 2647 celebrandi
492 2593 603 2650 Missam
621 2595 754 2662 privatam
808 2634 816 2648 .
854 2595 936 2649 ,307
1041 2579 1042 2646 ι

161 2662 207 2717 IV.
226 2664 305 2718 Ritus
324 2663 476 2718 celebrandi
493 2665 606 2720 Missam
624 2665 768 2720 solemnem
809 2705 816 2720 .
854 2665 936 2720 ,337
1041 2665 1042 2712 ἶ

173 2733 206 2788 V.
226 2735 268 2790 De
286 2736 372 2790 Missa
389 2735 538 2791 Pontificali
563 2737 687 2806 solemni,
714 2751 768 2790 non
784 2749 863 2804 prae-

223 2813 299 2862 sente
318 2806 364 2862 SS.
384 2807 558 2863 Sacramento
582 2847 862 2864 ,,,,,,,
882 2808 936 2861 362

473 2935 502 2974 h

846 3143 1042 3222 -ss---l
