2124 3230
348 195 381 240 De
394 199 470 240 Mluls
482 199 640 244 detunctorum.
850 197 892 242 est

129 303 155 358 7.
191 301 281 356 Extra
299 299 369 356 diem
386 302 504 370 tendum,
524 301 665 370 septimum
684 307 712 356 et
720 301 893 376 trigesimum,

94 373 151 428 sive
171 388 188 427 a
206 371 249 426 die
268 372 365 442 obitus,
383 373 441 428 sive
460 389 477 426 a
496 373 539 428 die
557 372 712 441 sepulturae
730 381 892 446 numeretur,

6 493 7 508 2
93 443 196 512 absque
216 444 327 512 speciali
344 443 447 499 indulto
471 459 526 499 non
544 449 635 513 potest
651 443 737 498 Missa
754 451 785 498 ut
802 445 830 510 in
849 445 892 500 die

92 514 183 570 obitus
202 515 312 584 cantari,
338 516 442 570 etiamsi
468 515 579 570 alicuius
598 513 717 569 defuncti
734 516 893 572 conveniant

6 633 7 638 ,
92 586 291 654 consanguinei.
329 585 368 654 (S.
387 587 422 640 R.
443 586 471 644 O.
499 587 754 654 27.Febr.1847.)
792 586 893 654 Quodsi

6 659 7 664 ’
92 664 183 712 autem
201 656 331 712 eiusmodi
349 655 407 713 dios
424 658 528 728 tertius,
554 657 598 712 vel
622 658 759 728 septimus,
784 658 828 712 vel
846 659 892 712 tri·

90 729 210 797 gesimus
235 728 314 783 cadat
340 729 367 782 in
390 729 569 798 Dominicam‚
594 728 639 783 vel
663 727 734 783 diem
759 727 892 799 festivum,

91 800 255 868 anticipatur
277 799 322 853 vel
344 799 506 856 transfertur
523 802 551 854 in
570 799 640 854 diem
659 806 814 868 sequentem
833 815 892 854 cnm

92 871 187 926 esdcrn
206 871 383 927 solemnitate.
421 871 461 938 (S.
480 872 515 928 R.
536 870 563 925 Ο.
582 875 626 925 23.
645 872 720 925 Moli
736 873 828 936 1603.)

126 944 154 1000 8.
191 941 277 997 Missa
289 953 339 1010 pro
352 940 492 1012 defunctis,
511 943 567 996 sive
581 942 615 997 de
628 943 759 1010 Requiem
776 942 803 996 in
817 941 893 998 festis

92 1012 244 1082 duplicibus
262 1019 356 1067 contra
373 1015 567 1082 praescriptum
590 1014 755 1068 rubricarum
773 1013 893 1074 Missalis

90 1083 208 1140 Romani
225 1084 377 1140 nullatenus
395 1085 525 1139 celebrari
544 1084 650 1139 debent.
674 1085 775 1152 Quodsi
794 1099 828 1139 ex
845 1085 892 1140 be·

90 1155 260 1211 neioctornm
268 1155 434 1210 institutione
443 1155 544 1210 Missae
554 1155 706 1211 huiusmodi
716 1156 892 1212 celebrandae

91 1225 214 1280 incidunt
230 1226 259 1280 in
275 1225 373 1281 festum
392 1225 491 1294 duplex
508 1233 579 1296 tunc,
598 1242 632 1282 nc
647 1227 738 1282 dilatio
754 1228 891 1284 animabus

91 1297 223 1382 suffragia
236 1295 452 1382 suspectantibus
467 1298 625 1353 detrimento
640 1299 682 1368 sit,
695 1301 723 1352 in
733 1299 811 1381 aliam
821 1298 892 1353 diem

91 1367 893 1510 lttMMtbMttpttiitttbltlultttf

90 1517 146 1566 tem
165 1510 312 1566 eorundem
324 1511 531 1566 benefactorum.
556 1511 636 1580 (MR.
645 1511 673 1565 0.
684 1513 708 1564 5.
719 1512 790 1580 Λα).
801 1514 892 1579 1662.)
951 1543 953 1548 ,

129 1581 263 1636 Sacerdos
281 1595 315 1636 ex
334 1583 424 1637 oblato
441 1583 558 1638 manuali
576 1581 709 1650 stipendio
729 1581 763 1635 ad
780 1581 892 1636 Missam

91 1654 226 1722 privatam
244 1668 294 1720 pro
311 1669 365 1709 uuo
383 1654 427 1708 vel
444 1669 494 1722 pro
512 1654 633 1722 pluribus
648 1652 779 1706 defunctis
791 1652 891 1720 obliga-

91 1733 145 1795 tus,
165 1722 296 1779 satisfacit
312 1725 468 1794 obligationi
486 1724 645 1780 celebrando
671 1723 782 1778 Missam
805 1722 891 1777 officio

92 1811 143 1851 suo
163 1793 324 1850 conformem
335 1796 438 1864 diebus,
457 1797 552 1864 quibus
570 1811 620 1866 per
641 1795 762 1849 rubricas
774 1795 891 1848 licetce-

91 1867 200 1921 lebrare
223 1865 335 1922 Missam
354 1867 386 1921 de
410 1868 549 1937 Requiem‚
575 1865 717 1923 dnmmodo
734 1865 828 1921 fideles
846 1881 892 1920 cx-

91 1951 187 2006 presse
197 1951 251 1992 non
259 1939 413 2008 rogaverint
422 1939 474 1993 dici
486 1939 585 1994 Missas
599 1938 632 1993 de
646 1937 782 2006 Requiem.
803 1937 844 2004 (S.
861 1937 890 1992 0.

92 2009 204 2078 Inuum.
223 2013 265 2062 14.
279 2010 369 2078 Aper.
384 2013 463 2064 1840.
473 2009 538 2067 ets,
556 2009 591 2064 R.
607 2009 641 2065 c.
655 2013 697 2063 12.
712 2007 784 2078 Sept.
798 2011 890 2076 1840.)

130 2080 277 2135 Celebrans
300 2080 336 2134 ad
352 2080 526 2135 intentionem
544 2081 634 2136 dauns
649 2081 845 2150 eleemosynam
864 2086 891 2135 et

88 2165 208 2221 prorsus
233 2152 371 2220 morans,
397 2167 530 2220 quamam
556 2153 631 2206 allius
648 2153 684 2206 sii
701 2153 821 2222 intentio,
835 2167 890 2220 pro

93 2221 231 2290 Mandis
248 2239 337 2290 necne,
355 2230 446 2292 potest
464 2223 553 2277 dicere
570 2221 681 2278 Missam
700 2221 733 2277 de
750 2223 889 2292 Requiem

94 2293 137 2360 (S.
157 2293 191 2348 R.
213 2292 241 2348 0.
259 2295 303 2348 29.
321 2294 393 2352 Noc.
412 2296 501 2360 1856.)

130 2363 278 2420 Celebrans
288 2364 320 2419 de
330 2365 460 2433 Requiem
470 2363 599 2421 satisfacit
609 2363 764 2434 obligationi
772 2361 800 2433 ¹),
811 2379 890 2432 quarn

101 2479 127 2532 ·¹)
143 2481 172 2519 ln
185 2479 288 2529 precibus
302 2489 373 2518 mrmo
387 2483 435 2518 erat
445 2478 488 2527 „de
501 2479 572 2518 oborn
585 2477 673 2517 minima
685 2477 807 2526 tolerando,
821 2476 845 2515 ln
859 2477 890 2516 lo·

147 2546 190 2588 stis
204 2546 381 2594 semiduplioibns
388 2547 517 2594 puramente
526 2547 615 2584 tantum
628 2545 694 2592 nigra
703 2542 808 2584 offerendi
818 2552 891 2581 sacar·

148 2613 239 2653 dotibus
253 2612 405 2661 celebraturis,
415 2612 592 2660 eosdemqoehac
600 2610 685 2650 ratione
692 2609 830 2659 impediendi,
837 2618 891 2656 quo·

149 2678 224 2717 mlnn·
235 2676 309 2725 legero
321 2687 362 2726 pro
375 2676 441 2716 libitu
454 2677 541 2725 possint
553 2676 633 2716 Missos
646 2674 681 2713 vel
689 2675 746 2713 sesto
759 2672 891 2720 responden·

148 2746 193 2792 tes,
207 2743 243 2782 rel
256 2743 343 2783 votlves
356 2743 420 2782 iuxta
434 2742 599 2793 permisslonsrn
609 2739 738 2788 rubricam
751 2738 811 2777 velot
824 2737 893 2786 igitur

147 2809 208 2852 dicta
222 2809 303 2849 decisio
323 2819 364 2858 pro
382 2808 425 2848 hoc
439 2807 486 2848 solo
500 2817 567 2856 casn,
591 2815 634 2855 qno
648 2803 693 2845 clla
705 2803 834 2854 paramenta
847 2811 906 2850 non,

145 2875 274 2918 offerantur.
325 2891 329 2900 =
