2138 3226
365 142 422 184 Ordo
436 144 494 184 vitae
508 143 658 188 sacerdotalis.
873 143 912 186 lae

113 244 247 298 meassum
264 243 312 298 illa
328 251 392 299 tuno
415 251 505 298 mente
524 244 723 314 reputabimus,
748 250 824 299 tanto
841 261 912 302 uuuc

113 332 171 370 oum
189 315 280 369 fructu
299 315 387 370 auimo
405 317 584 370 revolvamus.
620 316 714 382 ltaque
741 321 847 384 tempus
865 323 912 372 aut

112 387 228 440 inaniter
245 385 339 454 fluere,
366 393 413 440 aut
429 388 498 441 male
522 387 623 440 conteri
646 401 781 453 nunquam
803 389 911 455 permit·

112 458 177 527 tite;
204 457 254 512 sed
271 473 364 512 omnes
382 458 449 511 tanti
475 457 537 512 doni
555 458 708 526 particulas,
734 456 766 511 de
786 473 839 525 quo
856 466 911 514 tam

111 536 240 582 accurata
258 529 327 583 ratio
342 525 480 582 reddenda
499 537 548 598 est,
562 544 611 584 seu
623 545 674 598 pro
688 529 774 596 gloria
787 529 848 596 Dei,
862 545 911 584 seu

112 616 163 668 pro
175 606 268 654 vestra
282 606 309 654 et
324 600 437 653 aliorum
449 601 572 668 utilitate,
590 600 665 654 lucro
678 600 813 668 apponite.
839 599 912 655 Otio-

111 672 180 726 sitas
188 679 276 725 mater
285 687 423 740 nugarum,
438 686 555 725 noverca
562 672 691 732 virtutum
705 678 753 726 est.
765 670 804 738 (S.
814 671 909 739 Baro.)

110 741 209 796 Omnia
226 743 299 797 vitae
317 750 459 809 momenta,
486 742 534 796 sed
552 742 681 810 imprimis
700 749 847 796 extremmu
865 757 911 796 ve·

111 820 197 869 strum
207 814 331 881 spiritum
343 812 488 867 identidem
496 814 556 867 Deo
570 813 767 881 commendate;
787 814 912 868 eximium

110 885 330 952 perseverantiae
349 883 455 952 donum,
474 900 526 951 quo
544 892 634 939 cetera
647 885 814 940 cumulantur
833 885 912 955 dona,

108 955 268 1022 frequenter
287 962 315 1009 et
332 956 409 1009 enixe
428 955 579 1024 efflagitate.

146 1028 234 1084 xvlL
270 1027 308 1080 Ia
321 1028 424 1094 pietate
441 1033 466 1080 et
478 1026 684 1080 seientiaeimal
693 1026 825 1094 proficite.
851 1027 911 1082 Pie·

111 1104 154 1153 tas
174 1105 202 1152 et
220 1098 333 1152 scientia
359 1105 390 1152 ut
408 1097 476 1152 duae
495 1113 617 1166 sorores,
646 1105 692 1152 aut
711 1097 779 1152 duae
797 1099 911 1154 virtutes

110 1169 343 1224 coniunctissimas
361 1169 390 1222 iu
407 1170 484 1224 vobis
502 1168 596 1224 foedus
609 1168 792 1224 indissolubile
810 1169 910 1224 ineant

109 1241 229 1295 Devotio
248 1247 276 1294 et
296 1239 412 1294 studium
426 1240 464 1294 sic
476 1240 546 1294 iuter
564 1255 593 1294 se
613 1239 781 1309 concordent,
800 1248 831 1296 ut
843 1257 910 1294 nuu-

108 1327 193 1379 quam
206 1311 258 1366 sibi
272 1311 384 1364 invicem
398 1311 494 1380 obsint,
514 1310 561 1366 sed
576 1318 669 1366 contra
682 1311 733 1366 eibi
745 1318 837 1365 mutuo
851 1312 910 1380 plu·

109 1383 208 1436 rimum
227 1383 338 1451 prosint.
375 1382 491 1436 Devotio
516 1381 633 1437 studium
657 1381 749 1436 foveat
773 1389 800 1436 et
819 1398 911 1438 accen·

109 1454 171 1521 dat,
190 1453 309 1508 studium
323 1452 492 1508 devotionem
505 1453 634 1508 illuminet
649 1460 675 1507 et
688 1453 811 1507 illustret.
841 1453 911 1520 Quo·

108 1525 176 1580 tidie
202 1525 270 1578 duas
289 1525 333 1578 vel
351 1532 407 1578 tres
425 1525 507 1579 horas
532 1523 636 1592 studio,
661 1523 712 1578 nisi
729 1524 846 1592 legitime
864 1525 912 1577 imss

108 1595 205 1664 pediti,
225 1604 361 1650 strenuam
380 1597 490 1664 operam
514 1603 621 1651 navate.
657 1594 705 1662 „Si
728 1595 775 1647 vix
791 1595 820 1647 iu
837 1595 912 1650 laicis

109 1667 261 1722 tolerabilis
280 1665 386 1720 videtur
399 1667 512 1734 inscitia,
531 1674 630 1733 quanto
648 1666 734 1733 magis
751 1665 780 1717 in
798 1665 845 1733 eis,
865 1665 911 1732 qui

109 1745 261 1808 praesunt,
290 1753 340 1791 uec
359 1739 529 1792 excusatione
554 1745 595 1792 est
620 1736 712 1804 digna,
739 1750 789 1789 uec
807 1735 912 1792 venia.“

111 1809 153 1876 (S.
173 1809 230 1863 Leo
248 1809 290 1862 M.
308 1809 384 1876 epist.
402 1812 457 1877 46.)
478 1809 581 1877 „labia
599 1807 746 1863 sacerdotis
763 1807 913 1861 custodient

110 1881 254 1935 scientiam
268 1886 296 1932 et
308 1880 395 1946 legem
407 1880 544 1947 requirent
558 1895 591 1933 ex
606 1894 653 1933 ore
664 1878 747 1936 eins.“
764 1877 844 1944 (Mal.
853 1881 910 1947 27.)
963 1878 964 1881 ’

111 1951 269 2020 Ignorantia
282 1951 310 2003 iu
319 1950 502 2006 sacerdotibus
513 1958 598 2004 mater
607 1958 649 2006 est
658 1950 774 2004 omnium
784 1964 912 2019 errorum,

112 2023 161 2090 qui
180 2023 209 2075 in
228 2022 341 2076 ecclesia
358 2021 410 2076 Dei
428 2022 558 2077 oriuntur.
588 2021 725 2089 Imperitia
745 2021 913 2076 sacerdotum

112 2094 202 2162 iniis,
222 2107 291 2160 quae
309 2094 426 2147 muueris
444 2093 486 2147 sui
504 2099 573 2161 sunt,
595 2095 635 2146 uti
652 2093 680 2146 iu
699 2107 780 2146 causa
798 2099 847 2161 est,
867 2108 914 2146 cur

111 2179 222 2220 sacrum
240 2164 415 2218 ministerium
435 2165 609 2232 vituperetur,
633 2163 727 2230 religio
750 2163 914 2232 contemptui

112 2235 260 2301 habeatur,
289 2243 316 2289 et
334 2235 500 2290 sanctissima
524 2249 646 2302 quaeque
672 2249 753 2303 saepe
771 2235 914 2302 impiorum

112 2306 232 2362 irrisioni
251 2314 432 2374 exponantur,
457 2307 495 2360 ita
519 2321 597 2359 nemo
616 2305 693 2360 facile
713 2306 847 2373 explicare
865 2321 914 2374 po·

113 2378 187 2446 terit,
206 2392 275 2444 quae
290 2376 386 2430 domna
402 2376 497 2431 exinde
514 2377 663 2431 christianis
677 2377 784 2445 populis
797 2376 914 2430 inferan-

113 2455 166 2503 tur.
185 2477 220 2487 -
239 2448 445 2516 „Speculatores
464 2449 521 2502 eius
538 2449 610 2502 caeci
634 2463 734 2516 omues,
761 2448 915 2502 nescierunt

114 2519 234 2574 universi
361 2519 414 2588 ipsi
447 2526 570 2586 pastores
601 2519 792 2587 ignoraverunt
817 2517 914 2572 intelli-

51 2605 52 2610 *
113 2589 260 2659 gentiamf‘
278 2589 322 2659 (lc.
339 2592 381 2644 16.
398 2590 449 2658 14.)
469 2589 584 2659 „Omnes
597 2598 704 2645 nostros
722 2591 749 2642 in
765 2590 845 2642 vinea
857 2588 913 2641 Do-

113 2662 179 2716 mini
198 2660 334 2716 adiutores
359 2661 532 2715 adhortamur
556 2661 584 2714 in
601 2661 716 2715 Domino
745 2667 772 2714 et
790 2660 913 2714 obsecra·

113 2749 183 2801 mus,
201 2740 232 2786 ut
249 2731 345 2801 nullus,
371 2733 538 2799 quantumvis
557 2732 608 2786 sibi
626 2747 721 2800 sapere
741 2739 768 2785 et
786 2736 914 2797 expertus

113 2818 176 2859 esse
196 2801 327 2872 videatur,
354 2803 470 2858 studium
488 2803 639 2870 theologiae
662 2801 779 2870 moralis,
807 2799 914 2853 canoni-
