2138 3226
160 177 202 221 2⁶2
331 180 364 220 De
377 179 526 220 celebratione
540 177 575 221 18.
591 177 672 220 bilem
685 178 793 223 saerldell.

156 283 246 339 dende
262 289 331 351 sunt,
350 281 399 337 sed
415 280 591 352 observanda,
608 286 688 350 prout
701 286 798 336 sonant
817 279 857 348 (ἃ
872 280 908 336 R.
924 280 956 340 G.

156 359 202 410 28.
220 355 287 410 Dae.
305 356 407 422 1682).

193 427 218 484 5.
238 426 425 493 (lassescamus
442 431 470 480 et
487 424 643 492 capellanus
660 439 881 492 quarumcunque
898 438 955 476 mo-

156 497 280 564 salium,
305 512 374 564 quae
399 494 433 550 ad
461 496 571 550 chorum
598 503 660 549 sunt
677 493 825 562 professae,
853 494 956 562 aliique

158 583 250 624 omnes
269 576 297 624 et
314 568 418 636 singuli,
438 567 484 644 qui
501 581 535 620 ex
560 565 649 622 debito
674 572 799 619 tenentur
817 565 957 620 celebrare

156 641 186 693 in
204 639 318 696 eeclesia
344 636 489 692 earundem
512 636 673 705 monialium,
696 634 838 690 dummodo
865 637 959 692 cele·

158 710 262 765 brent
278 711 314 764 in
330 710 489 776 ipsarum
506 708 669 776 ecclesis,
687 714 800 775 possunt
818 713 846 761 et
859 705 960 763 debent

159 781 278 850 quotidie
311 779 399 834 dicere
430 779 542 834 Missam
573 777 718 834 solemnem
749 785 796 832 aut
826 779 962 846 privatam

159 851 248 922 (modo
267 852 334 906 haec
348 851 382 906 sit
394 850 480 905 Missa
497 849 716 917 principalis
734 863 797 903 seu
815 865 962 904 eonven-

158 922 280 992 tualis)
303 921 467 975 conformem
492 919 577 975 officio
609 928 636 975 et
660 921 688 974 in
719 920 808 975 colore
838 919 962 975 eiusdem

159 993 246 1062 officii,
274 992 347 1060 quod
371 1007 388 1046 a
407 991 569 1046 Monialibus
587 992 616 1045 in
633 991 715 1046 choro
732 992 870 1059 recitetur,
898 991 963 1047 lieet

159 1063 274 1119 officium
291 1063 447 1117 monialium
465 1061 546 1117 etiam
563 1062 696 1117 inferioris
714 1063 750 1117 sit
767 1063 843 1117 ritus.
864 1062 906 1130 (S.
925 1063 962 1118 1e

161 1135 318 1194 0.11.Jon.
336 1135 482 1204 1⁷01.,rr.
501 1134 582 1188 Febr.
600 1133 852 1201 1702.,1e.r1arr.
870 1136 963 1201 1702,

159 1205 269 1332 &Dea
289 1207 376 1272 1717,
395 1207 441 1260 20.
460 1205 532 1260 Noe.
550 1207 638 1271 1806,
663 1208 705 1259 11.
722 1204 792 1272 Apr.
817 1207 908 1272 1840,
939 1207 964 1260 7.

190 1292 226 1331 ec.
244 1278 335 1343 1844.)

195 1348 227 1402 In
253 1348 306 1402 hoe
330 1362 394 1402 essu
418 1361 529 1414 prorsus
556 1345 691 1414 negligere
719 1343 818 1400 debent
843 1344 962 1401 officium

159 1418 306 1487 proprium,
332 1425 360 1472 et
376 1417 466 1472 faeere
485 1432 576 1472 omnes
595 1417 870 1486 commemorationes,
889 1433 961 1484 quas

159 1489 301 1559 facerent,
317 1490 341 1544 si
359 1488 472 1544 officium
489 1488 643 1543 monialium
669 1489 836 1544 recitassent.
873 1489 963 1544 Missa

159 1575 225 1616 vero
240 1560 353 1617 dicenda
371 1567 420 1628 est,
438 1560 478 1615 uti
496 1566 718 1628 supranotatum,
737 1573 771 1613 ex
785 1559 891 1614 Missali
905 1559 962 1616 Ro·

159 1649 238 1688 mano
257 1641 285 1688 et
301 1633 377 1686 iuxta
393 1631 465 1686 illius
482 1631 611 1697 rubricas,
630 1637 657 1684 et
675 1629 846 1686 asaoerdote
865 1646 962 1686 saecu·

159 1704 210 1759 lari
233 1703 284 1759 dici
307 1719 362 1758 non
383 1709 497 1771 possunt
513 1700 614 1756 Missae
638 1702 764 1769 propriae
791 1703 963 1770 approbatas

159 1791 209 1842 pro
228 1775 308 1829 certis
326 1773 503 1841 regularibus.
524 1772 563 1838 (S.
579 1771 607 1825 R
630 1771 658 1826 0.
677 1772 794 1827 eodan.
809 1776 899 1842 1664,
918 1778 964 1829 13.

159 1846 241 1900 Febr.
251 1848 337 1910 roco,
355 1848 400 1898 22.
415 1842 829 1911 Mai.1eee.,11.Fcor.1702.,
847 1847 875 1898 2.
890 1846 964 1914 Apr.

159 1919 241 1969 1707.
261 1924 289 1970 ec
306 1919 348 1969 15.
365 1915 423 1969 Μ.
442 1915 531 1980 1769.)

196 1985 350 2040 Notandum
362 1999 429 2039 vero
443 1991 492 2052 est,
511 1985 579 2038 haec
596 1990 699 2037 tantum
711 1983 888 2052 intelligenda
901 2001 966 2043 esse

160 2055 194 2110 de
212 2056 379 2124 monialibus,
397 2069 466 2123 quae
485 2054 519 2108 ed
534 2055 645 2108 chorum
663 2061 725 2108 sunt
742 2054 893 2125 professae,
913 2073 966 2113 seu

160 2141 229 2194 quse
243 2126 358 2180 recitent
370 2134 448 2181 totu
456 2141 483 2178 m
497 2125 610 2179 officium
624 2126 787 2194 canonicum,
801 2142 858 2181 non
871 2136 967 2184 autem

160 2196 194 2250 de
212 2197 279 2266 illis,
305 2212 373 2264 quae
398 2205 502 2251 tantum
525 2197 639 2250 recitant
663 2194 777 2250 officium
794 2213 912 2266 parvum
929 2199 966 2254 B.

159 2267 197 2322 M.
216 2268 249 2323 V.
285 2268 352 2322 Item
375 2268 443 2322 bseo
461 2267 582 2320 obtinent
609 2266 643 2320 de
665 2266 712 2320 ills
735 2273 840 2323 tentum
866 2270 966 2342 Missa,

160 2353 230 2405 quae
247 2353 329 2392 vere
348 2346 390 2392 est
407 2337 603 2405 conventualis,
630 2335 659 2390 id
683 2346 725 2393 est
749 2353 820 2407 quae
838 2342 966 2408 quotidie

160 2409 310 2463 celebratur
328 2407 517 2463 seeundum
534 2406 693 2462 ordinem
711 2408 839 2465 officii.

196 2481 221 2532 6.
248 2478 408 2534 Sacerdotes
427 2477 590 2533 conduentes
609 2477 643 2532 ad
660 2480 815 2536 monialium
833 2483 970 2540 ecclesias

160 2549 309 2604 devotionis
325 2551 418 2619 gratia
443 2564 497 2602 non
521 2557 634 2616 possunt
652 2549 789 2606 celebrere
807 2552 911 2610 Missas
930 2555 968 2611 de

159 2619 251 2675 Beatis
275 2636 328 2676 non
346 2619 509 2674 canonizatis
527 2620 646 2686 ipsarum
663 2623 834 2678 monasteriis
853 2625 969 2683 cone'es-

160 2706 222 2760 sas,
250 2691 298 2746 sed
315 2691 401 2745 Missa
419 2689 578 2744 celebranda
602 2698 643 2745 est
665 2690 699 2746 de
718 2691 774 2762 die,
805 2701 833 2750 et
851 2712 882 2751 se
902 2714 970 2753 con·

158 2760 275 2816 formare
293 2762 392 2816 debent
414 2759 499 2815 officio
518 2762 636 2830 proprio,
655 2770 788 2829 quatenus
812 2767 889 2822 color
917 2785 969 2838 pe·

158 2841 339 2888 ramentorum
363 2831 492 2887 ecclesiae
519 2833 672 2888 monialium
701 2835 737 2889 sit
763 2835 850 2908 idem;
884 2855 969 2897 secus
