2146 3234
328 160 361 202 llo
375 159 516 224 sacramento
524 145 672 202 iiatrtnnonll.
859 158 900 204 tol

101 263 297 318 desudantem
320 266 441 330 tempore
466 260 679 330 dispensationes
704 263 902 320 committuntur

101 333 261 402 Ordinauiis,
279 338 310 387 ut
327 332 379 400 ipsi
396 333 489 386 habita
503 331 641 388 sufficienti
658 333 854 404 informatione,
873 342 901 392 et

99 405 210 475 cognita
227 419 336 472 precum
353 404 476 473 veritate,
502 405 593 472 reipsa
611 412 638 459 et
657 412 718 460 actu
737 405 900 474 dispensent.

138 478 168 531 3ὓ
186 476 237 530 Ab
256 475 418 530 incestus
435 481 554 544 reatu,
574 481 606 529 et
624 476 901 532 excessibushu·

100 545 257 604 iusmodi
276 553 349 613 etc,
369 545 538 602 absolvas
556 562 618 614 pro
641 554 797 615 utroque
816 546 901 604 foro.

102 619 181 674 Haec
199 617 319 672 clausula
336 631 442 686 semper
459 617 593 687 inseritur,
612 617 718 684 quando
740 618 774 673 ob
792 633 901 687 praece-

9 686 10 692 ’
103 689 213 745 dentem
231 688 354 756 copulam
378 689 564 756 incestuosam,
588 688 633 742 vel
659 689 713 743 iam
737 696 902 745 contractum

9 757 11 834 ᾗ
102 759 304 827 Matrimonium
329 775 389 813 cum
413 760 611 827 consanguinea
634 761 678 814 vel
697 759 783 830 affine,
807 759 839 815 fit
862 760 902 814 di·

9 835 11 896 ?
104 825 250 902 spensatio.
270 830 348 885 Circa
367 846 446 898 quam
459 830 604 886 clausulam
617 831 771 901 notandum,
789 831 860 887 illius
873 832 902 886 vi

9 911 12 964 ῗ
103 909 233 974 possset
251 900 350 956 debere'
369 909 554 957 exsecutorem
573 901 701 958 Oratores
726 904 856 971 apoenis
874 903 903 956 in

9 971 13 1054 ξ
105 981 222 1043 utroque
239 971 308 1042 foro,
320 972 349 1027 id
366 980 415 1042 est,
428 980 483 1028 tam
497 973 610 1043 interno,
625 989 704 1042 quam
718 982 837 1042 externo,
857 973 902 1028 ab·
1009 1019 1011 1030 .

9 1055 13 1114 ζ
104 1047 221 1112 solvere,
246 1042 387 1099 dummodo
411 1044 439 1097 in
462 1042 522 1099 foro
550 1045 638 1113 aliquo
657 1053 768 1100 externo
785 1043 903 1100 nondum

9 1115 14 1198 ζ
106 1118 161 1174 sint
179 1116 268 1171 delati.
296 1114 401 1170 Deinde
420 1130 454 1168 ex
471 1115 586 1185 plurium
603 1116 773 1171 Dioecesium
792 1131 903 1172 consue·

9 1197 13 1242 ὲ
104 1187 197 1244 tudine
217 1194 357 1242 exsecutor
381 1192 471 1254 potest
494 1187 571 1242 alteri
593 1186 767 1256 subdelegarc
785 1195 903 1256 potesta·
953 1243 955 1248 .

104 1267 161 1315 tem
175 1257 331 1314 absolvendi
345 1257 473 1312 Oratores
492 1257 525 1312 ab
543 1259 647 1314 incestu
666 1264 693 1313 et
704 1260 798 1327 poenis
816 1259 902 1328 illius3

37 1339 39 1342 ’
106 1331 227 1388 securius
240 1336 330 1384 tamen
344 1343 403 1384 esse
419 1328 525 1397 {dicunt
544 1329 566 1384 si
583 1329 697 1397 ipsemet
710 1331 904 1386 absolutionem

105 1408 246 1472 praestet,
263 1399 335 1468 quod
349 1399 405 1455 sine
419 1399 573 1455 difficultate
588 1407 615 1455 et
628 1400 720 1455 labore
737 1400 797 1456 fieri
805 1408 903 1470 potest,

107 1473 172 1542 quia
190 1471 225 1526 ad
241 1472 310 1526 banc
329 1471 522 1526 absolutionem
540 1479 651 1526 nonest
668 1473 855 1540 necessarium,
873 1479 905 1528 ut

105 1542 303 1598 fiatOonfessio
323 1542 530 1611 sacramentalis,
549 1541 597 1598 sed
610 1549 700 1610 potest
718 1559 736 1597 a
753 1543 839 1597 iudice
858 1542 904 1598 de·

106 1617 198 1684 legato
215 1613 275 1668 fieri
294 1621 371 1668 extra
384 1612 593 1682 Confessionem,
613 1614 692 1668 etiam
710 1613 800 1680 quoad
816 1613 904 1668 forum

106 1687 242 1742 internum
259 1699 308 1740 seu
326 1685 512 1754 conscientiae,
535 1685 574 1739 ita
591 1692 622 1739 ut
640 1684 702 1739 dein
718 1685 809 1740 taliter
826 1685 904 1740 abso·

105 1757 188 1825 lutus,
207 1763 262 1810 tam
280 1757 308 1811 in
326 1755 385 1812 foro
405 1764 525 1825 externo,
544 1771 623 1824 quam
640 1757 745 1811 interno
764 1757 799 1811 sit
811 1756 904 1810 immu-

109 1829 152 1884 nis
171 1843 188 1882 a
204 1828 308 1896 poenis,
335 1844 360 1881 v.
379 1843 405 1896 g.
430 1827 463 1882 ab
489 1827 758 1882 excommunicatione
784 1833 811 1881 et
835 1827 904 1894 aliis,

106 1915 175 1970 quas
193 1898 227 1953 ob
245 1900 376 1954 incestum
393 1899 549 1953 incurrerat.

142 1970 353 2038 4⁰lmposita
371 1970 423 2024 eis
442 1976 491 2024 etc.
507 1969 657 2025 salutari
674 1967 904 2037 poenitentia

9 2029 11 2040 ’
105 2042 182 2097 Haec
200 2040 320 2096 clausula
341 2041 370 2094 in
395 2041 500 2095 casibus
519 2040 630 2108 copulae
649 2048 676 2095 et
694 2039 852 2108 suspicionis
870 2037 913 2104 de¹

106 2112 201 2168 eadem
220 2127 326 2180 semper
344 2113 498 2180 apponitur3
518 2126 586 2180 quaa
603 2109 708 2180 quidem
727 2110 905 2166 conditionem

9 2221 10 2226 κ
105 2199 161 2238 non
178 2182 313 2252 importat,
331 2198 381 2237 uec
400 2182 433 2237 de
451 2182 538 2238 forma
562 2197 621 2238 esse
649 2189 783 2250 censetur3
809 2181 905 2237 nibilo-

105 2255 193 2310 minus
210 2263 300 2309 tamen
317 2254 390 2308 illam
403 2261 545 2310 exsecutor
563 2269 597 2307 ex
608 2262 752 2322 praecepto
766 2254 904 2322 imponere

9 2389 11 2402 Ι
108 2325 196 2394 debet,
216 2342 276 2380 curn
291 2325 368 2394 Papa
385 2323 413 2379 id
430 2324 539 2380 mandet
565 2325 593 2379 in
610 2325 714 2380 litteris.
752 2324 821 2392 Quia
838 2339 904 2379 vero

106 2397 180 2452 nulla
193 2396 292 2452 ibidem
302 2403 376 2450 certa
388 2396 579 2464 praescribitur
591 2395 764 2465 poenitentia,
778 2395 905 2463 relinqui·

9 2477 10 2486 *
106 2475 152 2523 tur
170 2468 279 2522 arbitrio
303 2466 399 2522 iudicis
416 2466 577 2536 imponenda
601 2483 652 2534 pro
677 2466 832 2522 diversitate
858 2465 910 2521 de—

106 2538 170 2606 licti,
197 2554 381 2608 personarum,
408 2538 663 2595 circumstantiarum
690 2545 717 2592 et
747 2545 911 2606 temporum

9 2629 13 2658 ε
108 2608 171 2663 Non
189 2617 232 2664 est
250 2617 339 2666 autem
356 2625 476 2679 necesse,
502 2617 533 2664 ut
550 2609 657 2677 publica
674 2609 840 2678 poenitentia
857 2608 912 2667 im*

9 2703 11 2716 ·
106 2685 224 2750 ponatur
242 2680 407 2750 Oratoribus,
433 2681 485 2736 etsi
508 2680 633 2735 delictum
651 2695 744 2735 eorum
768 2680 804 2736 sit
820 2677 913 2748 publi-

9 2777 11 2788 ·
109 2767 177 2819 cum,
197 2752 261 2820 quia
277 2752 362 2822 Papa,
381 2751 404 2807 si
421 2751 450 2806 id
467 2751 558 2821 vellet,
577 2751 747 2819 exprimeret.

141 2823 173 2879 5⁰
189 2822 239 2877 Ab
257 2823 409 2879 invicem
428 2837 579 2893 repares.
597 2823 672 2878 Haec
690 2821 811 2878 clausula
826 2819 910 2876 etiam

745 2908 817 2964 17*ss
