2146 3234
378 194 537 244 mascularum
551 194 612 237 ordo.
853 192 893 235 671

94 296 204 365 suscipi,
227 301 254 351 et
272 295 307 350 ad
324 296 439 364 patriam
456 295 576 365 paradisi
593 295 719 366 perduci3
737 302 768 351 ut
785 298 849 365 qnia
865 299 894 353 in

94 377 122 425 te
136 367 256 437 speravit
270 367 430 436 accredidit,
449 383 503 422 non
521 382 624 436 paenas
644 367 741 422 inferni
754 370 893 438 sustineat,

95 439 144 496 sed
161 437 261 509 gaudis
278 445 388 493 aeterna
405 437 551 508 possideat.
587 439 642 494 Per
655 439 789 494 Christum
802 438 893 495 Domi·

95 527 159 566 num
176 516 305 566 nostrum.
324 539 357 550 —
376 509 412 565 R.
429 509 524 564 Amen„

134 581 167 637 Si
184 581 327 648 Manates
342 581 427 650 faerit
440 580 573 665 sacerdos²
591 582 622 635 ia
637 579 765 637 Oratione
778 579 894 649 damur,

98 669 148 724 pro
168 653 256 706 anima
272 651 366 707 famuli
382 652 422 706 tui
441 651 596 722 sacerdotis,
615 667 695 721 qnam
712 651 793 707 hodie
812 659 888 719 etc,

137 727 179 779 11.
213 723 311 778 Fiac'ta
332 722 473 792 Oratione,
500 739 598 792 carpta
615 723 736 791 desertor
752 721 792 777 aa
808 712 904 792 saaca-³

95 795 202 862 otram,
229 795 255 848 si
280 799 344 849 taac
362 794 536 862 wasaliam
553 797 604 863 se't,·
629 800 654 850 et
679 795 744 849 olam
756 799 894 864 portator,

97 867 187 922 clerici
204 870 316 920 cantara
332 865 534 934 Antiphonem:

131 938 164 992 In
182 935 336 1006 paradisum
355 936 488 992 deducant
505 944 533 992 te
546 936 652 1006 Angeli,
670 936 699 990 in
715 942 763 991 tuo
778 935 895 992 adventu

77 1008 242 1082 ,suscipiant
259 1016 287 1062 te
305 1007 448 1078 Martyres,
467 1015 494 1064 et
511 1008 660 1077 perducant
672 1013 702 1062 tc
713 1007 742 1061 in
760 1007 895 1063 civitatem

96 1086 214 1136 sanctam
231 1079 390 1136 Jerusalem.

133 1150 238 1205 Chorus
256 1151 420 1218 Angelorum
444 1156 473 1205 tc
491 1150 633 1220 suscipiat,
661 1157 689 1206 et
712 1167 772 1206 mm
789 1151 895 1207 Lazaro

98 1220 232 1290 qnondam
250 1235 370 1290 paupere
389 1227 526 1276 aeternam
543 1221 645 1276 habeas
662 1223 791 1290 requiem.

133 1295 176 1348 12.
197 1291 263 1346 dam
282 1297 371 1346 arctare
381 1293 534 1360 paacacra't
552 1292 590 1346 ad
607 1293 784 1360 sepulchrum,
802 1295 828 1347 sc'
839 1308 896 1348 aaa

96 1368 136 1487 εᾶνι
152 1361 327 1432 benedictam,
343 1361 469 1417 sacerdos
481 1362 552 1416 allud
564 1362 702 1433 beaedc'ar't,
720 1363 812 1419 dicem
824 1364 895 1420 acac

136 1434 268 1487 ationem:

136 1502 255 1558 werras.
274 1503 358 1572 Deus,
378 1503 452 1558 ouius
465 1503 636 1558 miseratione
655 1503 759 1558 animae
776 1503 895 1559 fidelium

95 1574 279 1643 requiescunt,
309 1574 526 1629 huno'tumulum
545 1573 613 1630 bene
631 1574 650 1641 †
668 1573 757 1629 dicere
776 1574 894 1645 dignare,

97 1646 176 1714 eique
195 1645 327 1714 Angelum
345 1651 420 1700 tuum
434 1651 556 1712 sanctum
568 1644 668 1713 deputa
681 1644 819 1700 custodem
826 1645 846 1728 ξ)
867 1653 895 1701 et

14 1771 15 1776 ,
97 1732 212 1785 qnorum
230 1731 395 1785 qnammque
414 1732 527 1785 corpora
544 1716 588 1770 hic
602 1715 774 1785 sepeliuntur,
793 1731 895 1772 ammas

98 1803 191 1842 eorum
210 1788 243 1842 ab
263 1787 384 1842 omnibus
409 1787 519 1842 absolve
536 1787 648 1843 maculis
667 1786 837 1857 delictorum,
864 1793 895 1842 ut

96 1859 124 1914 in
143 1865 170 1914 te
189 1873 294 1927 semper
320 1875 379 1913 cum
399 1857 502 1914 Sanctis
526 1858 580 1914 tuis
607 1858 664 1916 sine
682 1857 736 1912 fine
752 1858 894 1914 laetentrm.

95 1931 160 2056 Pe}z
168 1930 310 2000 Christum,
329 1929 472 1985 Dominum
484 1936 613 1986 nossem.

160 2042 167 2056 .
186 2002 281 2056 Amen.

134 2075 176 2127 13.
189 2073 274 2127 Dato
290 2069 425 2144 Oratione,
438 2071 564 2127 sacerdos
573 2069 796 2140 aquabaeede'cta
805 2085 895 2139 asper·

93 2149 150 2214 pat,
169 2143 266 2199 dacae
283 2145 399 2198 iaceasct
416 2159 514 2214 corpas
532 2141 661 2211 desaacts',
683 2141 865 2200 camalam.

120 2225 165 2269 NB.
180 2227 269 2267 thnsle
282 2227 405 2267 Romanum
421 2227 552 2266 nonhabet
570 2236 647 2275 preces
668 2226 708 2266 sub
727 2226 787 2266 hlscs
807 2226 894 2265 salbus

94 2292 261 2342 persolvendam
276 2302 344 2341 qnare
358 2303 386 2332 ex
398 2291 534 2340 Barullsldo,
547 2291 632 2332 thnsli
644 2291 759 2331 Ratlsbm.
774 2294 797 2332 st
810 2291 893 2341 Agond.

94 2357 169 2400 Oolon.
183 2368 220 2397 sas
234 2357 311 2407 adlecl,
325 2357 405 2406 qulbus
419 2357 442 2396 ln
455 2357 557 2407 plnrlmls
571 2356 626 2398 locis
640 2357 741 2396 utuntur.

130 2422 206 2476 Dara
223 2423 348 2478 sacerdos
366 2437 465 2491 carpas
482 2421 617 2492 acopo:

132 2492 204 2548 Rore
229 2494 339 2550 coelesti
356 2492 500 2563 perfundat
523 2499 551 2547 et
568 2489 672 2548 reficiat
689 2492 803 2546 animam
819 2497 894 2546 tuam

17 2585 19 2650 3
95 2563 278 2689 Dessssster
296 2572 324 2620 ct
340 2565 428 2621 Filius
445 2566 463 2633 †
482 2570 510 2619 et
528 2563 644 2632 Spiritus
662 2570 778 2619 sanctus.

159 2675 166 2688 .
237 2651 278 2690 en.

109 2743 132 2796 ¹)
147 2743 237 2794 „Solent
247 2755 340 2794 namque
348 2743 485 2796 (daemones)
494 2744 607 2784 desaevire
617 2743 639 2784 ln
649 2753 742 2794 corpora
750 2744 893 2791 mortuarum,

148 2812 174 2849 ut
191 2809 250 2858 quod
267 2811 413 2858 nequiverunt
426 2811 449 2850 ln
463 2811 522 2859 vlla,
537 2810 615 2850 sallem
628 2811 679 2860 post
697 2811 789 2850 monem
803 2805 894 2857 agerer

149 2875 255 2922 (amana
271 2875 382 2915 Rationale
395 2876 430 2918 lid.
444 2875 463 2920 7.
477 2887 499 2916 a.
514 2873 559 2927 85.)
