2108 3226
329 169 403 210 Tertia
417 171 540 220 matlamrn
554 173 618 214 aetlo.
641 135 650 151 .
832 173 872 216 188

67 272 167 328 dolorm
181 271 242 339 tni3
261 270 381 338 astringe
394 270 520 338 vinculis3
540 271 617 326 ablue
632 270 780 341 Sanguine3
794 289 873 330 cruce

69 345 157 413 erige3
177 349 268 397 morte
287 339 401 396 vivifica.
439 341 567 398 Penetret
591 359 667 397 amor
687 351 750 398 tuus
768 345 873 402 viscera

69 431 136 485 mea,
165 421 194 468 et
214 429 322 468 omnem
340 413 457 468 alienum
475 429 592 468 amorem
610 413 737 483 expellat.
771 415 872 472 Absce-

69 485 113 542 dat
130 486 354 554 phantasmatum
377 483 534 554 multitudo,
561 500 657 552 meque
682 491 767 540 totum
790 487 820 540 in
843 494 873 542 te

69 556 248 622 transforma,
276 563 308 610 ut
332 556 404 610 inte
422 563 517 623 pereat
535 558 620 611 omnis
638 557 788 612 substantia
804 573 872 627 mea,

69 643 164 696 meque
184 627 300 696 amplius
325 642 379 683 non
405 627 539 682 inveniam
561 629 612 682 nisi
630 628 658 681 in
676 635 713 684 te.
747 629 872 696 Imprime

70 699 142 754 cordi
161 714 223 754 meo
243 713 362 754 amorem
380 698 466 754 crucis
486 707 514 753 et
535 699 734 768 humiliationis,
761 700 815 768 qni,
840 706 870 755 ut

70 786 111 826 me
129 769 288 839 redimeres,
313 785 347 822 ne
366 785 420 824 uno
439 769 546 836 quidem
564 778 698 827 momento
717 771 774 826 sine
793 786 872 826 cruce

72 857 128 898 esse
146 841 268 897 voluisti
304 839 346 894 Ne
364 841 476 908 patieris
500 857 544 896 me
568 842 625 896 sine
643 842 732 897 fructu
751 858 767 896 a
784 850 811 898 te
829 857 871 898 re·

73 913 176 983 cedere,
196 911 245 968 sed
259 926 372 979 operare
386 927 490 966 mecum
507 912 639 966 mirabilia
651 921 707 982 tua,
726 913 794 968 sicut
811 929 871 968 cum

73 984 176 1039 Sanctis
194 989 324 1052 operatus
343 997 388 1052 es;
407 989 435 1037 et
451 983 494 1038 fac
512 999 554 1038 me
569 984 705 1040 ambulare
721 986 748 1038 in
765 985 871 1040 fortitu·

74 1055 131 1110 dine
150 1055 204 1109 cibi
221 1054 300 1109 istius
318 1069 403 1121 usquc
417 1053 452 1108 ad
468 1062 586 1110 montem
598 1056 779 1124 perfectionis.
807 1056 871 1112 Suc-

76 1127 157 1181 cende
176 1141 219 1179 me
237 1126 322 1193 ignita
339 1126 367 1178 vi
385 1126 482 1180 amoris
500 1127 555 1195 tui,
583 1134 614 1181 ut
635 1129 686 1182 sim
703 1134 791 1182 terum
809 1144 871 1183 ron·

73 1204 218 1253 summates
231 1197 260 1250 in
273 1213 364 1266 unum,
383 1198 489 1251 omnino
508 1198 657 1254 abstractus
676 1215 693 1252 a
708 1200 823 1267 meipso
842 1205 871 1254 et

74 1269 104 1323 ab
123 1269 197 1324 omni
223 1275 356 1322 creatura.
393 1267 521 1323 Omnibus
546 1281 652 1336 quoque
677 1269 783 1326 famulis
808 1270 871 1339 tuis,

72 1355 118 1407 pro
134 1340 233 1407 quibus
248 1339 332 1393 obtuli
341 1339 393 1393 hoc
403 1338 568 1409 sacrificium,
587 1349 614 1394 et
623 1357 673 1409 pro
688 1342 783 1409 quibus
793 1357 871 1396 orare

73 1410 164 1479 debeo,
184 1426 235 1466 seu
252 1417 284 1464 tu
300 1411 391 1478 rogari
408 1411 458 1479 vis,
482 1410 517 1464 da
534 1427 636 1481 pacem,
656 1413 768 1467 salutem
785 1417 870 1466 tuam·

73 1498 122 1549 que
149 1481 373 1538 benedictionem
420 1482 551 1536 Converte
573 1484 687 1538 miseros
715 1489 872 1551 peccatores

73 1553 106 1607 ad
118 1561 155 1622 te,
169 1568 271 1608 revoca
283 1552 433 1608 haereticos
448 1559 528 1620 atque
543 1554 733 1622 schismaticos,
753 1553 873 1608 illumina

72 1624 192 1680 infideles
211 1632 239 1679 te
258 1624 420 1692 ignorantes.
451 1625 554 1680 Adesto
573 1625 704 1693 omnibus,
723 1624 769 1691 qui
781 1625 809 1677 in
823 1624 870 1677 ali·

74 1712 126 1764 qua
138 1695 302 1750 necessitate
322 1703 350 1749 et
359 1695 530 1750 tribulatione
547 1697 684 1751 constituti
698 1702 767 1750 sunt.
804 1695 872 1749 Esto

74 1767 207 1836 propitius
225 1766 383 1835 propinquis
404 1774 431 1820 et
448 1766 663 1822 benefactoribus
681 1767 755 1821 meis.
790 1766 872 1821 Mise-

74 1854 131 1894 rere
152 1838 272 1892 omnium
290 1837 487 1894 adversantium
504 1839 577 1907 mihi,
597 1839 642 1894 vel
659 1839 705 1906 qni
722 1853 764 1892 me
783 1838 874 1905 eliqua

73 1910 197 1966 molestia
216 1908 369 1964 affecerunt.
407 1909 537 1964 Succurre
549 1911 610 1979 illis,
630 1912 676 1976 qui
689 1925 719 1964 se
732 1910 798 1964 meis
811 1924 872 1978 pre·

73 1982 146 2037 cibus
166 1979 428 2035 commendaverint.
455 1981 499 2034 Da
512 1982 580 2036 vivis
592 1982 698 2035 veniam
712 1988 740 2036 et
752 1982 872 2050 gratiam,

75 2052 107 2107 da
116 2051 244 2107 fidelibus
259 2051 390 2106 defunctis
404 2051 490 2106 lucem
502 2060 530 2106 et
542 2053 662 2120 requiem
676 2053 874 2121 sempiternam·

72 2125 165 2178 Arnen.

105 2195 190 2251 Aliae
216 2194 405 2261 crepitationes.
442 2191 465 2248 Ο
491 2195 569 2262 lesu,
595 2193 722 2262 splendor
746 2200 873 2249 aeternae

74 2266 186 2334 gloriae,
206 2263 271 2331 quid
288 2271 315 2318 te
335 2265 370 2318 ad
383 2280 425 2318 me
443 2265 579 2320 hominem
595 2272 765 2333 peccatorem
782 2265 872 2334 traxit7

74 2337 122 2392 nisi
142 2336 241 2392 amor?
278 2335 348 2402 Quid
372 2351 389 2390 a
412 2351 454 2389 me
479 2336 549 2404 petis
573 2342 601 2390 et
619 2343 704 2406 optes,
731 2337 783 2391 nisi
802 2351 873 2390 amo·

73 2409 148 2462 rem?
185 2406 277 2474 Diligo
306 2407 388 2474 igitur
410 2414 438 2461 te
464 2415 577 2475 propter
600 2414 641 2475 te;
669 2407 732 2475 quid
760 2407 873 2476 digniuS,

75 2480 184 2547 aequius
206 2485 234 2532 et
252 2478 368 2532 iustius?
405 2477 497 2532 Offero
516 2493 558 2531 me
577 2485 662 2533 totum
680 2479 729 2532 tibi
746 2479 775 2532 in
792 2478 873 2532 ratio-

74 2551 160 2605 nabile
180 2554 210 2603 et
227 2549 418 2617 sempiternum
431 2549 596 2617 obsequium.
613 2579 648 2589 -
661 2548 797 2617 Numquid
815 2563 873 2604 sae·

75 2622 122 2676 ruli
140 2619 309 2676 vanitatibus
327 2636 433 2674 rursum
452 2621 606 2688 aperientur
625 2620 695 2676 oculi
712 2621 772 2689 mei,
800 2626 875 2689 post·

75 2707 151 2759 qnam
169 2699 198 2746 te
218 2690 336 2746 salutare
353 2690 414 2761 Dei,
440 2690 584 2746 viderunt?
620 2692 712 2760 Absit3
740 2690 775 2746 ad
795 2697 831 2760 te,
857 2705 874 2744 o

74 2761 244 2830 pulchritudo
264 2761 388 2831 antiqua,
417 2762 451 2816 ad
468 2770 496 2817 te
520 2769 598 2818 erunt
623 2777 730 2831 semper
747 2762 876 2828 deinceps

76 2836 144 2890 oenli
161 2834 234 2902 mei;
253 2833 373 2900 alioquin
386 2833 563 2890 obscurentur
576 2841 604 2888 et
616 2841 737 2902 pereant.
748 2859 782 2872 -
791 2831 876 2886 Num·

714 2923 732 2973 4
740 2919 770 2953 Η·
