2124 3230
149 151 190 194 8⁴⁰
317 155 350 196 De
363 155 510 195 celebratione
524 153 559 198 SS.
573 141 654 196 Musae
668 153 777 196 namneti.

147 254 250 309 brantio
269 259 331 308 ante
350 260 378 309 et
395 260 466 322 post.
473 254 492 324 ¹)
521 253 667 308 celebrans
684 259 727 308 ter
743 253 881 308 incensam
901 269 952 321 po-

147 327 187 380 nit
204 325 232 378 in
245 326 419 393 thnribulum,
438 325 528 380 dicens
540 325 658 379 interim:
677 323 720 379 Ab
738 325 785 378 s'ilo
806 323 948 379 benedicc-

145 397 187 450 rie
205 403 264 466 etc,
283 404 311 451 et
328 396 452 465 deposito
470 397 604 450 cochleari
620 395 771 464 producens
787 411 869 448 mann
884 394 951 460 der·

148 474 193 522 tra
210 469 314 536 signum
333 469 419 522 ornem
435 468 593 536 opperthus
613 467 642 520 in
654 467 799 535 thuribulo,
817 465 884 520 illnd
902 467 952 521 be-

148 539 255 595 nedicit.
291 540 392 594 Postea
408 538 551 607 diaconae,
570 538 679 594 dimissa
695 538 826 606 novioma,
852 537 954 606 accipit

146 611 312 664 thnribulum
329 617 357 664 et
375 610 421 665 dat
439 609 593 677 celebranti,
613 609 733 664 osculata
746 609 820 677 prins
839 615 953 664 menn·

147 681 235 736 larum
253 683 403 736 summitate
422 689 450 735 et
467 697 547 734 mann
564 681 635 735 illine
654 680 764 749 dextra3
793 680 846 749 qui,
865 679 950 750 facta,

78 749 81 760 '
149 753 222 807 cruci
239 752 373 821 proiimdc
396 753 556 822 reverentia,
583 760 642 806 eam
670 758 712 806 ter
728 752 856 820 incensat,
881 751 952 806 nihil

148 823 256 892 dicens3
284 832 311 878 et
338 823 410 878 facte
437 825 533 878 iterum
561 823 633 877 cruci
659 823 826 891 reverentie,
858 823 952 876 incen-

149 902 193 949 eat
211 895 310 963 alane,
338 901 381 949 ter
408 894 507 949 ducens
531 894 695 949 thnribulum
720 894 825 961 aequali
849 893 952 948 dietan-

147 966 187 1020 tia
203 973 285 1034 prout
312 965 505 1020 distribuuntur
523 965 718 1034 candelabra‚2)
747 963 870 1021 amenio
889 965 951 1020 eius

148 1052 234 1104 neque
253 1036 288 1090 ed
306 1053 388 1090 cornu
406 1037 558 1106 Epistolae‚
586 1036 632 1090 ubi
656 1035 772 1090 demissa
789 1051 870 1090 manu
886 1035 951 1090 thu·

148 1106 235 1162 nificat
264 1108 336 1162 illius
363 1115 525 1176 postremam
554 1115 658 1176 partem
689 1106 857 1176 inferiorern,
884 1123 952 1162 mox

151 1179 325 1247 superiorem,
342 1178 384 1234 bis
403 1179 482 1234 ducto
496 1179 632 1234 thuribulo
652 1185 679 1232 et
692 1193 837 1232 conversae
856 1177 891 1232 ad
910 1177 950 1232 al-

148 1255 207 1303 tare
218 1250 327 1304 elevans
340 1267 447 1304 manum
459 1251 580 1305 incensat
590 1250 647 1304 eius
656 1250 802 1318 planitiem,
813 1263 861 1304 sen
874 1263 951 1302 men·

149 1335 207 1376 eam
224 1321 252 1374 in
267 1327 345 1389 parte
360 1322 495 1392 anteriori,
513 1328 555 1376 ter
569 1321 669 1376 ducens
682 1320 846 1375 thuribulum
861 1335 950 1388 usque

150 1391 185 1446 ad
203 1392 334 1460 medium;
357 1393 404 1448 nbi
421 1392 493 1447 facta
511 1393 583 1447 cruci
600 1392 759 1461 reverentia,
777 1390 951 1460 procedendo

151 1462 287 1518 thurificat
305 1464 378 1519 aliud
395 1464 466 1519 latus
484 1464 576 1518 altaris
593 1463 691 1532 triplici
710 1461 791 1516 ductu
808 1478 894 1530 usque
914 1461 951 1516 ad

150 1550 233 1589 cornu
245 1535 402 1604 Evangelii3
421 1543 449 1590 et
461 1536 562 1604 pariter
575 1535 713 1590 incensato
730 1532 850 1588 inferiori
865 1542 892 1588 et
906 1549 951 1588 en·

149 1607 251 1674 periori
268 1615 346 1675 parte
363 1607 448 1675 ipsius
475 1623 558 1662 cornu
582 1606 724 1674 Evangelii
741 1605 840 1674 duplici
858 1604 951 1675 ductu,

152 1677 239 1732 adhuc
258 1686 331 1733 stane
349 1677 456 1748 ibidem,
476 1678 564 1732 elevat
581 1677 746 1732 thuribulum
764 1684 792 1732 et
804 1683 847 1731 ter
860 1676 952 1732 incen-

203 1841 291 1880 iantnm
306 1839 377 1878 omitti
393 1839 472 1878 debere
486 1839 568 1886 osenia,
583 1838 670 1886 qnando
681 1838 804 1877 iaciendum
814 1837 897 1885 aliquio
911 1840 953 1885 est,

205 1906 262 1954 qnod
278 1905 402 1954 specialiter
420 1905 585 1944 Sacramentum
603 1903 727 1953 expositum
746 1904 861 1943 dumtaxat
879 1905 949 1954 respi-

205 1971 256 2019 ciat,
271 1981 314 2010 non
329 1971 374 2019 ilia,
393 1981 451 2020 qnae
464 1971 493 2010 ad
506 1971 573 2009 ritum
586 1969 668 2010 Missae
682 1970 784 2010 solemnis
798 1971 887 2019 proprie
901 1980 950 2018 spe·

205 2038 273 2077 ciant¹
287 2035 415 2085 (animabat
429 2036 538 2075 Carmani.
557 2035 577 2084 9.
596 2035 631 2077 80.
645 2047 666 2078 a
680 2033 711 2078 1⁴.
726 2037 748 2074 et
762 2035 782 2078 S.
790 2035 816 2075 R.
823 2035 844 2078 0.
856 2035 889 2076 12.
896 2037 951 2086 Aap.

204 2099 278 2150 135⁴.)

166 2165 187 2214 1)
202 2167 291 2214 Quoties
304 2168 327 2206 in
342 2169 409 2208 Missa
423 2168 514 2209 solemni
529 2167 611 2216 aliquid
635 2166 755 2206 celebranti
767 2167 891 2216 porrigant,
912 2167 953 2206 mi·

205 2232 269 2271 nistri
286 2233 414 2272 osculantur
432 2233 578 2282 primorem,
601 2232 678 2272 deinde
700 2241 789 2272 mannan
807 2232 953 2280 celebrantis;

205 2299 292 2348 quoties
312 2309 364 2338 vero
388 2299 471 2348 aliquid
493 2300 521 2340 ab
545 2309 570 2338 eo
591 2299 708 2348 recipiunt,
732 2299 860 2338 osculantur
880 2299 953 2348 primo

205 2373 293 2402 manum
309 2365 331 2402 et
345 2363 422 2404 deinde
436 2375 488 2404 rem.

167 2427 188 2479 i)
202 2430 308 2478 Tempore
321 2431 403 2470 Missae
417 2433 439 2470 et
452 2431 574 2470 ciliciorum
594 2430 669 2470 diebus
689 2430 824 2470 solemnibus
843 2431 956 2471 nonlicet

207 2495 340 2535 candelebra
353 2497 444 2547 aitaris,
467 2509 495 2536 ns
508 2497 602 2547 pulvere
617 2497 758 2545 sordescant,
781 2497 856 2545 eiiqso
869 2497 954 2546 drappo

209 2562 244 2601 vel
255 2563 300 2602 teia
313 2565 395 2602 veetiia
408 2573 549 2613 permaners;
564 2563 621 2604 idem
633 2563 693 2602 valet
707 2562 734 2602 de
747 2573 817 2606 cruce.
846 2563 875 2609 (s.
890 2565 915 2604 ii.
931 2563 953 2604 0.

207 2627 241 2671 12.
255 2628 309 2678 sapi.
323 2627 394 2678 185⁷.)
409 2649 433 2660 ·-
447 2629 497 2668 Non
514 2629 567 2668 licet
589 2639 630 2677 pro
654 2637 692 2668 sex
710 2624 846 2668 candelabris
867 2627 919 2669 binc
932 2632 955 2668 ei

208 2693 260 2732 hinc
274 2695 296 2732 in
310 2697 404 2742 utroque
425 2694 503 2734 altaris
522 2694 591 2733 latere
612 2693 745 2734 collocandis
760 2695 802 2732 sino
821 2683 955 2734 candelabra

209 2759 345 2808 septiformia
360 2760 388 2799 ssi
401 2760 472 2798 instar
492 2759 618 2799 candelabri
631 2760 724 2800 mosaici
738 2771 826 2810 ponere.
846 2760 876 2807 (Β.
890 2761 915 2804 B.
932 2760 954 2804 U.

212 2823 240 2867 16.
256 2825 310 2875 Sept.
325 2823 396 2876 1865.)

1052 2803 1055 2884 ”
