2108 3226
161 191 187 236 78
401 193 584 242 Prsepsrstiones
597 192 625 233 sd
640 193 740 233 Missum.

201 295 231 351 V.
249 295 312 351 Fiet
328 294 512 350 misericordia
527 301 583 364 tus,
601 293 723 363 Domine,
742 309 824 365 super
841 310 900 365 nos,

196 367 232 422 R.
251 365 479 435 Quemadmodum
496 366 664 434 speravimus
681 367 709 419 in
726 372 762 420 te.

201 437 231 493 V.
252 438 412 494 Sacerdotes
428 438 469 493 tui
486 437 630 492 induentur
647 437 783 507 iustitium,

196 509 232 564 R.
249 510 287 564 Et
305 509 396 564 Sancti
412 510 452 564 tui
470 510 612 564 exsultent.

202 580 232 636 V.
251 581 293 636 Ab
313 580 422 636 occultis
441 581 507 635 meis
526 579 625 634 munde
641 593 692 648 me,
709 579 832 649 Domine,

197 652 233 707 R.
251 653 288 706 Et
306 653 339 706 eb
358 651 451 706 alienis
468 667 549 719 parce
568 666 647 708 servo
664 657 721 705 tue.

202 723 234 779 V.
250 723 373 792 Domine,
391 721 488 776 exaudi
506 730 558 780 etc.

203 795 233 849 V.
251 795 382 848 Dominus
400 794 538 848 vobiscum
556 799 606 849 etc.

202 864 321 920 Oremue.
347 866 435 920 Aures
452 872 515 919 tuae
534 865 650 934 pietatis,
668 864 806 920 mitissime
819 865 903 934 Deus,
922 865 964 919 in·

165 937 234 993 eiius
250 935 375 1004 precibus
393 937 500 1004 nostris,
519 943 547 991 et
567 937 654 1005 gretie
670 937 755 991 sancti
769 935 883 1004 Spiritus
901 935 965 991 iiiu'-

163 1009 235 1062 mine
248 1023 295 1062 cor
307 1014 436 1076 nostrum,
450 1013 480 1061 ut
492 1009 546 1062 tuis
559 1006 692 1076 mysteriis
711 1006 790 1076 digne
809 1008 965 1063 ministrare

164 1087 244 1148 teque
264 1084 375 1132 aeterna
392 1078 503 1132 caritate
522 1078 633 1146 diligere
651 1093 809 1132 mereamur.

200 1149 283 1218 Deus,
309 1150 352 1204 cui
370 1163 447 1204 omne
466 1164 514 1204 cor
530 1157 607 1218 petet
624 1157 652 1204 et
670 1151 756 1204 omnis
779 1149 904 1204 voluntas
922 1150 964 1206 io-

165 1221 263 1291 quitur,
282 1226 309 1274 et
327 1235 406 1288 quem
419 1219 521 1274 nuiium
539 1221 606 1276 lutet
620 1227 765 1289 secretum
786 1219 899 1290 purifica
912 1235 965 1290 per

164 1291 324 1347 infusionem
337 1292 422 1346 senem
436 1291 551 1361 Spiritus
572 1292 747 1360 cogitationes
766 1291 853 1347 cordis
867 1293 964 1362 nostri,

165 1371 197 1418 ut
213 1369 241 1417 te
258 1361 377 1432 perfecte
396 1362 516 1432 diligere,
535 1370 563 1417 et
580 1362 658 1432 digne
676 1362 787 1417 laudere
804 1377 967 1422 mereamur.

201 1433 255 1489 Ure
273 1434 335 1503 igne
354 1434 439 1489 suncti
455 1434 570 1502 Spiritus
587 1448 666 1489 renes
683 1441 791 1490 nostros
810 1441 838 1488 st
852 1451 899 1489 cor
915 1451 965 1490 no-

166 1512 257 1575 strum,
276 1505 399 1575 Domine,
424 1513 454 1560 ut
471 1506 520 1560 tibi
537 1511 612 1562 ceste
630 1520 743 1574 corpore
761 1506 918 1577 serviemus,
938 1514 966 1562 et

165 1576 264 1632 mundo
284 1576 363 1632 corde
382 1577 543 1645 placeamus.

201 1649 307 1704 Mentes
331 1656 446 1718 nostres,
474 1663 635 1716 quaesumus
658 1648 782 1717 Domine,
804 1647 965 1718 Peraciitus,

167 1721 213 1789 qui
230 1735 247 1774 e
264 1727 291 1774 te
308 1719 443 1790 procedit,
468 1721 610 1790 illuminet,
630 1726 657 1775 et
674 1719 783 1774 inducat
799 1720 828 1774 in
847 1733 962 1790 omnem,

166 1793 235 1849 sieut
251 1797 314 1845 tuus
332 1792 455 1860 promisit
472 1791 564 1860 Filius,
583 1793 732 1846 veritatem.

202 1859 280 1917 Adsit
298 1863 383 1931 nobis,
411 1877 572 1930 quaesumus
589 1863 712 1932 Domine,
744 1861 829 1916 virtus
847 1860 966 1930 Spiritus

167 1933 260 2001 sancti,
279 1933 348 2001 quse
367 1940 394 1989 et
412 1933 494 1988 corde.
511 1940 604 1988 nostra
617 1934 760 1988 clementer
778 1941 919 2003 expurget,
938 1941 966 1988 et

167 2004 201 2058 nb
220 2005 341 2059 omnibus
359 2011 467 2058 tueatur
485 2003 613 2060 adversis.

202 2075 285 2144 Deus,
309 2076 355 2142 qui
374 2074 456 2130 corde.
474 2075 592 2129 fidelium
614 2075 699 2130 suncti
717 2074 833 2142 Spiritus
847 2074 965 2130 illustre·

168 2146 242 2200 tione
261 2146 387 2214 docuisti,
406 2146 535 2202 danobis
553 2147 581 2200 in
600 2146 694 2202 eodem
708 2145 809 2214 Spiritu
826 2153 902 2200 reeta
924 2163 966 2202 se·

169 2232 243 2287 pere,
262 2217 340 2271 etde
359 2218 416 2273 eius
435 2233 541 2286 semper
556 2218 741 2280 ¹consolatione
759 2214 886 2285 gaudem.

206 2289 388 2346 Conscientiae
400 2296 514 2358 nostres,
528 2305 689 2356 quaesumus
698 2289 820 2356 Domine,
829 2287 967 2343 visitando
1042 2307 1043 2372 ,

169 2358 289 2430 purifica,
308 2367 338 2414 ut
355 2361 464 2416 veniens
483 2361 614 2416 Dominus
630 2366 723 2414 noster
739 2360 820 2414 Iesus
835 2359 969 2430 Christus,

169 2431 255 2486 Filius
272 2438 343 2500 tuus,
366 2439 489 2500 perstem
507 2432 557 2486 sibi
574 2432 602 2485 in
619 2431 697 2486 nobis
715 2430 833 2484 inveniat
850 2431 968 2486 mensio·

169 2517 238 2556 nem.
271 2501 323 2569 Qui
341 2509 429 2556 tecum
447 2504 512 2557 vivit
530 2510 558 2557 et
574 2509 670 2571 regnat
688 2503 716 2556 in
734 2501 836 2555 unitete
851 2501 969 2570 Spiritus

170 2574 255 2630 suncti
274 2573 349 2627 Deus
367 2589 418 2643 per
435 2575 524 2628 omniu
542 2574 649 2628 saecula
665 2573 839 2628 saeculorum.
873 2573 969 2628 Amen.

205 2645 265 2713 Ego
283 2645 376 2714 eoio¹)
394 2645 530 2700 celebrere
544 2645 656 2700 Missum
673 2651 701 2698 et
718 2641 849 2698 conficere
864 2643 973 2714 Corpus

189 2767 210 2822 1)
224 2771 342 2820 Gregorius
351 2771 415 2810 XIII.
430 2770 533 2811 Pontifex
547 2770 655 2810 maximus
664 2770 773 2809 concessis
782 2767 873 2808 cuilibet
887 2770 971 2809 dlosnti

224 2826 276 2863 ente
288 2825 380 2864 Missum
393 2825 450 2863 iisne
470 2826 632 2874 assequentem
647 2823 784 2872 mucronem,
805 2823 970 2872 qninquaginta

223 2887 332 2918 annorum
344 2878 516 2928 Indnigoniism.
