2098 3222
246 223 305 264 Ordo
319 224 348 263 ad
360 224 483 264 feriendam
496 234 576 273 aquam
589 199 734 268 benedictam,
850 219 892 265 ⁷88

93 327 167 383 omni
184 324 359 393 immunditia,
373 326 502 396 ¹omnique
519 326 718 394 impugnatione
743 301 888 394 spiritualis

12 407 14 412 “
92 398 237 466 nequitiae.
254 398 308 451 Per
326 397 460 452 Christum
477 397 620 451 Dominum
638 404 767 453 nostrum.

129 469 308 523 Exoroismus
325 483 421 536 oquae,
440 473 464 522 et
482 468 591 522 rimatur
607 469 665 521 sine
683 466 804 523 Oramus.

128 540 261 594 Exoreizo
280 547 315 608 te,
335 545 458 594 creatura
471 553 565 607 aquae,
583 539 611 592 in
624 539 730 593 nomine
744 540 796 594 Dei
809 543 827 606 †
841 540 891 594 Pa·

92 612 143 666 tris
163 611 360 680 omnipotentis,
380 618 407 666 et
424 611 453 664 in
470 610 576 666 nomine
595 610 661 664 Jesu
679 613 697 676 †
717 610 815 666 Christi
828 611 891 666 Filii

95 683 162 748 eius,
181 682 288 737 Domini
306 683 399 749 nostri,
419 681 492 736 etin
509 682 607 735 virtute
627 680 742 749 Spiritus
760 685 778 748 †
797 683 890 751 saneti,

12 777 13 784 ι
93 759 123 807 ut
140 752 190 808 fias
209 769 280 820 aqua
296 753 448 807 exorcizata
466 752 501 807 ad
514 751 682 820 effingandam
696 767 801 806 omnem
814 759 891 821 pote·

92 831 190 880 statem
202 825 313 894 inimici,
342 830 369 878 et
385 825 473 892 ipsum
491 824 625 878 inimicum
643 823 779 878 eradicare
799 832 826 879 et
845 839 890 878 ex-

91 896 214 965 plantare
228 896 319 950 valeas
333 912 393 949 oum
407 896 508 964 angelis
523 896 578 950 suis
593 896 756 965 apostaticis,
774 910 825 964 per
837 896 891 950 vir·

92 974 177 1021 tutem
196 966 315 1022 eiusdem
332 967 441 1021 Domini
458 966 543 1022 nostri
560 967 627 1021 lesu
640 967 746 1036 Christi,
767 968 813 1034 qui
827 981 891 1021 ven·

91 1045 169 1094 turus
188 1046 230 1092 est
241 1037 359 1092 iudicare
373 1039 449 1093 vivos
463 1046 491 1092 et
504 1044 631 1111 mortuos,
651 1045 680 1094 et
693 1039 827 1093 saeculum
841 1053 891 1108 per

90 1109 189 1178 ignem.
208 1139 242 1148 -
261 1109 296 1164 R.
315 1109 409 1162 Amen.

130 1178 249 1234 Oramus.
285 1179 369 1248 Deus,
395 1180 440 1247 qui
464 1179 499 1233 ad
526 1181 637 1235 salutem
655 1181 766 1235 humani
784 1179 890 1249 generis

27 1275 28 1278 ¹
93 1251 208 1304 maxima
226 1265 347 1317 quaeque
366 1250 537 1304 Sacramenta
553 1251 582 1304 in
600 1266 728 1318 aquarum
742 1252 891 1306 substantia

92 1319 248 1388 condidisti3
276 1321 368 1375 adesto
387 1321 519 1388 propitius
542 1321 755 1377 invocationibus
781 1323 890 1391 nostris,

92 1399 122 1446 et
141 1391 271 1446 elemento
296 1392 358 1445 huie
375 1391 537 1446 multimodis
560 1391 789 1459 purificationibus
813 1407 891 1462 prae·

92 1469 204 1532 parato,
228 1463 355 1518 virtutem
379 1469 443 1517 tuae
471 1462 680 1528 bene†dietionis
704 1462 832 1531 infunde,
861 1470 891 1518 ut

92 1540 218 1588 ereatura
240 1540 289 1587 tua
312 1534 445 1602 mysteriis
469 1533 523 1588 tuis
541 1533 669 1601 serviens,
689 1533 724 1588 ad
744 1533 890 1603 abigendos

93 1604 253 1673 daemones,
279 1605 439 1672 morbosque
467 1604 621 1672 pellendos,
653 1605 758 1659 divinae
786 1606 889 1673 gratiae

94 1682 182 1732 sumat
200 1675 336 1745 effectum3
355 1683 385 1731 ut
399 1674 527 1744 quidquid
534 1677 563 1729 in
577 1675 706 1744 domibus,
726 1677 770 1730 vel
782 1677 811 1730 in
823 1676 891 1731 loeis

93 1745 213 1800 fidelium
230 1747 298 1801 haec
316 1746 388 1802 unda
405 1748 572 1816 resperserit,
591 1754 683 1801 eareat
692 1747 764 1801 omni
781 1748 892 1803 immun·

98 1817 172 1885 ditia,
197 1818 325 1873 liberetur
343 1833 360 1873 a
377 1835 462 1886 noxa3
487 1833 541 1873 non
565 1818 618 1872 illie
642 1816 759 1872 resideat
783 1819 892 1886 spiritus

94 1889 233 1959 pestilens,
259 1905 313 1944 non
341 1905 407 1944 aura
430 1905 611 1959 corrumpens,
638 1889 776 1957 discedant
801 1904 892 1945 omnes

96 1959 208 2014 insidiae
237 1960 345 2016 latentis
372 1961 478 2030 inimici,
502 1969 530 2015 et
553 1961 576 2016 si
600 1959 731 2029 quidest,
756 1960 828 2028 quod
847 1968 893 2015 aut

94 2031 270 2086 incolumitati
288 2032 464 2087 habitantium
481 2031 590 2101 invidet,
614 2039 661 2087 aut
683 2033 775 2102 quieti,
802 2047 892 2101 asper·

96 2102 173 2158 sione
191 2103 270 2158 huius
289 2117 374 2171 aquae
394 2102 511 2171 effugiat,
534 2110 565 2157 ut
587 2103 729 2158 salubritas
752 2118 802 2173 per
818 2104 893 2158 invo-

95 2174 228 2229 cationem
253 2175 338 2229 saneti
361 2175 401 2228 tui
427 2174 541 2228 nominis
559 2175 686 2243 expetita,
711 2174 745 2228 ab
770 2175 892 2230 omnibus

94 2245 132 2300 sit
147 2245 391 2314 impugnationibus
409 2243 527 2299 defensa.
563 2245 617 2299 Per
634 2245 784 2300 Dominum.

131 2316 187 2370 Hic
211 2322 250 2370 ter
274 2318 363 2370 mittat
386 2316 429 2370 sol
450 2317 480 2369 ait
505 2332 605 2384 aquom
622 2317 653 2368 ta
670 2316 779 2370 modum
797 2317 891 2384 mamb,

94 2385 209 2440 dicendo
233 2388 326 2441 semel:
357 2387 513 2442 commixtio
538 2387 601 2442 salis
626 2395 654 2440 et
679 2401 765 2454 aquae
792 2388 893 2456 pariter

25 2463 27 2468 '
94 2454 311 2583 fialpinpffmine
330 2459 445 2527 Pa†tris,
460 2464 488 2512 et
497 2457 586 2527 Fi†lii,
601 2463 628 2512 et
642 2457 756 2526 Spiritus
770 2459 892 2525 †sanoti.

160 2569 166 2581 .
237 2545 279 2585 en.
393 2568 396 2594 ,

137 2597 167 2652 V.
185 2599 315 2655 Dominus
328 2601 474 2669 vobiscum,
492 2629 527 2639 -
547 2599 581 2654 it.
597 2599 635 2654 Et
648 2615 707 2654 eum
721 2600 817 2668 spiritu
835 2606 891 2655 tuo.

134 2667 252 2724 Oremos.
277 2672 359 2741 Deus,
384 2672 499 2726 invictae
522 2671 629 2726 virtutis
654 2678 755 2740 auctor,
775 2678 803 2727 et
820 2671 894 2726 insu-

95 2740 223 2812 perabilis
241 2742 345 2811 imperii
362 2743 429 2811 Rex,
454 2759 486 2796 ae
504 2757 610 2810 semper
627 2741 787 2812 magnificus·
800 2743 892 2796 trium·

95 2813 202 2883 phetor,
226 2814 272 2880 qui
296 2813 425 2869 adversae
451 2813 638 2869 dominationis
662 2815 734 2869 vires
761 2813 893 2882 reprimis,

95 2883 142 2954 qui
159 2883 258 2938 inimici
275 2885 404 2953 rugientis
423 2885 562 2941 saevitiam
581 2901 701 2956 superas,
720 2884 767 2954 qui
780 2884 892 2940 hostiles
