2130 3242
222 206 226 212 ,
328 163 360 202 Da
374 163 514 204 sacramento
527 163 685 207 Paenitenttas.
864 163 906 208 488

105 265 232 334 gatione,
260 273 288 322 et
312 265 419 333 quidem
436 266 465 321 in
481 266 581 322 bonum
607 265 717 338 melius,
741 266 909 343 inaequale,

106 336 153 390 vel
170 336 199 389 in
215 337 312 392 minus.

143 403 258 462 Praeter
275 415 338 463 vota
363 408 494 462 solemnia
517 407 571 462 alia
595 408 711 476 quinque
736 416 910 466 numerantur

108 486 174 534 vota
192 478 256 532 Sedi
273 479 445 547 apostolicae
463 485 610 548 reservata,
627 495 739 548 nempe:
768 485 792 534 1.
816 488 909 537 votum

106 549 240 604 castitatis
252 557 408 619 perpetuae,
426 553 452 604 2.
466 557 558 605 votum
571 548 738 618 ingrediendi
751 551 909 620 religionem

106 620 295 691 approbatam,
323 623 350 678 3.
368 628 460 675 votum
477 622 699 690 peregrinationis
717 621 909 692 Hierosolymi-

105 699 197 762 tanae,
216 695 242 746 4.
256 699 348 748 votum
365 693 587 760 peregrinationis
607 692 641 747 ad
659 693 750 747 limina
762 693 908 762 Apostolo-

105 779 175 833 rum,
194 765 221 817 5.
238 770 331 818 votum
348 765 570 832 peregrinationis
589 763 624 818 ad
642 771 763 819 sanctum
775 765 907 821 Jacobum

107 834 361 903 Compostellanum.
397 835 429 888 In
447 837 542 892 ceteris
557 842 646 890 autem
660 836 781 891 omnibus
794 837 907 906 Episco-

105 921 160 974 pus
178 923 239 960 cum
257 907 311 960 suis
330 906 442 961 subditis
461 905 616 975 dispensare
634 914 726 975 potest
738 923 789 977 per
806 923 844 978 se,
862 908 907 963 vel

104 992 157 1046 per
175 976 331 1033 sacerdotes
348 977 499 1045 specialiter
522 977 692 1046 delegandos.
844 1027 849 1036 ,

142 1048 180 1103 Ut
198 1049 315 1116 quinque
335 1056 398 1102 vota
415 1055 662 1116 supramemorata
677 1051 799 1106 Romano
813 1051 906 1106 Ponti·

102 1117 150 1173 fici
164 1126 324 1175 censeantur
336 1119 482 1189 reservata,
495 1119 648 1190 requiritur,
658 1129 689 1176 ut
697 1123 764 1177 sint:
776 1122 805 1176 1⁰
817 1129 906 1193 eerta3

79 1216 84 1222 ·
102 1190 168 1246 hinc
185 1190 232 1244 ubi
250 1190 360 1245 dubium
378 1198 431 1259 est,
456 1199 545 1246 utrum
562 1199 653 1246 votum
671 1191 753 1248 iueiit
771 1193 906 1265 emissum,

103 1262 150 1316 vel
167 1268 257 1316 utrum
275 1262 356 1316 fuerit
372 1262 517 1331 impletum,
542 1263 588 1316 val
604 1270 693 1317 utrum
711 1263 847 1320 sufficiens
865 1266 905 1320 in·

102 1334 252 1389 tarvenerit
266 1332 431 1401 deliberatio,
448 1335 710 1403 cessatreservatio;
729 1335 759 1388 2⁰
772 1337 904 1406 perfecto,

102 1405 211 1459 ratione
229 1405 356 1458 materiae
378 1411 406 1459 et
427 1403 573 1473 libertatis3
591 1404 654 1458 hinc
672 1406 695 1460 si
712 1412 805 1460 votum
822 1406 905 1463 fuerit

103 1475 229 1545 poenale,
248 1485 274 1529 v:
289 1492 315 1544 g.
334 1476 358 1530 si
371 1475 458 1530 adhuc
473 1490 630 1544 peccavero,
648 1476 803 1544 religionem
816 1477 905 1546 ingre·

104 1546 180 1616 diat,
205 1547 250 1600 vel
268 1545 469 1614 disiunctivum,
494 1563 519 1602 v.
538 1562 564 1614 g.
582 1542 668 1614 voveo
692 1547 848 1615 religionem
865 1549 905 1603 in-

43 1677 45 1679 ,
103 1617 182 1686 gredi
201 1624 248 1672 aut
268 1618 388 1673 ieiunare
412 1618 440 1670 in
457 1616 640 1686 hebdomada,
666 1623 713 1672 aut
736 1634 796 1671 cum
814 1619 904 1685 aliquo
960 1642 964 1658 =

105 1696 195 1758 metu,
215 1689 338 1757 aliquave
357 1689 494 1743 coactione
511 1688 651 1757 emissum,
669 1691 764 1744 <cessat
780 1703 904 1744 reserva·

104 1761 162 1829 tio;
180 1761 210 1814 3⁰
224 1759 362 1828 mactata·
375 1761 437 1813 hinc
451 1760 474 1814 si
486 1765 580 1814 votum
592 1758 673 1814 fuerit
686 1758 903 1830 conditionatum,

105 1848 132 1886 v.
148 1849 174 1900 g.
193 1831 217 1887 si
235 1832 377 1886 sanitatem
393 1845 598 1900 recuperavero,
616 1831 767 1885 castitatem
780 1830 903 1899 servabo,

102 1903 210 1958 tollitur
228 1918 334 1970 quoque
352 1903 508 1971 reservatio,
537 1902 617 1956 etiam
634 1910 777 1970 postquam
793 1901 904 1970 impleta

103 1972 157 2030 trit
175 1974 301 2044 conditio,
319 1973 464 2028 secundum
476 1972 683 2043 probabiliorem
701 1974 867 2028 sententiam.

142 2045 290 2100 Praeterea
315 2045 344 2099 in
365 2045 436 2100 votis
459 2045 605 2100 reservatis
632 2043 787 2112 dispensare
813 2051 905 2114 potest

104 2115 271 2186 Episcopus,
298 2117 322 2172 si
345 2115 416 2170 adsit
439 2131 538 2184 urgens
562 2116 722 2185 necessitas,
750 2123 797 2180 aut
820 2130 903 2184 grave

104 2188 255 2256 periculum
279 2187 308 2240 in
331 2201 420 2256 mora,
449 2187 493 2240 vel
519 2187 543 2242 si
561 2192 684 2240 accessus
710 2185 744 2240 ad
767 2187 903 2257 Summum

104 2257 263 2314 Pontificem
281 2258 317 2314 sit
333 2257 411 2312 valde
430 2257 551 2316 difficilis.
585 2257 655 2312 Hinc
676 2265 764 2314 cessat
781 2273 903 2314 reserva·

104 2330 146 2384 tio
163 2331 221 2384 voti
238 2330 369 2384 castitatis
381 2335 537 2398 perpetuae,
557 2328 579 2384 si
598 2343 635 2382 ex-
651 2327 777 2384 dilatiom
795 2329 902 2398 dispen-

105 2401 218 2456 sationis
232 2401 335 2456 oriatur
345 2400 436 2468 gravis
452 2407 539 2455 metus
552 2398 747 2474 diffamationis,
765 2407 814 2455 aut
827 2415 902 2456 scan-

105 2470 170 2541 dali,
184 2480 230 2526 aut
241 2486 328 2527 novae
342 2471 576 2540 transgressionis;
590 2471 655 2526 item
668 2471 692 2525 si
703 2471 903 2526 Matrimonium
952 2475 955 2480 '

103 2543 161 2598 iam
177 2541 258 2599 fuerit
275 2557 336 2596 cum
352 2543 400 2597 tali
417 2550 481 2598 voto
499 2549 671 2597 contractum.

140 2614 174 2668 In
186 2622 250 2670 voto
264 2630 319 2668 uon
331 2613 448 2668 nubendi
462 2613 599 2682 dispensat
610 2613 779 2682 Episcopus3
793 2613 842 2669 sed
855 2628 902 2670 vo·

11 2697 15 2706 '
102 2691 163 2742 tum
179 2701 235 2742 uon
257 2685 410 2740 nubendi-a
427 2693 490 2741 voto
509 2685 639 2740 eastitatis
656 2691 804 2753 perpetuae
820 2685 903 2739 inter·
986 2717 989 2723 ·

102 2755 170 2812 dum
186 2757 234 2810 vix
251 2755 355 2812 secerni
369 2763 473 2825 potest3
491 2755 664 2824 ponderanda
683 2762 744 2810 sunt
758 2756 843 2810 verba
854 2770 902 2810 vo·

103 2828 193 2886 ventis
207 2834 235 2882 et
246 2828 354 2898 motiva,
373 2828 468 2896 quibus
485 2827 609 2882 inductus
627 2831 670 2881 est
687 2825 722 2882 ad
735 2825 903 2895 vovendum,

159 2916 263 2959 maala
276 2917 421 2958 sacerdotum.
449 2917 532 2970 (ltdltlo
545 2915 595 2967 vl.)
761 2915 795 2967 13
