2138 3226
327 195 384 236 Ordo
397 195 457 235 vltae
472 195 622 236 sacordotalls.
835 191 878 235 att

77 297 154 366 (Eccl.
166 298 203 368 6.)
213 297 335 353 Maiores
350 306 377 352 et
389 299 517 366 seniores,
536 298 683 367 praecipue
694 311 749 366 eos,
764 314 876 366 quorum

77 385 177 424 norum
187 371 331 438 integritas
346 377 373 424 et
391 370 487 424 aetatis
498 370 616 437 maritas
626 369 695 423 bene
706 369 875 440 concordant,

77 441 237 495 reveremIni
262 448 290 494 et
308 441 465 509 observate3
492 441 583 508 eisque
609 447 682 494 recte
707 441 876 496 monentibus

78 511 270 581 obtemperate.
290 512 450 580 Loqutmtnt
466 511 504 565 ad
522 513 638 566 melmae
656 516 733 564 notu.
753 510 787 580 (2,
806 511 874 580 Reg.

78 582 126 652 19.)
147 583 300 638 Consilium
318 599 336 636 ct
350 585 470 652 sapiente
484 584 621 652 perquire.
655 583 736 652 (Eccl.
756 582 808 650 32.)
844 583 876 636 In

77 654 154 708 rebus
174 654 274 723 dubiis,
294 655 387 722 anxiis,
407 654 486 708 saluti
501 655 671 723 periculosis,
689 654 756 707 haec
774 653 827 708 tria
835 653 876 706 in·

76 729 116 777 tra
132 741 183 780 vos
203 726 277 780 scrIo
296 724 465 794 perpendite:
485 726 512 778 In
531 739 572 793 eo,
601 741 654 793 quo
672 740 767 779 versor
784 739 875 779 rerum

78 795 191 864 cardine,
225 796 289 865 quid
308 798 445 865 cogitaret,
472 796 536 863 quid
561 796 669 864 diceret,
694 795 758 863 quid
783 803 876 864 ageret

79 864 220 922 Christus?
259 867 356 922 Tribus
374 868 416 922 hle
439 881 499 922 sese
518 867 711 921 determinandi
733 867 875 921 momentis

79 937 187 1005 quisque
198 945 292 1007 potest
301 954 355 992 non
363 939 449 993 minus
460 938 580 1007 feliciter,
591 938 876 1006 quamprudenteruti.

110 1007 182 1065 VIII.
224 1009 362 1064 Oltrtetum
393 1011 423 1063 t'rt
454 1010 632 1063 Moderatio
662 1011 776 1064 visitate.
820 1009 876 1064 Sub

77 1091 227 1150 vesperam,
257 1081 280 1135 si
307 1081 395 1149 liceat,
424 1080 458 1133 ad
475 1080 634 1135 visitandum
656 1088 684 1135 et
701 1081 831 1134 orandum
847 1081 875 1134 in

80 1160 267 1207 sacrosanctae
281 1151 470 1206 Eucharistiae
492 1151 664 1206 Sacramento
674 1153 817 1206 Dominum
830 1153 876 1207 Je·
912 1149 915 1159 '

81 1234 135 1274 enm
166 1223 296 1277 accedite.
332 1223 369 1278 Ut
385 1223 462 1288 ,bona
486 1223 635 1291 spIritualia
654 1230 681 1278 et
707 1224 874 1292 temporalia,

80 1297 133 1344 tum
151 1295 270 1363 publica,
297 1301 353 1348 tum
371 1294 477 1362 privata
495 1301 660 1362 promoveat,
684 1303 715 1348 ιιι
731 1295 802 1348 mala
819 1302 876 1349 tum

81 1361 180 1433 culpae,
199 1373 258 1420 tum
276 1381 380 1433 poenae
399 1371 497 1433 arceat,
515 1366 646 1420 instanter
655 1366 797 1433 postulate.
806 1366 876 1418 Eru-

79 1430 240 1490 bescendum
258 1451 322 1490 sane
332 1437 418 1504 nobis,
437 1435 570 1504 quodhoc
580 1436 688 1504 pietatis
702 1451 800 1504 genere
812 1437 874 1490 laici

79 1505 222 1576 noslonge
242 1515 377 1575 superent,
396 1515 424 1561 et
441 1508 486 1561 vis
505 1508 601 1575 clerici,
627 1507 680 1562 nisi
703 1506 809 1573 quando
827 1521 874 1560 ne·

81 1577 185 1633 cessitas
206 1578 305 1646 adigat,
324 1580 352 1632 In
369 1579 435 1632 locis
446 1579 528 1633 sacris
539 1594 568 1633 se
576 1577 707 1632 videndos
717 1578 873 1645 praebeant.

112 1645 159 1706 IX.
180 1649 308 1704 Orationi
324 1651 489 1718 vespertinae
499 1651 635 1704 lectionem
639 1650 752 1718 plumat
765 1663 877 1701 acumen

83 1722 256 1775 cuneatim
274 1720 392 1774 addicite.
429 1720 582 1774 Orationem
602 1721 755 1786 serotinam,
774 1727 801 1772 et
820 1719 877 1786 qui·

83 1783 138 1842 dem
154 1791 183 1844 in
202 1793 342 1860 communi,
362 1793 385 1846 si
402 1790 461 1845 fieri
474 1798 573 1861 potest,
592 1807 651 1846 cum
666 1790 786 1844 examine
796 1805 875 1858 gene·

82 1857 134 1928 rui,
153 1878 214 1916 cum
233 1870 295 1917 actu
309 1863 482 1931 contritionis,
502 1879 561 1917 cum
570 1864 616 1930 pia
629 1863 743 1916 lectione
762 1861 874 1930 habete;

85 1940 147 1992 (ldae
166 1933 275 2001 quidem
292 1935 320 1987 in
340 1935 460 2001 ecclesia,
476 1935 498 1989 si
507 1935 607 2002 liceret,
627 1941 654 1988 et
671 1940 702 1986 ut
718 1932 750 1987 fit
767 1933 875 2000 quibus·

85 1995 140 2054 dam
163 2005 192 2058 in
217 2005 292 2074 locis,
315 2005 387 2060 foret
410 2006 493 2059 multo
514 2005 713 2059 convenientior
732 2011 759 2058 et
776 2004 874 2058 utilior.

83 2065 128 2124 Illa
151 2078 284 2130 communi
309 2078 439 2143 oratione,
465 2084 492 2130 et
515 2077 562 2144 pia
585 2077 698 2130 lectione
726 2076 821 2130 mirum
845 2075 874 2128 in

84 2142 185 2201 modum
202 2163 279 2202 mens
296 2147 467 2214 illuminatur,
488 2148 590 2202 animus
608 2146 794 2215 inflammatur,
818 2160 875 2200 me-

86 2216 165 2270 moria
195 2217 329 2286 reficitur,
361 2219 474 2273 tentatio
506 2233 556 2286 per
585 2226 691 2272 noctem
723 2217 874 2286 expellitur.

86 2280 189 2345 ‚doctis
209 2290 355 2357 spiritualis
373 2289 452 2344 docet
469 2289 534 2357 quid
551 2289 642 2358 facias,
668 2289 794 2343 discernit
812 2288 875 2356 quid

88 2365 185 2429 caveas,
205 2360 322 2415 ostendit
335 2377 387 2428 quo
401 2359 524 2415 tendas.“
536 2360 576 2427 (S.
590 2360 770 2428 Beruardas.)
790 2359 875 2428 „Tale

87 2431 123 2478 est
138 2429 274 2500 legendnm
291 2439 402 2486 naturae
421 2439 538 2499 nostrae,
564 2438 595 2485 ut
611 2438 755 2499 torpescat,
774 2431 797 2486 si
810 2445 876 2485 usus

88 2490 211 2556 destiterit
240 2503 371 2572 lectionis,
400 2503 464 2571 quia
488 2503 556 2558 sicam
579 2502 687 2570 ferrum,
718 2503 770 2556 nisi
797 2517 875 2556 usum

87 2559 166 2640 fuerit,
185 2574 341 2641 aeruginem
365 2574 505 2642 contrahit,
530 2574 614 2628 itaet
633 2574 728 2641 anima,
753 2573 805 2626 nisi
822 2571 874 2625 lre·

87 2647 191 2718 (luentes
209 2644 306 2700 tinnis
324 2652 481 2699 exerceatur
501 2645 686 2699 lectionibus.“
723 2643 763 2710 (S.
781 2645 876 2712 Atqu

87 2709 184 2783 eccas.)
204 2715 288 2784 „Cum
307 2717 441 2771 orationes
460 2731 515 2784 eas,
534 2731 601 2782 quas
620 2715 653 2770 de
662 2713 781 2768 moribus
799 2712 874 2767 aede

87 2772 149 2836 bene
166 2786 273 2840 vivendi
290 2787 394 2842 ratIone
420 2787 457 2857 (S.
475 2786 602 2857 Basilius)
630 2785 744 2853 scripsit,
772 2785 801 2837 in
818 2799 873 2864 maj

88 2859 134 2906 ssus
150 2857 259 2928 accipio,
278 2859 365 2913 animo
384 2865 412 2914 et
429 2873 542 2928 corpore
556 2873 665 2926 purgor,
682 2855 813 2936 templum
823 2854 877 2906 Der
