2128 3228
318 190 376 231 orco
390 191 419 230 sd
430 191 550 231 aninumr
564 193 686 241 parochias.
861 189 903 234 771

142 292 211 346 Tan
229 291 283 346 elno
302 297 424 346 cantone
442 293 553 346 dicant:

144 363 174 417 V.
193 363 373 430 Requiescere
390 365 417 417 in
436 379 511 432 pace.
531 393 563 402 —
583 364 617 418 R.
636 364 731 420 Amen.

139 435 180 488 Et
191 449 254 488 non
266 435 402 502 Pontifen,
417 435 519 488 elevata
529 435 647 501 dentera,
653 435 782 502 producit
791 437 900 505 sipnnra

86 507 191 559 'nnsis
209 506 242 558 ab
261 507 336 559 omni
347 511 430 572 parte
447 521 529 574 snper
546 507 735 560 coemeterium.
770 506 839 560 Tan
858 523 901 561 ac·

105 577 247 701 {pochim
247 577 607 714 raorpileirnepgzgiftrce‘r’cnencrxv
609 582 846 702 0312&qu
844 579 904 702 egr?-

104 720 213 787 pnnnti
229 689 291 772 o’oce
308 719 366 772 sine
383 724 448 772 nota
465 713 550 772 totnrn
567 689 722 772 Vsalrnnrn:
874 766 878 771 .

143 789 273 844 Miserere
287 790 347 857 mei,
361 789 444 858 Deus,
462 789 606 844 secundnm
619 805 741 858 magnam
755 790 904 844 misericor-

106 859 267 942 diamtunm,
284 868 334 914 etc.
346 860 506 929 (suprapag.
519 861 598 930 635.),
615 863 679 914 etin
687 856 748 928 fine.
764 891 798 902 —
811 857 842 916 V.
852 862 904 916 Re·

106 946 194 998 qulam
213 939 356 999 aeternam,
376 939 425 985 etc.

144 1002 227 1071 Quem
243 1003 326 1056 etiam
339 1003 466 1070 pontifex
482 1004 540 1070 epse
554 1003 620 1056 elicit
637 1019 704 1057 nocc-
715 1002 831 1056 demissa
844 1017 904 1055 cnrn

105 1074 244 1141 ministris,
262 1089 309 1126 sen
328 1073 475 1140 capellanis
494 1075 567 1141 snes5
586 1074 786 1142 annositatis,
806 1078 831 1126 et
843 1088 904 1126 cnm

12 1137 15 1188 ἴ
107 1144 145 1196 ad
162 1144 272 1198 clcornrn
290 1148 352 1197 ante
376 1145 465 1197 mains
489 1145 575 1198 altare
594 1147 747 1212 panetarii
766 1144 903 1210 Pontifex,

12 2135 13 2192 l
105 2136 249 2190 Dominum
266 2142 394 2190 nostrum.
413 2165 447 2176 -
466 2136 500 2190 R.
519 2136 613 2206 Amen.

107 1214 231 1337 ἀισροείιέ
246 1215 342 1280 nitra,
370 1219 446 1268 stans
470 1215 568 1268 itidem
586 1216 616 1268 in
634 1217 737 1284 medio,
756 1231 849 1270 onsns
867 1213 904 1268 ai

107 1291 193 1338 atare
230 1286 293 1338 icit:
970 1301 972 1309 ’

142 1355 225 1423 Kyrie
244 1354 352 1423 eleison,
372 1354 477 1408 Christe
495 1355 605 1424 eleison,
622 1357 705 1425 Kyrie
725 1357 834 1412 eleison.

142 1426 224 1480 Peter
241 1432 348 1493 noster;
366 1426 471 1493 reliqna
488 1432 602 1494 aaran,
620 1428 717 1481 danie
735 1427 815 1481 dicit:

146 1496 178 1552 V.
195 1497 233 1550 Et
250 1511 284 1550 ne
302 1512 351 1551 nos
369 1495 480 1551 induces
498 1496 726 1570 intentationem,
745 1505 796 1552 etc.

148 1568 184 1621 Vt
197 1568 222 1620 A
239 1573 318 1635 porta
340 1565 427 1636 interi,

142 1638 178 1692 R.
196 1639 279 1706 Erue,
297 1638 419 1706 Domine,
439 1638 540 1692 animas
558 1653 658 1692 eorum.

148 1710 178 1762 V.
197 1709 320 1777 Domine,
338 1709 436 1762 exaudi
455 1710 608 1780 orationem,
620 1724 714 1778 meam,
733 1715 783 1770 etc.

146 1780 177 1834 V.
196 1781 326 1835 Dominus
344 1781 489 1848 vobiscum,
509 1787 558 1834 etc.

147 1850 265 1909 &enne
293 1851 420 1920 Absolve,
439 1865 600 1918 quaesumus
608 1851 731 1919 Domine,
750 1851 851 1906 animas
865 1849 904 1904 fs·

106 1923 237 1978 mulorum
267 1921 478 1989 famularumque
509 1930 615 1978 tuarum
640 1923 673 1975 ab
702 1922 774 1976 omni
798 1922 903 1976 vinculo

107 1992 272 2062 delictorum,
291 2000 322 2047 ut
338 1995 366 2047 in
379 1994 581 2048 resurrectionis
602 1993 688 2061 gloria
708 1993 778 2047 inter
792 1993 904 2048 senens

107 2071 135 2118 et
148 2065 247 2120 electos
267 2071 328 2119 tuos
348 2065 500 2119 resuscitati
518 2065 660 2132 respirent.
695 2065 749 2118 Per
768 2064 902 2118 Christum
933 2110 939 2150 κ

142 2207 198 2262 His
211 2208 345 2276 peractis,
365 2207 493 2274 depositis
505 2208 575 2261 stola
589 2212 614 2260 et
627 2206 747 2274 pluviali
759 2206 845 2274 nipris
857 2221 905 2259 sen

12 2333 14 2338 ,
105 2279 238 2347 violaceis,
267 2285 292 2332 et
310 2279 455 2345 assumptis
472 2277 549 2343 albis,
574 2279 671 2344 incipit
688 2278 868 2330 visitationem
886 2293 919 2334 a.

104 2351 276 2404 sanctissino
293 2349 483 2417 Eucharistia,
508 2349 546 2402 ael
563 2348 762 2416 baptisterium,
785 2347 849 2400 inde
867 2347 905 2400 art

106 2426 201 2474 sancta
219 2422 285 2489 olea,
306 2419 343 2474 ai
355 2435 449 2473 sacras
461 2419 597 2488 reliquias,
617 2425 674 2472 tarn
692 2418 730 2470 ad
750 2419 859 2485 altaria,
879 2424 905 2472 et

12 2549 13 2554 ἵ
107 2492 232 2560 capellas,
252 2496 277 2545 et
294 2506 387 2545 sacras
404 2492 541 2560 incapines,
565 2491 627 2544 iton
645 2489 683 2542 aci
700 2490 860 2556 sacristiam,
880 2494 905 2542 et

12 2579 13 2612 l
107 2564 289 2616 coemeterium
307 2578 334 2616 sc
352 2562 454 2628 confert
460 2582 470 2628 ,·
491 2566 556 2629 post
574 2561 611 2614 ai
629 2560 708 2614 acies
726 2560 903 2629 canonicales,

12 2665 13 2674 κ
105 2631 259 2702 hospitalia,
278 2634 519 2700 confraternitates,
538 2632 637 2686 etalio
655 2632 787 2699 locapia.
825 2631 903 2686 Pote-

105 2703 143 2758 rit
156 2709 253 2770 postea
277 2704 406 2770 Pontifen
431 2703 590 2768 confirmare
611 2718 726 2770 pueros,
749 2702 903 2770 praemissa

106 2775 261 2841 monitione
279 2779 303 2828 ct
320 2776 383 2829 aliis
399 2775 520 2828 snoatcs.

141 2845 392 2913 aspectansque
411 2845 632 2911 Confirmationc,
657 2849 682 2897 et
699 2843 844 2897 benedictis
862 2857 904 2896 or-
