2130 3242
313 132 347 174 lla
359 131 502 174 &ramento
515 132 675 174 Poenltoullae.
856 131 895 174 tet

129 232 202 288 Vota
228 231 292 288 sedi
309 233 484 302 apostolicae
501 240 639 290 reservato
663 234 836 304 dispensandi
852 237 897 292 vel

95 304 277 359 commutandi
291 303 418 362 facultate
432 321 450 360 a
463 321 541 362 sacra
554 307 765 362 Poeuitentiaria
779 315 896 376 accepta,

95 374 276 432 confessarius
290 377 397 432 nonnisi
409 377 438 431 in
453 384 515 432 aotn
531 378 731 434 armamentalis
746 376 897 433 Confessio·

94 447 145 517 nis,
151 445 253 502 utendo
262 445 377 502 formula
385 449 554 518 praescripta
562 449 686 504 relaxare
696 447 790 503 eadem
796 455 897 518 potest.

94 591 115 634 9.
135 590 168 634 lla
181 589 321 634 ammira·
333 590 473 636 nonlmrlir
485 591 583 644 tormen
596 590 679 636 iubilral
692 589 783 634 oonoedi
795 588 870 634 nolitia
877 589 898 640 1)

130 670 230 739 Ampla
246 676 369 738 temporo
386 671 496 726 iubilaei
514 670 573 726 dari
587 671 657 726 solet
670 669 841 726 confessariis
859 669 898 724 fa-

94 741 182 796 cultas
205 749 262 796 tum
288 741 444 797 absolvendi
462 758 479 797 a
497 743 617 798 censuris
641 747 669 798 et
686 743 816 811 peccatis,
841 747 899 796 tum

94 811 275 868 commutandi
283 820 355 868 vota.
383 813 534 881 Diligenter
544 813 765 869 considerandum
774 820 824 882 est,
835 811 900 880 quid

95 891 124 939 et
137 890 266 951 quantum
280 885 415 939 contineat
428 885 507 939 Bulla
519 885 637 939 iubilaei.
668 886 721 940 Est
733 885 828 954 regula
841 883 899 938 uni·

14 951 15 966 ¹
94 955 196 1010 vor-aim
213 955 264 1008 hac
283 954 316 1010 de
333 971 364 1010 re
383 962 508 1024 accepta:
527 956 626 1026 „Quod
642 971 698 1011 aon
711 955 899 1023 catenatio,

95 1041 154 1082 ooo
168 1031 258 1095 poteot
276 1041 331 1080 erae
348 1027 379 1080 io
391 1029 505 1095 proni,“
531 1027 577 1082 vel
594 1029 711 1097 „Badeo
729 1033 835 1082 tantam
852 1043 900 1082 oc·

96 1097 168 1165 leret,
196 1102 328 1165 quantam
345 1100 477 1166 amcoat“,·
495 1104 620 1167 attamen,
642 1099 690 1168 (ait
706 1099 831 1154 Ferraris
849 1098 900 1154 sub

96 1169 183 1224 verbo
201 1169 357 1222 Jatdoeam
374 1175 425 1224 art.
452 1169 486 1239 1.)
504 1169 598 1224 Bullae
622 1170 731 1226 iubilaei
750 1169 841 1238 quoad
859 1184 900 1240 ea,

99 1254 169 1308 quae
187 1238 295 1295 favores
314 1241 465 1309 continent,
493 1247 555 1296 sunt
576 1241 706 1296 latissime
723 1242 901 1310 interpretan-

98 1309 166 1378 dae,
186 1317 315 1378 quantum
331 1311 434 1380 patitur
450 1313 603 1381 proprietas
621 1312 777 1382 verborum,
804 1312 857 1368 nisi
872 1313 901 1366 in

98 1381 256 1451 particulari
274 1397 338 1436 casu
355 1383 400 1436 vol
416 1384 537 1452 materia,
566 1383 712 1438 communis
729 1383 830 1452 praxis,
856 1383 903 1437 vel

99 1453 186 1523 stylus
205 1453 301 1507 Curiae
319 1453 465 1523 Romanae,
484 1461 531 1508 aut
549 1454 656 1509 omnino
672 1454 841 1522 particularis
858 1469 902 1507 ra·

97 1525 138 1580 tio
155 1525 352 1579 resulutionem
370 1524 546 1594 persuadeam
565 1523 655 1592 quoad
669 1538 702 1578 ea
716 1531 813 1594 autem,
832 1539 901 1592 qnae

99 1609 248 1664 gravamen
273 1609 322 1650 seu
347 1595 438 1650 odium
455 1597 604 1665 continent,
632 1602 694 1651 aunt
712 1596 802 1651 stricte
820 1595 903 1648 inter-

99 1666 265 1736 pretandae,
294 1673 422 1736 quantum
446 1667 548 1736 patitur
570 1667 715 1722 verborum
741 1665 903 1734 proprietas,

101 1738 154 1806 uisi
171 1739 201 1791 in
218 1738 374 1806 particulari
392 1755 456 1794 casu
475 1739 559 1807 stylus
576 1744 605 1793 et
622 1738 714 1806 praxis
735 1737 831 1791 Curiae
849 1736 904 1791 Ro·

101 1823 207 1878 manae,
226 1823 275 1864 seu
293 1809 384 1877 eliqua
401 1808 570 1878 particularis
587 1810 656 1864 ratio
674 1807 805 1864 laxiorem
822 1808 904 1862 inter·

101 1880 282 1949 pretationem
299 1881 469 1949 persuadeat
506 1881 576 1935 Hinc
593 1881 722 1936 latissime
744 1886 806 1935 sunt
822 1879 904 1933 inter·

102 1949 252 2020 pretandee
270 1951 361 2018 quoad
375 1947 575 2006 concessionem
589 1951 779 2020 indulgentiae,
798 1950 906 2005 electio·

102 2037 165 2078 nem
183 2021 349 2090 confessarii,
368 2023 572 2092 absolutionem,
591 2023 823 2077 commutationem
842 2035 905 2090 ope·

104 2109 165 2149 rum
183 2093 229 2148 vel
252 2101 377 2148 votorum
396 2101 462 2163 eta,
490 2095 554 2162 quia
579 2100 642 2148 sunt
665 2093 787 2162 favores3
814 2093 906 2149 stricte

101 2172 194 2220 autem
212 2170 276 2220 aaut
299 2165 517 2234 interpretandae
544 2163 634 2232 quoad
658 2165 847 2233 obligationem
871 2161 907 2218 ad

101 2244 177 2292 certa
196 2249 288 2306 opera,
315 2237 518 2306 suspensionem
535 2234 760 2306 indulgentiarum
779 2241 806 2291 et
824 2235 906 2290 farul-

101 2347 265 2360 ——t—

156 2409 276 2460 apcnrandl
289 2410 325 2449 vel
339 2409 487 2450 commutandi
499 2395 618 2458 ¹tribulium
641 2410 703 2448 notat
716 2409 770 2458 ribi,
791 2419 907 2458 quamam,

159 2487 227 2527 opera
241 2478 264 2516 tn
277 2477 333 2525 lprtr
347 2476 392 2516 rint
404 2476 550 2524 praescripta,
570 2475 605 2514 vel
619 2474 637 2513 cl
652 2475 739 2514 litterae
753 2475 796 2524 iprl
809 2474 907 2514 commit·

159 2545 211 2583 runt
222 2542 427 2582 determinationem
438 2551 529 2589 opernm
538 2540 766 2590 praesentandos-um,
781 2539 908 2588 praevideat

156 2617 267 2659 quaenam
277 2608 349 2656 magt·
356 2607 385 2647 ad
396 2607 489 2648 salutem
498 2609 520 2646 et
530 2606 702 2647 consolationem
712 2605 846 2656 poenitentia
856 2615 907 2646 oon-

155 2675 246 2723 dncaut,
261 2674 314 2714 item
330 2683 439 2723 quaenam
449 2674 534 2713 monita
547 2673 590 2723 iprl
603 2673 666 2712 iuxta
680 2673 782 2722 superius
793 2671 908 2712 dictasint

153 2739 236 2781 danda.

119 2806 142 2858 1)
157 2806 201 2848 Gir.
218 2803 303 2844 Mdnrt.
316 2802 476 2844 Partoralblatt
489 2813 509 2846 a.
524 2799 583 2846 leta.
597 2811 619 2840 n.
633 2798 653 2841 6.
668 2805 691 2842 et
705 2799 724 2841 7.
