2152 3234
183 157 226 201 tot
362 159 394 198 iic
409 158 599 198 documentorum
611 155 806 199 administratione.

183 261 319 329 dirimunt,
341 259 505 328 dispensare,
522 259 567 312 vel
579 257 729 326 dispensari
741 257 884 332 mundar03
901 258 977 314 item·

185 347 237 400 quc
254 346 336 399 super
353 330 494 386 omissione
510 328 745 396 denuntiationum,
764 329 845 383 etiam
863 328 899 382 ad
917 328 981 384 effc-
1029 379 1035 400 ,

187 410 258 458 ctum
271 401 444 457 connnnendi
463 408 579 456 secreto:
597 400 626 453 in
639 415 692 468 quo
706 407 854 468 serventur,
873 399 981 468 quando

186 475 274 543 agitur
292 472 325 527 dc
338 472 514 527 Matrimoniis
528 472 703 525 comcicatc’oc
720 472 888 539 nuncupatis,
911 471 982 526 litte·

185 559 232 600 rae
251 561 268 600 a
285 544 370 600 Nobis
388 543 466 598 datae
485 541 520 597 ad
538 557 629 598 omncs
646 542 824 610 Patriarchas,
850 543 983 597 Primates

117 680 120 686 ,
185 617 410 684 Archiopisccpos
428 622 455 687 et
471 614 622 682 Episcopos
637 614 685 668 snb
707 612 750 666 dic
766 615 808 666 17.
822 612 983 668 Novembris

187 688 345 743 anni-1741.
370 701 420 755 per
448 699 481 739 ca
507 685 591 740 verba
616 684 787 752 incipientes:
817 685 892 740 Satis
908 685 984 738 cobis

187 763 357 827 compertam.
394 757 431 811 At
449 771 466 809 a
483 755 724 824 dispensationibus
742 753 919 810 concedendis
938 771 982 810 su·

186 845 237 898 per
254 842 420 897 quocumque
438 827 626 895 impedimento
646 842 680 880 ex
698 825 793 894 quovIs
811 825 904 895 gradu,
925 827 982 881 sive

188 899 432 968 consanguinitatis,
451 899 508 953 sive
522 897 656 952 affinitatis
670 911 705 951 ex
722 898 818 966 copula
831 897 912 966 licita,
936 911 984 952 seu

188 987 223 1026 ex
241 971 398 1039 cognatione
417 969 548 1037 spirituali
565 969 754 1036 proveniente,
780 968 861 1022 ctiam
877 969 906 1021 in
924 967 984 1024 foro

188 1042 365 1097 conscientiae
378 1047 488 1109 tantum,
502 1040 609 1094 tametsi
617 1038 834 1108 impedimentum
847 1039 883 1094 sit
896 1039 984 1094 occul·

187 1120 252 1180 tum
270 1120 299 1166 ct
315 1111 462 1180 periculum
479 1109 664 1166 scandalorum
681 1110 825 1179 immineat,
843 1111 871 1164 in
888 1109 984 1164 iisdem

187 1183 365 1237 Matrimoniis
383 1180 570 1236 contrahendis
589 1181 746 1237 abstineat.“

223 1253 266 1323 ηδ.
284 1257 327 1310 40.
346 1252 378 1307 In
395 1253 538 1308 contractis
555 1267 620 1306 vero
639 1251 819 1320 matrimoniis,
839 1265 856 1306 a
874 1249 981 1318 dispen-

189 1327 305 1394 sationo,
333 1339 382 1380 seu
406 1323 568 1378 Matrimonii
590 1323 783 1377 revalidationc
806 1323 835 1375 in
852 1321 982 1390 gradibus

187 1397 283 1465 primo,
300 1402 329 1450 et
345 1393 471 1464 secundo,
497 1409 545 1449 seu
563 1393 678 1450 secundo
697 1399 807 1462 tantum,
825 1393 984 1462 consangui-

188 1468 287 1536 nitatis,
307 1466 349 1521 vel
367 1465 501 1520 affinitatis
518 1479 552 1520 ex
570 1466 666 1534 copula
683 1465 770 1534 licita,
796 1464 876 1518 etiam
894 1464 922 1518 in
941 1479 984 1518 oc·
1012 1465 1015 1474 '
1055 1507 1056 1518 ,

189 1535 274 1608 cultis,
292 1539 395 1607 pariter
408 1537 554 1605 abstineat3
572 1544 759 1605 praeterquam
778 1536 801 1590 si
818 1535 846 1588 in
864 1534 982 1590 secundo
1055 1553 1056 1559 ¹

188 1618 291 1665 tanturn
309 1609 394 1678 gradu
419 1607 556 1676 praedicto
580 1607 797 1676 impedimentum
822 1606 918 1662 saltem
936 1619 985 1674 per

190 1681 345 1737 decennium
372 1679 509 1734 duraverit
533 1679 680 1747 occultum,
709 1684 736 1733 et
754 1677 882 1732 Oratores
907 1676 985 1732 simul

188 1753 294 1821 publice
312 1751 501 1819 contraxerint,
529 1751 613 1804 etuti
632 1750 758 1818 coniuges
776 1749 887 1816 legitimi
903 1763 985 1817 repu-

188 1825 239 1878 tati
261 1823 375 1891 fuerint,
407 1822 437 1875 in
464 1821 544 1875 tertio
567 1830 657 1875 autem
682 1827 709 1875 et
736 1827 831 1888 quarto
859 1819 986 1887 gradibus
1054 1877 1055 1890 ,

190 1895 308 1963 occultis,
321 1895 350 1947 in
363 1893 506 1948 contractis
520 1893 607 1960 possit
619 1891 790 1960 dispensarc3
810 1896 891 1957 atque
905 1891 986 1945 etiam
1054 1903 1055 1950 l

188 1965 217 2018 iu
235 1964 330 2019 iisdem
346 1965 434 2033 tertio,
453 1970 481 2018 at
499 1970 594 2030 quarto
612 1962 738 2032 gradibus
756 1960 878 2031 publicis,
900 1960 988 2030 possit

189 2034 339 2090 resolidare
348 2035 526 2104 Matrimonia,
541 2049 574 2088 ex
588 2049 669 2089 causa
678 2033 857 2100 subreptionis
867 2031 987 2088 occultae

189 2105 338 2160 litterarum
345 2106 560 2175 Apostolicorum
576 2105 684 2160 nullitcr
698 2111 851 2172 contracta;
864 2112 985 2173 practer·
1054 2161 1055 2170 ,

190 2190 270 2243 quam
284 2177 307 2231 si
326 2176 430 2232 falsitas
443 2177 572 2231 consistat
585 2177 613 2230 in
625 2177 778 2230 narratione
799 2173 987 2244 praecedentis

191 2247 311 2316 copulae,
330 2263 399 2316 quac
417 2255 605 2302 autearevera
621 2263 675 2301 non
693 2246 904 2302 intercesserit.“

226 2317 269 2387 „§.
284 2322 328 2375 41.
347 2318 425 2386 Quod
443 2319 467 2373 si
485 2319 567 2386 aliqui
582 2317 710 2374 Oratores
723 2318 887 2373 obtinuerint
904 2331 921 2372 a
938 2331 988 2370 no·

191 2395 247 2444 stra
269 2389 381 2444 Dataria
399 2390 625 2458 dispensationem
649 2404 731 2458 super
748 2387 834 2457 gradu
851 2387 988 2456 prohibito

189 2460 219 2513 in
236 2461 335 2530 primo,
363 2468 391 2516 et
409 2458 541 2529 sectmdo,
569 2461 612 2514 vel
629 2461 657 2514 in
675 2459 791 2516 scctmdo
809 2467 927 2526 tautum,
956 2473 990 2512 ac
1052 2499 1054 2536 ὲ

191 2531 272 2586 etiam
288 2532 317 2585 in
334 2532 414 2586 tertio
432 2531 605 2601 colonario,
633 2547 692 2586 cum
710 2531 849 2586 reticentia
875 2529 990 2599 copulas

190 2602 325 2658 intereos
344 2607 488 2671 sequutae,
517 2618 599 2670 quum
624 2603 681 2657 siue
699 2602 809 2658 honoris
827 2600 989 2656 detrimento

192 2671 317 2741 detegere
335 2689 389 2728 non
406 2673 521 2741 valcant,
540 2680 568 2728 et
584 2674 688 2729 ratione
706 2672 858 2728 huiusmodi
874 2671 991 2728 reticem·
1053 2715 1054 2722 ,

190 2743 244 2801 tiae
261 2750 356 2812 petant
373 2742 599 2811 dispensationem
622 2761 672 2814 pro
690 2743 860 2800 Matrimonia
883 2751 991 2798 conma-

191 2812 295 2884 bendo,
328 2828 377 2870 scu
408 2813 629 2870 resolidationem
655 2815 819 2872 Matrimonii
844 2814 992 2883 contracti3

558 3028 574 3076 i
