2106 3228
252 199 361 244 Materiae
374 203 530 243 nonnullarum
544 205 719 245 meditationum.
866 197 895 242 15

98 295 228 382 intimae
245 303 363 362 fructum
382 323 492 377 quaere,
512 307 646 375 sacerdos,
665 307 717 362 nisi
733 307 891 376 Dominum,

99 383 138 435 im
154 378 190 426 eat
201 389 270 442 pars
286 378 448 434 hereditatis
465 384 537 446 tavae,
556 385 580 432 et
594 379 687 432 celicia
700 380 749 433 tui.
769 378 823 446 (Ps.
836 377 892 448 15.)

115 453 182 557 ,ἔξεο
199 467 279 499 vanam
299 463 409 514 glorian,
424 462 495 503 roiam
514 473 594 512 quaere
613 463 720 510 divinam,
739 463 801 502 cuiue
820 463 894 510 gratia

104 526 114 554 0
156 531 179 560 ue
192 533 222 566 ee.

434 589 558 604 ΝᾺΛΛΛΛΛΛΛ

107 632 136 688 ΙΙ.
149 634 183 690 De
196 637 332 701 beneteio
347 647 506 702 vocationis
517 647 551 702 ad
562 649 664 701 statum
679 645 894 704 sacerdotatem.

138 733 230 778 Comma
243 752 282 791 me,
296 743 393 791 Domine,
408 744 506 792 quoniam
519 746 601 794 speravi
614 745 638 783 t'n
651 747 682 793 ta,·
696 743 743 782 atet
756 743 856 784 Domino.-

165 801 219 842 ΒΜ
231 817 288 846 meat
303 813 370 858 estu,
385 809 484 858 quonam
498 809 596 849 bonorum
608 821 699 848 maenam
712 819 755 848 noa
770 819 823 858 apat.

417 871 506 924 (Psalm.
524 870 567 926 15.)

196 968 223 1020 5.
241 969 426 1022 meditatio:
447 969 491 1022 De
509 969 642 1040 dipae'tate
659 969 788 1023 vocantia.

128 1043 149 1102 1.
172 1046 246 1105 Deus
266 1059 318 1120 eet,
347 1051 524 1118 oeaeerdos3
549 1051 624 1120 vide,
654 1066 733 1120 quem
750 1051 894 1106 Dominum

96 1124 188 1188 nectus,
207 1121 250 1175 cui
260 1123 380 1178 Domino
396 1123 520 1178 servias?
538 1122 613 1176 Deus
625 1129 673 1190 est,
687 1138 742 1176 non
753 1129 793 1176 eat
804 1122 894 1194 homo,

97 1190 276 1263 nonAngelus,
297 1210 349 1248 non
369 1194 426 1248 ulla
444 1200 574 1248 creatura.
592 1195 667 1248 Deus
681 1200 730 1261 eet,
750 1193 892 1262 euihomo,

96 1259 134 1314 cui
149 1261 274 1333 Angelus,
305 1266 347 1320 cui
366 1265 453 1320 omnis
472 1266 555 1320 servit
582 1271 721 1332 creatura3
749 1264 825 1319 Deus
845 1271 894 1334 eet,

95 1329 161 1413 dipea
176 1335 205 1388 ia
223 1351 334 1404 amaea,
353 1344 454 1404 quanta
471 1335 513 1391 fae
534 1342 576 1391 eat
594 1335 742 1404 alacritate,
760 1336 822 1390 huie
838 1336 893 1391 Do·

96 1417 159 1457 mmo
176 1409 289 1462 serviae.

128 1475 159 1530 11.
184 1477 243 1533 Nee
256 1479 397 1544 bonorum,
415 1491 465 1531 nec
477 1477 599 1532 laborum
608 1493 728 1532 meorum
739 1492 811 1546 eges,
831 1478 894 1546 quia

97 1547 207 1604 teretius
225 1550 312 1617 Deua,
337 1550 410 1604 solue
428 1549 534 1602 unicum
553 1556 581 1603 et
598 1565 675 1604 omne
694 1549 802 1617 bonum,
821 1548 894 1604 solua

100 1622 124 1669 et
138 1620 238 1690 unicus,
266 1636 362 1689 causa,
387 1619 481 1689 radix,
509 1621 584 1688 origo
604 1622 689 1674 omnis
706 1619 786 1688 boni,
812 1619 893 1689 solue,

100 1693 167 1744 extra
184 1707 266 1759 quem
290 1692 393 1746 nullum
416 1691 529 1760 bonum,
554 1693 581 1745 in
602 1706 655 1759 quo
681 1706 760 1745 omne
785 1690 892 1760 bonum,

98 1757 243 1830 honestum,
257 1763 331 1832 utile,
345 1761 518 1831 delectabile,
537 1765 610 1818 aolus
620 1770 766 1830 aeternum,
784 1761 894 1814 immen-

100 1845 165 1901 sum,
188 1833 322 1888 infinitum
340 1835 454 1901 bonum;
482 1834 554 1888 solus
572 1833 621 1888 tibi
640 1834 673 1888 ab
693 1841 802 1888 aeterno
822 1831 893 1888 suffi-

100 1901 279 1974 cientissimus,
298 1905 398 1959 nullius
415 1903 529 1974 indigus,
550 1911 599 1959 etc.

130 1974 175 2030 ΠΙ.
202 1976 267 2030 Non
276 1991 340 2044 eges
353 1976 499 2030 ministerio
509 1991 577 2044 meo,
597 1974 895 2044 qutaomataserviaat

100 2043 159 2112 tta,
175 2063 231 2101 non
246 2063 309 2116 egee
322 2047 468 2101 ministerio
482 2047 562 2101 uilius
574 2047 697 2115 hominis,
716 2046 779 2114 quia
794 2043 896 2114 Aapela'

99 2117 212 2172 arvium
229 2119 296 2186 ati,·
319 2134 374 2171 non
394 2133 457 2186 eges
475 2118 621 2172 ministerio
646 2119 725 2174 ullius
744 2123 892 2185 creaturae,

101 2187 158 2252 quia
175 2204 203 2244 es
218 2189 331 2244 Oreator
341 2191 467 2244 amatam.
498 2189 570 2259 Quid
586 2205 647 2258 erpo
665 2189 776 2256 respicis
790 2187 828 2242 aa
843 2203 894 2256 me,

101 2253 167 2313 dicat
182 2260 289 2315 humilia
310 2259 446 2328 sacerdos,
465 2260 502 2314 act
520 2277 568 2328 me,
583 2260 782 2329 pauperculum
800 2265 825 2312 et
842 2261 894 2312 tre·

99 2335 204 2384 meam
221 2347 356 2386 sermones
373 2329 457 2385 taos?
483 2331 555 2400 ¹(isa.
575 2331 610 2400 6.)

137 2412 225 2454 Immola
238 2415 337 2464 quotidie
354 2415 400 2454 Deo
419 2413 549 2454 sacrificium
568 2414 638 2454 laudis
658 2423 698 2464 pro
713 2411 818 2452 beneficio
833 2421 896 2452 voca·

103 2475 170 2522 floria.

202 2571 231 2622 θ.
249 2569 433 2634 Meditatio:
451 2567 496 2622 De
512 2566 676 2637 iactipaitate
693 2567 790 2620 vocati.

132 2649 151 2704 L
175 2652 224 2706 ille
239 2653 323 2721 Deua,
344 2651 475 2719 dominus,
494 2659 607 2720 creator,
625 2650 724 2704 nullius
743 2665 840 2720 egena·
861 2658 892 2704 tu

100 2733 186 2780 terma
205 2732 233 2779 et
250 2723 359 2792 quidem
378 2737 473 2776 servus
490 2723 598 2790 inutilia,
617 2719 761 2789 mendicus,
779 2733 891 2789 pauper,

99 2791 190 2863 putris,
207 2795 280 2864 einis,
299 2810 398 2864 purum
416 2793 497 2861 nihit;
511 2801 585 2846 -et
603 2792 638 2846 ad
653 2799 680 2846 te
697 2791 806 2858 respicit
821 2802 895 2855 mag-

99 2875 145 2918 nus
161 2865 205 2920 ille
223 2867 315 2920 Deuei
