2152 3234
334 197 368 237 De
381 195 523 236 sacramento
536 196 679 236 Matrimonlt.
867 193 908 236 588

107 299 191 354 etiam
208 297 316 366 penitus
334 297 493 365 remittatur,
511 297 598 352 iustae
617 296 724 364 quidem
736 297 909 364 requiruntur

110 383 220 438 caueae,
238 367 286 424 eed
304 368 436 424 sufficiunt
448 368 535 423 minus
548 383 645 437 graves
665 384 691 423 v.
705 384 730 435 g.
768 368 792 434 a)
811 367 911 436 Magna
969 413 974 422 .

109 439 257 510 disparitas
269 440 339 494 inter
353 439 548 494 contrahentes.
585 438 612 507 b)
631 438 660 492 Si
673 438 791 493 imminet
804 446 910 506 tempus

107 513 228 566 clausum
254 518 282 564 et
305 517 385 579 urget
407 511 549 566 honestum
566 510 693 564 motivum
710 509 911 564 Matrimonium
951 526 960 550 r

109 583 201 638 statim
218 582 379 637 celebrandi.
416 582 440 651 c)
459 581 488 635 Si
511 581 658 650 periculum
684 580 772 636 estin
789 596 865 634 mora
882 597 909 635 v.

107 671 134 724 g.
148 670 183 709 ne
198 669 312 730 sponsus
325 659 410 707 mutet
423 654 602 721 voluntatem3
616 668 650 706 ne
665 652 820 706 exoriantur
834 667 909 706 scan-

110 724 173 780 dala
190 740 223 778 ac
240 724 408 792 inimicitiae;
426 739 460 778 ne
474 723 662 792 concubinarii,
679 723 743 778 licet
756 722 791 777 ad
803 731 909 791 tempus

107 795 236 866 separati,
253 795 375 850 recidant
391 796 419 848 in
433 796 540 850 emnale
554 795 747 850 commercium.
784 792 814 862 d)
833 793 861 848 Si
875 809 909 848 cx

105 868 260 936 nuptiarum
278 865 406 921 dilatione
423 867 618 921 rationabiliter
640 867 766 921 timeatur
790 865 908 920 notabile

106 939 233 993 damnum
257 939 404 1006 temporale
431 944 477 992 aut
498 953 548 1006 pro
572 952 627 992 una
652 945 699 993 aut
721 952 771 1006 pro
789 944 903 1004 utraque

105 1016 193 1078 parte.
231 1011 257 1076 e)
278 1008 307 1062 Si
331 1025 445 1078 sponsus
469 1025 594 1077 sponsam
620 1007 686 1064 elias
703 1009 844 1064 honestam
861 1006 908 1062 de-

105 1080 224 1149 florevit,
243 1086 271 1134 et
288 1094 322 1134 ex
340 1081 492 1148 nuptiarum
511 1079 638 1135 dilatione
656 1080 803 1149 periculum
821 1079 906 1134 immi·

104 1158 178 1221 neat,
197 1165 232 1205 ne
250 1158 312 1205 ante
329 1151 528 1206 Matrimonium
546 1149 609 1205 edat
624 1152 735 1219 prolem.
771 1150 793 1222 i)
812 1150 908 1218 siper

105 1223 216 1292 nuptias
235 1222 325 1276 statim
342 1221 515 1278 celebrandas
534 1238 634 1290 sponsa
651 1222 780 1278 liberetur
798 1237 832 1276 ex
849 1238 905 1276 ma·

104 1295 185 1349 nibus
202 1293 286 1360 iniqui
304 1294 408 1349 tutoris.

218 1391 248 1447 4.
273 1393 320 1444 De
339 1392 573 1456 impedimentis
591 1393 793 1446 Matrimonii

141 1479 363 1546 Impedimentum
387 1481 549 1535 Matrimonii
578 1487 619 1534 eet
649 1479 768 1534 defectus
796 1478 907 1534 alicuius

107 1549 268 1606 conditionis
287 1568 303 1606 a
321 1559 488 1622 competente
502 1551 561 1619 lege
577 1557 681 1619 autpro
695 1551 841 1620 validitate,
859 1557 907 1606 aut

105 1637 157 1691 pro
176 1621 292 1678 liceitate
311 1623 429 1678 eiusdem
445 1623 600 1691 requisitae.

143 1692 218 1759 Quae
233 1694 348 1763 obstant,
361 1710 395 1750 ne
409 1694 497 1748 valide
512 1693 685 1748 contrahatur
697 1691 905 1760 Matrimonium,

105 1763 231 1818 dicuntur
248 1764 501 1834 impedimenta
519 1764 739 1832 dirimentie3
758 1778 826 1830 quae
840 1777 905 1816 vero

103 1834 262 1905 impediunt,
280 1851 314 1890 ne
331 1837 403 1891 licite
421 1838 534 1906 ineatur,
553 1842 743 1904 nuncupantur
762 1833 906 1902 impedi·
980 1883 988 1892 .
1014 1915 1017 1920 ,

103 1911 222 1960 menta
238 1908 478 1978 prohibentia,
497 1924 546 1963 seu
563 1905 798 1976 impedientia.

230 1991 262 2036 Δ.
287 1992 324 2037 Do
339 1993 530 2048 impedimentis
543 1991 778 2048 impedimentlbns.

138 2060 400 2129 Impedimeuta
422 2062 654 2132 impedientia
681 2060 793 2131 exprimi
818 2060 909 2116 solent

90 2132 279 2258 ‘hoiciadfflm
296 2210 410 2274 tempus,
428 2206 547 2274 vetitum,
566 2204 709 2274 sponsalia,
726 2209 826 2272 vobim,
879 2241 881 2248 =

140 2274 238 2358 quibus
255 2275 362 2358 plurimi
376 2275 523 2345 adiungunt
540 2276 758 2346 impedimentum
775 2275 904 2328 mixtae

101 2345 327 2472 Γθ11.1ξ1ιὲιξιοιίῖιιιι
342 2417 402 2472 aive
416 2418 540 2473 olauaum
555 2421 666 2487 tompus
684 2433 716 2470 cr
734 2416 804 2471 decr.
823 2416 902 2470 donc.

105 2486 183 2540 fad.
202 2485 272 2542 Sena.
297 2492 342 2542 24.
361 2505 421 2557 cap.
439 2492 483 2542 10.
502 2489 536 2543 de
553 2489 660 2556 reform.
685 2489 809 2542 Mamm.
828 2493 870 2542 est
887 2501 905 2540 a

104 2557 186 2614 Dom.
203 2558 226 2615 1.
243 2558 383 2614 Adventus
401 2573 486 2627 usque
504 2561 533 2613 in
551 2559 621 2614 diem
637 2558 816 2627 Epiphaniae,
842 2564 909 2622 eta

103 2627 174 2682 feria
190 2629 237 2683 IV.
248 2630 371 2686 Cincium
385 2645 469 2698 usque
487 2631 515 2684 in
532 2638 653 2684 octavam
666 2628 796 2697 Paschae,
814 2629 905 2683 utrim-

106 2714 159 2768 que
177 2699 315 2757 inclusive.
325 2702 346 2770 ¹)
365 2701 480 2756 —Non
498 2700 604 2770 quidem
619 2701 784 2756 Matrimonii
802 2705 905 2755 contra-

115 2811 199 2864 1)1teo
218 2817 294 2854 tamen
313 2814 487 2854 benedictionem
504 2826 545 2855 nec
557 2815 647 2856 Mittam
665 2825 706 2865 pro
725 2816 813 2863 sponsis
831 2815 906 2863 elapso

156 2870 257 2916 tempore
271 2867 342 2908 vetito
357 2869 460 2918 supplere
473 2868 534 2912 lieet.
562 2869 590 2918 (d.
604 2871 630 2914 Β,
645 2870 668 2911 0.
683 2868 716 2912 at.
730 2870 785 2921 dap.
801 2869 874 2920 leat.)
