2152 3234
348 171 381 210 Da
395 171 537 211 decremento
551 173 693 218 Matrimonii.
879 171 922 214 sta

347 275 362 317 f.
381 276 413 315 De
426 275 580 324 impedimento
595 277 702 316 Criminis.

157 344 272 398 Nomine
291 344 415 412 oriminis,
435 359 488 410 quo
507 345 705 401 Matrimonium
722 347 866 402 ineundum
888 349 922 402 ir·

121 418 203 471 ritum
221 413 349 484 redditur,
367 415 524 483 intelligitur
542 417 701 472 adulterium
711 418 789 472 simul
802 435 859 472 cum
873 419 922 474 ho·

121 486 238 555 micidio,
266 486 309 540 vel
332 487 470 554 quodlibet
494 490 613 554 seorsim,
638 488 718 543 modo
744 496 833 543 certae
861 505 922 543 con·

123 565 233 613 currant
250 557 424 627 conditiones,
451 573 520 625 quae
545 560 573 612 in
601 561 660 614 iure
685 561 813 614 canonico
832 562 920 629 expri-

123 637 238 684 muntur.

159 700 379 768 Impedimentum
397 700 449 754 hoc
468 701 501 754 ab
520 701 633 755 ecclesia
650 701 787 755 inductum
808 699 866 769 fuit,
893 708 924 756 ut

123 771 257 826 adulteria
274 779 302 825 et
318 772 425 839 iniquae
443 772 652 827 machinationes
679 780 773 827 eontra
789 772 923 841 legitimos

123 843 251 911 coniuges
269 843 320 896 hoc
339 844 433 898 saltem
450 842 544 898 fraeno
564 844 759 911 cohiberentur,
783 844 847 897 dum
873 845 923 898 sci·

123 921 185 968 rent
202 914 333 981 homines,
352 929 381 969 se
399 915 442 968 his
456 915 608 969 criminibus
621 917 768 971 maculatos
782 915 817 969 ad
830 915 923 968 Matri·

122 985 240 1040 monium
257 985 362 1039 minime
382 986 521 1054 pervenire
540 1001 629 1054 posse.

161 1056 334 1110 Conmahitur
344 1065 433 1111 autom
453 1057 477 1126 1)
497 1072 530 1111 ex
545 1058 602 1112 solo
616 1056 763 1128 adulteri03
782 1057 808 1126 2)
822 1059 923 1114 exsulo

120 1127 281 1194 ,homicidio;
301 1127 327 1196 3)
346 1143 380 1181 ex
399 1127 529 1182 adulterio
549 1129 626 1183 simul
645 1137 672 1184 et
690 1129 842 1186 homicidio.

160 1201 185 1254 1.
210 1199 259 1252 Em
275 1199 332 1252 eolo
350 1199 484 1252 adulterio
510 1200 595 1253 oritur
620 1200 672 1254 hoc
696 1201 921 1270 impedimentum,

123 1270 149 1340 a)
170 1268 232 1323 dum
249 1271 319 1324 inter
337 1269 481 1338 adulteros,
500 1271 556 1324 sive
576 1277 646 1339 ante,
666 1272 722 1326 sive
740 1281 803 1340 post
822 1271 924 1326 adulte·

122 1341 202 1409 rium,
221 1340 269 1394 sed
287 1341 394 1395 vivente
409 1339 496 1394 adhuc
509 1349 653 1411 comperte,
668 1344 809 1411 promissio
824 1344 857 1397 ab
871 1359 925 1398 una

122 1419 203 1480 parte
221 1410 301 1480 iacta,
327 1420 355 1466 et
379 1413 412 1466 ab
431 1413 485 1465 alia
501 1420 578 1480 parte
598 1420 736 1480 acceptata
755 1423 796 1468 est
814 1415 848 1468 de
865 1414 925 1468 Ma·

123 1483 249 1537 trimonio
259 1489 443 1552 postmortem
454 1484 597 1552 compartis
611 1484 807 1553 contrahend03
820 1486 847 1553 b)
863 1484 924 1539 dum

116 1555 152 1608 in
170 1553 264 1608 iisdem
288 1554 490 1609 circumstantiis
513 1554 713 1608 hiatrimonium
739 1571 793 1610 non
818 1555 926 1624 quidem

122 1625 295 1694 promittitur,
314 1625 363 1680 sed
381 1626 414 1680 de
431 1625 502 1680 fecto
521 1632 675 1680 attentatur.

159 1693 328 1750 Adulterium
346 1705 436 1752 autem
461 1697 493 1750 ab
521 1704 634 1764 utraque
658 1702 735 1764 parte
762 1693 842 1750 debet
865 1710 925 1752 esse

122 1765 252 1835 formale3
270 1767 340 1821 unde
360 1770 383 1822 si
400 1784 456 1822 une
467 1784 531 1836 pars
542 1769 577 1822 sit
589 1768 683 1836 libera,
703 1775 730 1822 et
744 1767 855 1821 alteram
863 1782 925 1837 par·

122 1847 178 1894 tem
204 1839 372 1907 coniugatam
395 1854 454 1894 esse
481 1839 600 1908 ignoret,
625 1838 843 1908 impedimentum
872 1853 926 1892 non

122 1911 297 1967 contrahitur.

160 1984 186 2034 2.
204 1981 252 2034 Ea
269 1981 325 2034 eolo
349 1981 492 2034 homicidio
517 1988 548 2036 ut
573 1979 791 2049 impedimentum
814 1981 925 2050 oriatur,

123 2052 270 2119 requiritur
288 2059 315 2106 et
334 2051 436 2120 sufficit,
455 2060 485 2106 ut
498 2069 570 2108 mors
583 2052 703 2119 coniugis
724 2053 814 2120 reipsa
831 2067 927 2120 sequa-

123 2130 170 2179 tur
188 2137 222 2176 ex
246 2124 441 2177 machinatione
467 2123 615 2192 utriusque,
641 2123 697 2177 sive
724 2124 842 2194 physice,
870 2124 926 2178 sive

126 2194 272 2263 moraliter,
297 2210 322 2247 v.
342 2211 369 2262 g.
388 2193 522 2263 mandato,
551 2193 662 2248 consilio
681 2201 731 2248 etc.
767 2195 927 2263 Disputatur

126 2272 225 2334 autem,
250 2281 285 2319 an
308 2265 468 2333 requiratur,
493 2272 524 2319 ut
550 2263 722 2320 homicidium
746 2265 875 2333 procedat
898 2266 927 2320 in

127 2344 241 2403 utraque
259 2345 336 2406 parte
356 2351 390 2390 ex
413 2337 560 2391 intendone
585 2343 631 2390 aut
656 2351 704 2404 spe
728 2336 928 2391 Matrimonium

126 2407 244 2462 ineundi.
273 2407 350 2461 Licet
367 2408 427 2461 iura
444 2408 513 2461 hanc
530 2408 705 2462 intentionem
728 2423 855 2476 expresse
873 2424 928 2462 non

125 2480 273 2547 requirant,
298 2477 423 2533 videntur
448 2494 507 2532 eam
534 2483 686 2548 supponere
714 2494 749 2533 ex
773 2478 826 2533 fine
851 2479 927 2547 legis.

127 2550 176 2604 Sat
194 2550 333 2618 probabile
352 2557 401 2618 est,
419 2550 521 2617 requiri
539 2565 598 2604 eam
610 2550 784 2605 intentionem
803 2566 838 2604 ex
855 2559 928 2604 utra·

126 2635 179 2689 que
198 2628 283 2691 parte,
309 2621 372 2688 quia
398 2620 458 2676 finis
488 2622 617 2676 ecclesiae
642 2619 722 2675 debet
750 2619 882 2676 verificari
899 2621 928 2674 in

126 2699 242 2759 utroque
260 2693 436 2746 machinante.
462 2691 588 2746 Attamen
607 2708 667 2745 cum
685 2691 797 2748 sufficiat
815 2692 927 2746 intentio

127 2779 163 2818 ex
180 2779 235 2816 nna
252 2772 338 2832 parte,
362 2770 393 2817 ut
409 2777 474 2817 vere
493 2763 545 2818 diei
563 2763 657 2832 possit,
677 2762 852 2818 intendonem
869 2763 927 2816 Ma

125 2835 245 2890 trimonii
261 2833 399 2889 induxisse
417 2832 452 2888 ad
466 2833 678 2904 coniugicidium,
696 2833 813 2903 petenda
822 2832 928 2888 videtur
