2106 3228
137 127 164 170 to
308 129 417 170 natones
430 129 585 169 nonnullarum
598 128 769 173 montanorum,

140 231 301 300 Considera,
328 231 424 299 quibus
441 230 545 286 actibus
562 232 743 300 reverentiae,
768 232 935 304 humilitatis,

142 303 315 372 adorationis,
334 303 432 358 amoris
450 303 481 357 B.
492 303 575 370 Virgo
588 303 686 356 Filium
700 319 777 357 suum
791 306 938 373 exceperit,

140 382 168 429 et
186 375 276 429 statim
298 391 349 442 pro
374 374 466 428 mundi
493 374 578 428 salute
604 374 663 428 Deo
688 374 763 428 Patri
787 375 937 430 obtulerit?

138 445 211 500 Audi
223 446 350 515 vagitum,
368 445 429 499 vide
445 447 584 514 lacrymae,
603 461 701 514 quaere
716 445 853 514 candeat,
872 446 938 501 audi

85 537 89 550 ¹
139 517 353 585 respondentem,
374 516 445 584 quod
463 532 517 569 non
529 516 629 570 habeat
641 517 816 586 imitatorem
835 525 863 571 et
881 523 936 572 eta·

138 595 184 642 tue
195 604 255 642 eum
269 589 352 656 sequi,
368 603 399 641 ac
412 588 503 655 plures
516 587 642 641 inducere
655 586 690 641 ad
700 603 760 641 eum
769 589 935 644 imitandum.

172 660 229 715 111„
247 660 289 712 Et
302 660 407 726 poncia
430 675 490 712 cum
511 659 635 726 incoluit3
661 673 723 712 ecce
747 667 937 728 paupertatem

138 731 231 784 matris
245 739 272 784 et
285 729 340 783 filii.
372 729 409 783 Et
421 729 560 782 reclinavit
580 743 641 783 eum
653 730 681 782 in
694 731 852 799 praesepio;
871 746 937 786 ecce

139 800 272 867 quomodo
286 817 304 854 a
316 801 416 854 teneris
425 799 477 853 Dei
490 799 576 853 Filius
590 808 661 854 amet
675 815 796 868 quaeque
812 801 936 856 duriora!

136 871 175 926 Et
193 888 240 926 cur
256 879 287 926 tu
304 871 395 938 fugis?
428 871 497 938 Quia
514 887 568 924 non
586 879 646 925 erat
664 873 702 926 eis
716 872 791 927 locus
804 873 833 926 in
847 873 936 928 diver-

136 943 217 997 sorio.
254 943 306 1010 Qui
324 943 424 996 creavit
441 951 468 996 te
486 941 713 996 inhabitaculum
731 942 797 1013 sibi,
823 959 878 998 non
895 946 937 998 in·

134 1014 209 1138 {lenit
225 1014 313 1068 locum
331 1013 404 1082 apud
415 1019 457 1082 te3
477 1020 504 1068 et
516 1012 618 1068 invenit
632 1013 710 1083 forte,
729 1015 775 1082 qui
788 1022 816 1069 tc
833 1016 857 1069 it
873 1031 937 1084 per·

162 1091 228 1138 tum.

186 1209 236 1262 49.
254 1209 434 1262 meditatio:
459 1209 503 1262 De
529 1207 737 1262 dircamcatoae
754 1209 878 1262 Domini.

169 1297 191 1351 1.
215 1294 303 1350 Hodie
321 1294 386 1349 facit
403 1296 492 1364 iesus,
519 1296 590 1362 quod
608 1295 643 1349 ad
660 1302 774 1349 mortem
792 1311 878 1364 usquc
896 1294 938 1351 fa-

135 1374 225 1422 cturus
245 1373 300 1434 est3
319 1365 410 1420 obedit
423 1367 505 1436 Patri,
520 1367 631 1436 Mariae,
646 1367 776 1435 Josepho.
794 1367 871 1422 Deus
886 1368 935 1422 ob·

133 1445 267 1506 temperat
279 1437 445 1506 hominibus;
460 1445 487 1492 et
500 1439 620 1492 homines
633 1451 760 1505 eousque
772 1439 936 1509 venierunt,

133 1515 165 1563 ut
182 1510 250 1578 Deo,
264 1510 478 1577 praepositorum
496 1525 543 1563 ore
563 1509 746 1578 praecipienti,
766 1514 935 1578 repugnanti

133 1580 185 1634 Vel
202 1581 262 1635 Deo
280 1595 376 1650 parere
395 1580 485 1648 debes,
514 1580 558 1634 vel
575 1579 774 1648 cupiditatibus,
805 1582 851 1634 vel
869 1581 936 1636 dae·

132 1652 218 1720 moni;
239 1652 315 1720 elige.
333 1651 378 1705 Ah
392 1667 449 1705 cum
463 1651 537 1706 Deus
552 1651 659 1707 obediat
672 1651 733 1720 legi,
751 1652 831 1718 duce,
844 1653 935 1723 horno,

132 1723 253 1790 obedire,·
271 1725 349 1789 duce,
368 1729 449 1789 tarra,
467 1723 563 1792 sabdi5
587 1723 666 1789 disce,
680 1723 782 1790 paloia
801 1723 934 1792 obtempe-

131 1809 202 1848 rare.
231 1794 267 1862 (S.
286 1792 458 1862 Bernardus.)

167 1866 203 1922 H.
230 1866 326 1919 Elucet
344 1865 388 1918 vel
405 1865 519 1918 maxime
536 1864 671 1918 humilitas
690 1863 839 1919 obedientis
853 1865 933 1921 Jesn.

130 1935 162 1990 In
179 1937 305 2004 praesepi
318 1949 429 2004 pauper,
447 1935 476 1988 in
489 1935 686 1989 circumcisione
704 1935 820 1989 habetur
834 1951 932 2004 pecca-

130 2013 182 2075 tor,
200 2007 284 2075 Deus,
303 2008 349 2073 qui
363 2006 538 2060 alienissimus
557 2013 598 2060 est
616 2013 764 2075 apeccato,
788 2005 857 2062 adeo
872 2009 931 2062 exi-

131 2079 234 2134 nanivit
247 2079 426 2146 semetipsum,
445 2084 475 2131 ut
487 2076 600 2132 formam
613 2077 747 2144 acceperit
759 2079 912 2146 peccatoris
923 2099 931 2149 3

131 2157 159 2204 et
177 2165 240 2218 ego,
269 2149 315 2215 qni
332 2150 360 2202 in
377 2149 493 2216 peccatis
519 2155 662 2216 conceptus
689 2149 776 2215 iisque
795 2150 931 2206 enutritus

131 2237 198 2288 snm,
222 2220 285 2274 nolo
303 2227 429 2288 peccator
445 2219 544 2288 vocari,
570 2220 632 2274 nolo
650 2219 760 2274 minoris
778 2221 930 2276 aestimari!

165 2293 213 2346 ΙΠ.
239 2291 323 2344 Amor
335 2292 402 2345 Jesu
421 2298 497 2359 patet
513 2291 542 2344 in
559 2290 611 2344 hoc
627 2291 763 2359 mysterio,
782 2290 855 2357 quod
872 2299 932 2347 tam

131 2363 183 2418 cito
200 2363 266 2417 velit
280 2362 402 2417 Salvator
416 2362 554 2431 appellari,
574 2368 601 2415 et
619 2377 696 2416 suum
708 2361 801 2430 largiri
815 2361 932 2431 Sangui-

130 2449 192 2490 nem
210 2435 238 2488 in
256 2433 353 2488 amoris
371 2433 477 2502 pignus.
495 2433 546 2486 Hic
560 2432 681 2501 Sanguis,
699 2432 752 2486 hae
766 2433 932 2502 lacrymulae

131 2513 195 2562 sunt
211 2505 296 2560 verba
313 2505 402 2560 cordis
421 2505 491 2574 eius,
518 2504 613 2572 quibus
636 2504 767 2572 promittit
785 2519 814 2558 se
832 2521 932 2574 passu·

62 2640 65 2648 Ι
129 2593 189 2632 rum
214 2583 241 2632 et
264 2577 421 2631 moriturum
449 2591 508 2631 esse
533 2576 650 2630 omnium
675 2574 812 2638 hominurn
838 2591 933 2636 causa.

129 2649 207 2704 Hunc
227 2665 324 2702 annum
337 2649 434 2703 inchoa
448 2647 481 2703 ab
495 2647 641 2702 imitatime
656 2645 824 2701 obedientiae
838 2654 867 2701 et
879 2648 932 2701 hu-

130 2721 249 2775 militatis
267 2721 341 2775 lesu.
375 2721 450 2775 Tuus
468 2736 534 2789 anm,
552 2718 589 2772 mi
605 2718 736 2786 Salvator,
750 2717 779 2770 in
796 2717 870 2772 huno
883 2734 933 2774 an·

129 2808 201 2861 num,
220 2793 293 2847 etin
311 2806 416 2848 onmem
434 2791 525 2849 vitam
