<?xml version="1.0" encoding="UTF-8"?>
<!DOCTYPE html PUBLIC "-//W3C//DTD XHTML 1.0 Transitional//EN"
    "http://www.w3.org/TR/xhtml1/DTD/xhtml1-transitional.dtd">
<html xmlns="http://www.w3.org/1999/xhtml" xml:lang="en" lang="en">
 <head>
  <title>
</title>
<meta http-equiv="Content-Type" content="text/html;charset=utf-8" />
  <meta name='ocr-system' content='tesseract 3.04.00' />
  <meta name='ocr-capabilities' content='ocr_page ocr_carea ocr_par ocr_line ocrx_word'/>
</head>
<body>
  <div class='ocr_page' id='page_1' title='image "./manualesacerdot00schngoog_0167.png"; bbox 0 0 2108 3226; ppageno 0'>
   <div class='ocr_carea' id='block_1_1' title="bbox 330 185 878 235">
    <p class='ocr_par' dir='ltr' id='par_1_1' title="bbox 330 185 878 235">
     <span class='ocr_line' id='line_1_1' title="bbox 330 185 878 235; baseline 0.004 -10"><span class='ocrx_word' id='word_1_1' title='bbox 330 187 413 234; x_wconf 77' lang='lat' dir='ltr'>Quorta</span> <span class='ocrx_word' id='word_1_2' title='bbox 427 186 550 235; x_wconf 67' lang='lat' dir='ltr'>gratiarum</span> <span class='ocrx_word' id='word_1_3' title='bbox 564 186 628 229; x_wconf 76' lang='lat' dir='ltr'>netto.</span> <span class='ocrx_word' id='word_1_4' title='bbox 837 185 878 227; x_wconf 75' lang='lat'>187</span> 
     </span>
    </p>
   </div>
   <div class='ocr_carea' id='block_1_2' title="bbox 67 285 914 2706">
    <p class='ocr_par' dir='ltr' id='par_1_2' title="bbox 67 285 914 1070">
     <span class='ocr_line' id='line_1_2' title="bbox 68 285 877 359; baseline 0 -15"><span class='ocrx_word' id='word_1_5' title='bbox 68 291 147 345; x_wconf 89' lang='lat' dir='ltr'>ritum</span> <span class='ocrx_word' id='word_1_6' title='bbox 176 295 257 345; x_wconf 87' lang='lat' dir='ltr'>tuum</span> <span class='ocrx_word' id='word_1_7' title='bbox 276 288 392 357; x_wconf 81' lang='lat' dir='ltr'>sepiunt,</span> <span class='ocrx_word' id='word_1_8' title='bbox 422 296 449 342; x_wconf 90' lang='lat' dir='ltr'>et</span> <span class='ocrx_word' id='word_1_9' title='bbox 470 287 618 357; x_wconf 83' lang='lat' dir='ltr'>prudenter</span> <span class='ocrx_word' id='word_1_10' title='bbox 635 285 756 342; x_wconf 90' lang='lat' dir='ltr'>subditos</span> <span class='ocrx_word' id='word_1_11' title='bbox 773 295 877 359; x_wconf 82' lang='lat' dir='ltr'>regent,</span> 
     </span>
     <span class='ocr_line' id='line_1_3' title="bbox 68 357 876 430; baseline 0.001 -16"><span class='ocrx_word' id='word_1_12' title='bbox 68 376 175 430; x_wconf 90' lang='lat' dir='ltr'>nosque</span> <span class='ocrx_word' id='word_1_13' title='bbox 204 375 272 414; x_wconf 90' lang='lat' dir='ltr'>vere</span> <span class='ocrx_word' id='word_1_14' title='bbox 302 359 458 415; x_wconf 79' lang='lat' dir='ltr'>obedientes</span> <span class='ocrx_word' id='word_1_15' title='bbox 485 359 554 414; x_wconf 90' lang='lat' dir='ltr'>filios</span> <span class='ocrx_word' id='word_1_16' title='bbox 583 374 643 416; x_wconf 90' lang='lat' dir='ltr'>esse</span> <span class='ocrx_word' id='word_1_17' title='bbox 671 357 813 426; x_wconf 80' lang='lat' dir='ltr'>gaudeant</span> <span class='ocrx_word' id='word_1_18' title='bbox 840 389 876 400; x_wconf 90' lang='lat'><em>-</em></span> 
     </span>
     <span class='ocr_line' id='line_1_4' title="bbox 67 429 877 499; baseline -0.001 -13"><span class='ocrx_word' id='word_1_19' title='bbox 67 433 202 488; x_wconf 79' lang='lat' dir='ltr'>Miserere</span> <span class='ocrx_word' id='word_1_20' title='bbox 232 431 379 486; x_wconf 87' lang='lat' dir='ltr'>amicorum</span> <span class='ocrx_word' id='word_1_21' title='bbox 413 439 440 486; x_wconf 89' lang='lat' dir='ltr'>et</span> <span class='ocrx_word' id='word_1_22' title='bbox 463 438 637 499; x_wconf 86' lang='lat' dir='ltr'>patronorum</span> <span class='ocrx_word' id='word_1_23' title='bbox 661 429 739 483; x_wconf 91' lang='lat' dir='ltr'>nobis</span> <span class='ocrx_word' id='word_1_24' title='bbox 762 436 818 483; x_wconf 89' lang='lat' dir='ltr'>tum</span> <span class='ocrx_word' id='word_1_25' title='bbox 848 431 877 485; x_wconf 90' lang='lat' dir='ltr'>in</span> 
     </span>
     <span class='ocr_line' id='line_1_5' title="bbox 69 498 878 572; baseline -0.004 -13"><span class='ocrx_word' id='word_1_26' title='bbox 69 503 273 572; x_wconf 82' lang='lat' dir='ltr'>spiritualibus,</span> <span class='ocrx_word' id='word_1_27' title='bbox 304 509 361 556; x_wconf 88' lang='lat' dir='ltr'>tum</span> <span class='ocrx_word' id='word_1_28' title='bbox 387 503 416 555; x_wconf 92' lang='lat' dir='ltr'>in</span> <span class='ocrx_word' id='word_1_29' title='bbox 439 502 631 570; x_wconf 77' lang='lat' dir='ltr'>temporalibus</span> <span class='ocrx_word' id='word_1_30' title='bbox 654 501 735 555; x_wconf 90' lang='lat' dir='ltr'>rebus</span> <span class='ocrx_word' id='word_1_31' title='bbox 762 498 878 556; x_wconf 88' lang='lat' dir='ltr'>fideliter</span> 
     </span>
     <span class='ocr_line' id='line_1_6' title="bbox 69 572 914 649; baseline -0.004 -18"><span class='ocrx_word' id='word_1_32' title='bbox 69 575 264 630; x_wconf 75' lang='lat' dir='ltr'>assistentium.</span> <span class='ocrx_word' id='word_1_33' title='bbox 302 573 391 626; x_wconf 90' lang='lat' dir='ltr'>Tuere</span> <span class='ocrx_word' id='word_1_34' title='bbox 410 588 457 628; x_wconf 90' lang='lat' dir='ltr'>eos</span> <span class='ocrx_word' id='word_1_35' title='bbox 475 575 509 627; x_wconf 87' lang='lat' dir='ltr'>ub</span> <span class='ocrx_word' id='word_1_36' title='bbox 528 574 600 628; x_wconf 90' lang='lat' dir='ltr'>omni</span> <span class='ocrx_word' id='word_1_37' title='bbox 617 573 696 641; x_wconf 87' lang='lat' dir='ltr'>molo,</span> <span class='ocrx_word' id='word_1_38' title='bbox 719 586 770 625; x_wconf 91' lang='lat' dir='ltr'>nec</span> <span class='ocrx_word' id='word_1_39' title='bbox 789 572 875 628; x_wconf 88' lang='lat' dir='ltr'>solum</span> <span class='ocrx_word' id='word_1_40' title='bbox 906 639 914 649; x_wconf 35' lang='lat'>⁵</span> 
     </span>
     <span class='ocr_line' id='line_1_7' title="bbox 71 643 877 714; baseline -0.002 -14"><span class='ocrx_word' id='word_1_41' title='bbox 71 647 98 700; x_wconf 90' lang='lat' dir='ltr'>in</span> <span class='ocrx_word' id='word_1_42' title='bbox 117 647 193 714; x_wconf 81' lang='lat' dir='ltr'>vite,</span> <span class='ocrx_word' id='word_1_43' title='bbox 223 644 273 699; x_wconf 89' lang='lat' dir='ltr'>sed</span> <span class='ocrx_word' id='word_1_44' title='bbox 295 652 358 712; x_wconf 89' lang='lat' dir='ltr'>post</span> <span class='ocrx_word' id='word_1_45' title='bbox 374 652 487 699; x_wconf 90' lang='lat' dir='ltr'>mortem</span> <span class='ocrx_word' id='word_1_46' title='bbox 506 645 600 713; x_wconf 89' lang='lat' dir='ltr'>etiam,</span> <span class='ocrx_word' id='word_1_47' title='bbox 627 651 659 698; x_wconf 90' lang='lat' dir='ltr'>ut</span> <span class='ocrx_word' id='word_1_48' title='bbox 681 651 708 698; x_wconf 94' lang='lat' dir='ltr'>te</span> <span class='ocrx_word' id='word_1_49' title='bbox 731 643 877 712; x_wconf 87' lang='lat' dir='ltr'>pronubis</span> 
     </span>
     <span class='ocr_line' id='line_1_8' title="bbox 70 714 877 772; baseline -0.002 -2"><span class='ocrx_word' id='word_1_50' title='bbox 70 716 226 772; x_wconf 87' lang='lat' dir='ltr'>munificum</span> <span class='ocrx_word' id='word_1_51' title='bbox 265 716 384 771; x_wconf 84' lang='lat' dir='ltr'>sentiant</span> <span class='ocrx_word' id='word_1_52' title='bbox 414 723 649 770; x_wconf 81' lang='lat' dir='ltr'>remuneratorem.</span> <span class='ocrx_word' id='word_1_53' title='bbox 684 743 718 754; x_wconf 93' lang='lat'><em>-</em></span> <span class='ocrx_word' id='word_1_54' title='bbox 744 714 877 768; x_wconf 81' lang='lat' dir='ltr'>Miserere</span> 
     </span>
     <span class='ocr_line' id='line_1_9' title="bbox 71 785 877 855; baseline -0.004 -13"><span class='ocrx_word' id='word_1_55' title='bbox 71 787 261 842; x_wconf 78' lang='lat' dir='ltr'>defimmorum</span> <span class='ocrx_word' id='word_1_56' title='bbox 281 785 393 840; x_wconf 81' lang='lat' dir='ltr'>fratrum</span> <span class='ocrx_word' id='word_1_57' title='bbox 420 794 447 842; x_wconf 90' lang='lat' dir='ltr'>et</span> <span class='ocrx_word' id='word_1_58' title='bbox 471 786 686 855; x_wconf 77' lang='lat' dir='ltr'>benefactorum,</span> <span class='ocrx_word' id='word_1_59' title='bbox 714 792 742 840; x_wconf 92' lang='lat' dir='ltr'>et</span> <span class='ocrx_word' id='word_1_60' title='bbox 765 785 877 840; x_wconf 90' lang='lat' dir='ltr'>catholi-</span> 
     </span>
     <span class='ocr_line' id='line_1_10' title="bbox 71 857 874 927; baseline -0.005 -13"><span class='ocrx_word' id='word_1_61' title='bbox 71 875 164 914; x_wconf 82' lang='lat' dir='ltr'>corum</span> <span class='ocrx_word' id='word_1_62' title='bbox 175 860 302 912; x_wconf 87' lang='lat' dir='ltr'>omnium.</span> <span class='ocrx_word' id='word_1_63' title='bbox 321 858 402 912; x_wconf 83' lang='lat' dir='ltr'>Dons</span> <span class='ocrx_word' id='word_1_64' title='bbox 410 858 457 927; x_wconf 92' lang='lat' dir='ltr'>eis,</span> <span class='ocrx_word' id='word_1_65' title='bbox 476 859 597 927; x_wconf 90' lang='lat' dir='ltr'>Domine,</span> <span class='ocrx_word' id='word_1_66' title='bbox 610 857 765 912; x_wconf 90' lang='lat' dir='ltr'>intenebris</span> <span class='ocrx_word' id='word_1_67' title='bbox 779 857 874 927; x_wconf 89' lang='lat' dir='ltr'>lucem,</span> 
     </span>
     <span class='ocr_line' id='line_1_11' title="bbox 70 927 874 998; baseline -0.002 -14"><span class='ocrx_word' id='word_1_68' title='bbox 70 931 97 984; x_wconf 87' lang='lat' dir='ltr'>iu</span> <span class='ocrx_word' id='word_1_69' title='bbox 113 931 215 998; x_wconf 89' lang='lat' dir='ltr'>poeuis</span> <span class='ocrx_word' id='word_1_70' title='bbox 233 929 369 997; x_wconf 89' lang='lat' dir='ltr'>requiem,</span> <span class='ocrx_word' id='word_1_71' title='bbox 399 936 426 984; x_wconf 88' lang='lat' dir='ltr'>et</span> <span class='ocrx_word' id='word_1_72' title='bbox 448 930 477 983; x_wconf 92' lang='lat' dir='ltr'>in</span> <span class='ocrx_word' id='word_1_73' title='bbox 501 945 584 998; x_wconf 85' lang='lat' dir='ltr'>regno</span> <span class='ocrx_word' id='word_1_74' title='bbox 610 936 657 984; x_wconf 89' lang='lat' dir='ltr'>tuo</span> <span class='ocrx_word' id='word_1_75' title='bbox 681 927 874 983; x_wconf 86' lang='lat' dir='ltr'>beatitudinem</span> 
     </span>
     <span class='ocr_line' id='line_1_12' title="bbox 73 1000 405 1070; baseline -0.006 -14"><span class='ocrx_word' id='word_1_76' title='bbox 73 1003 274 1070; x_wconf 86' lang='lat' dir='ltr'>sempiternam.</span> <span class='ocrx_word' id='word_1_77' title='bbox 311 1000 405 1054; x_wconf 83' lang='lat' dir='ltr'>Amen.</span> 
     </span>
    </p>

    <p class='ocr_par' dir='ltr' id='par_1_3' title="bbox 74 1070 877 2336">
     <span class='ocr_line' id='line_1_13' title="bbox 105 1070 875 1141; baseline -0.001 -14"><span class='ocrx_word' id='word_1_78' title='bbox 105 1072 244 1127; x_wconf 83' lang='lat' dir='ltr'>Miserere</span> <span class='ocrx_word' id='word_1_79' title='bbox 269 1071 473 1140; x_wconf 90' lang='lat' dir='ltr'>discipulorum,</span> <span class='ocrx_word' id='word_1_80' title='bbox 502 1077 529 1124; x_wconf 89' lang='lat' dir='ltr'>et</span> <span class='ocrx_word' id='word_1_81' title='bbox 551 1070 664 1126; x_wconf 89' lang='lat' dir='ltr'>filiorum</span> <span class='ocrx_word' id='word_1_82' title='bbox 688 1071 875 1141; x_wconf 78' lang='lat' dir='ltr'>spiritualium,</span> 
     </span>
     <span class='ocr_line' id='line_1_14' title="bbox 75 1141 876 1210; baseline 0 -12"><span class='ocrx_word' id='word_1_83' title='bbox 75 1158 141 1210; x_wconf 87' lang='lat' dir='ltr'>quos</span> <span class='ocrx_word' id='word_1_84' title='bbox 160 1141 342 1210; x_wconf 88' lang='lat' dir='ltr'>instruendos,</span> <span class='ocrx_word' id='word_1_85' title='bbox 361 1142 549 1210; x_wconf 79' lang='lat' dir='ltr'>gubernandos</span> <span class='ocrx_word' id='word_1_86' title='bbox 567 1149 595 1196; x_wconf 91' lang='lat' dir='ltr'>et</span> <span class='ocrx_word' id='word_1_87' title='bbox 614 1141 778 1198; x_wconf 73' lang='lat' dir='ltr'>adiuvandus</span> <span class='ocrx_word' id='word_1_88' title='bbox 796 1144 876 1198; x_wconf 90' lang='lat' dir='ltr'>nobis</span> 
     </span>
     <span class='ocr_line' id='line_1_15' title="bbox 74 1212 875 1283; baseline -0.001 -15"><span class='ocrx_word' id='word_1_89' title='bbox 74 1213 218 1269; x_wconf 75' lang='lat' dir='ltr'>tradidisti.</span> <span class='ocrx_word' id='word_1_90' title='bbox 247 1212 382 1268; x_wconf 76' lang='lat' dir='ltr'>Confirmet</span> <span class='ocrx_word' id='word_1_91' title='bbox 399 1214 426 1266; x_wconf 92' lang='lat' dir='ltr'>in</span> <span class='ocrx_word' id='word_1_92' title='bbox 443 1213 503 1283; x_wconf 90' lang='lat' dir='ltr'>illis,</span> <span class='ocrx_word' id='word_1_93' title='bbox 522 1214 643 1281; x_wconf 87' lang='lat' dir='ltr'>Domine,</span> <span class='ocrx_word' id='word_1_94' title='bbox 663 1214 761 1268; x_wconf 89' lang='lat' dir='ltr'>bonum</span> <span class='ocrx_word' id='word_1_95' title='bbox 774 1230 875 1283; x_wconf 89' lang='lat' dir='ltr'>semen,</span> 
     </span>
     <span class='ocr_line' id='line_1_16' title="bbox 76 1285 875 1354; baseline 0.003 -15"><span class='ocrx_word' id='word_1_96' title='bbox 76 1292 104 1340; x_wconf 91' lang='lat' dir='ltr'>ut</span> <span class='ocrx_word' id='word_1_97' title='bbox 120 1286 150 1339; x_wconf 93' lang='lat' dir='ltr'>in</span> <span class='ocrx_word' id='word_1_98' title='bbox 164 1285 271 1353; x_wconf 86' lang='lat' dir='ltr'>litteris,</span> <span class='ocrx_word' id='word_1_99' title='bbox 290 1285 408 1340; x_wconf 89' lang='lat' dir='ltr'>moribus</span> <span class='ocrx_word' id='word_1_100' title='bbox 429 1291 509 1352; x_wconf 87' lang='lat' dir='ltr'>atque</span> <span class='ocrx_word' id='word_1_101' title='bbox 523 1285 666 1339; x_wconf 90' lang='lat' dir='ltr'>virtutibus</span> <span class='ocrx_word' id='word_1_102' title='bbox 680 1286 764 1354; x_wconf 74' lang='lat' dir='ltr'>magis</span> <span class='ocrx_word' id='word_1_103' title='bbox 777 1286 875 1354; x_wconf 80' lang='lat' dir='ltr'>magis-</span> 
     </span>
     <span class='ocr_line' id='line_1_17' title="bbox 77 1354 875 1424; baseline 0.001 -14"><span class='ocrx_word' id='word_1_104' title='bbox 77 1371 127 1424; x_wconf 81' lang='lat' dir='ltr'>que</span> <span class='ocrx_word' id='word_1_105' title='bbox 141 1354 294 1424; x_wconf 87' lang='lat' dir='ltr'>proficiant,</span> <span class='ocrx_word' id='word_1_106' title='bbox 314 1362 341 1409; x_wconf 91' lang='lat' dir='ltr'>et</span> <span class='ocrx_word' id='word_1_107' title='bbox 359 1371 375 1408; x_wconf 91' lang='lat' dir='ltr'>a</span> <span class='ocrx_word' id='word_1_108' title='bbox 392 1356 469 1412; x_wconf 85' lang='lat' dir='ltr'>nobis</span> <span class='ocrx_word' id='word_1_109' title='bbox 482 1362 555 1409; x_wconf 85' lang='lat' dir='ltr'>reete</span> <span class='ocrx_word' id='word_1_110' title='bbox 570 1364 597 1411; x_wconf 90' lang='lat' dir='ltr'>et</span> <span class='ocrx_word' id='word_1_111' title='bbox 613 1355 727 1410; x_wconf 81' lang='lat' dir='ltr'>feliciter</span> <span class='ocrx_word' id='word_1_112' title='bbox 740 1366 875 1411; x_wconf 84' lang='lat' dir='ltr'>curentur.</span> 
     </span>
     <span class='ocr_line' id='line_1_18' title="bbox 77 1425 877 1495; baseline 0.003 -15"><span class='ocrx_word' id='word_1_113' title='bbox 77 1457 109 1466; x_wconf 98' lang='lat'>—</span> <span class='ocrx_word' id='word_1_114' title='bbox 125 1428 260 1482; x_wconf 88' lang='lat' dir='ltr'>Miserere</span> <span class='ocrx_word' id='word_1_115' title='bbox 277 1425 390 1480; x_wconf 76' lang='lat' dir='ltr'>frumrm</span> <span class='ocrx_word' id='word_1_116' title='bbox 406 1427 435 1480; x_wconf 92' lang='lat' dir='ltr'>in</span> <span class='ocrx_word' id='word_1_117' title='bbox 453 1443 502 1481; x_wconf 82' lang='lat' dir='ltr'>sus</span> <span class='ocrx_word' id='word_1_118' title='bbox 518 1427 659 1482; x_wconf 86' lang='lat' dir='ltr'>vocatione</span> <span class='ocrx_word' id='word_1_119' title='bbox 678 1429 818 1495; x_wconf 79' lang='lat' dir='ltr'>stantium,</span> <span class='ocrx_word' id='word_1_120' title='bbox 845 1433 877 1482; x_wconf 88' lang='lat' dir='ltr'>ut</span> 
     </span>
     <span class='ocr_line' id='line_1_19' title="bbox 77 1497 875 1566; baseline 0 -14"><span class='ocrx_word' id='word_1_121' title='bbox 77 1513 124 1566; x_wconf 91' lang='lat' dir='ltr'>per</span> <span class='ocrx_word' id='word_1_122' title='bbox 141 1505 171 1552; x_wconf 90' lang='lat' dir='ltr'>te</span> <span class='ocrx_word' id='word_1_123' title='bbox 188 1499 218 1552; x_wconf 88' lang='lat' dir='ltr'>iu</span> <span class='ocrx_word' id='word_1_124' title='bbox 234 1504 310 1552; x_wconf 88' lang='lat' dir='ltr'>recto</span> <span class='ocrx_word' id='word_1_125' title='bbox 328 1497 456 1551; x_wconf 85' lang='lat' dir='ltr'>virtutum</span> <span class='ocrx_word' id='word_1_126' title='bbox 474 1515 553 1552; x_wconf 90' lang='lat' dir='ltr'>cursu</span> <span class='ocrx_word' id='word_1_127' title='bbox 566 1497 761 1562; x_wconf 85' lang='lat' dir='ltr'>confirmentur.</span> <span class='ocrx_word' id='word_1_128' title='bbox 793 1499 875 1552; x_wconf 90' lang='lat' dir='ltr'>Mise-</span> 
     </span>
     <span class='ocr_line' id='line_1_20' title="bbox 77 1569 877 1637; baseline -0.001 -13"><span class='ocrx_word' id='word_1_129' title='bbox 77 1585 136 1624; x_wconf 87' lang='lat' dir='ltr'>rere</span> <span class='ocrx_word' id='word_1_130' title='bbox 150 1570 217 1624; x_wconf 89' lang='lat' dir='ltr'>item</span> <span class='ocrx_word' id='word_1_131' title='bbox 229 1569 380 1623; x_wconf 87' lang='lat' dir='ltr'>nutantium</span> <span class='ocrx_word' id='word_1_132' title='bbox 394 1576 474 1636; x_wconf 81' lang='lat' dir='ltr'>etque</span> <span class='ocrx_word' id='word_1_133' title='bbox 489 1569 707 1637; x_wconf 77' lang='lat' dir='ltr'>claudicandum,</span> <span class='ocrx_word' id='word_1_134' title='bbox 729 1576 759 1623; x_wconf 91' lang='lat' dir='ltr'>ut</span> <span class='ocrx_word' id='word_1_135' title='bbox 772 1569 877 1637; x_wconf 86' lang='lat' dir='ltr'>potenti</span> 
     </span>
     <span class='ocr_line' id='line_1_21' title="bbox 78 1638 877 1710; baseline -0.004 -15"><span class='ocrx_word' id='word_1_136' title='bbox 78 1641 174 1708; x_wconf 89' lang='lat' dir='ltr'>spiritu</span> <span class='ocrx_word' id='word_1_137' title='bbox 186 1647 234 1694; x_wconf 90' lang='lat' dir='ltr'>tuo</span> <span class='ocrx_word' id='word_1_138' title='bbox 254 1638 338 1695; x_wconf 90' lang='lat' dir='ltr'>adiuti</span> <span class='ocrx_word' id='word_1_139' title='bbox 359 1647 386 1694; x_wconf 90' lang='lat' dir='ltr'>et</span> <span class='ocrx_word' id='word_1_140' title='bbox 399 1639 564 1710; x_wconf 88' lang='lat' dir='ltr'>consolidati,</span> <span class='ocrx_word' id='word_1_141' title='bbox 582 1655 670 1706; x_wconf 88' lang='lat' dir='ltr'>neque</span> <span class='ocrx_word' id='word_1_142' title='bbox 690 1639 725 1693; x_wconf 92' lang='lat' dir='ltr'>ad</span> <span class='ocrx_word' id='word_1_143' title='bbox 738 1639 877 1694; x_wconf 85' lang='lat' dir='ltr'>dexterum</span> 
     </span>
     <span class='ocr_line' id='line_1_22' title="bbox 78 1711 877 1780; baseline 0.001 -16"><span class='ocrx_word' id='word_1_144' title='bbox 78 1727 165 1780; x_wconf 86' lang='lat' dir='ltr'>neque</span> <span class='ocrx_word' id='word_1_145' title='bbox 188 1711 224 1765; x_wconf 83' lang='lat' dir='ltr'>ad</span> <span class='ocrx_word' id='word_1_146' title='bbox 251 1711 385 1765; x_wconf 80' lang='lat' dir='ltr'>sinistram</span> <span class='ocrx_word' id='word_1_147' title='bbox 408 1711 548 1769; x_wconf 86' lang='lat' dir='ltr'>declinent.</span> <span class='ocrx_word' id='word_1_148' title='bbox 568 1741 602 1750; x_wconf 88' lang='lat'>-</span> <span class='ocrx_word' id='word_1_149' title='bbox 620 1711 751 1765; x_wconf 88' lang='lat' dir='ltr'>Miserere</span> <span class='ocrx_word' id='word_1_150' title='bbox 770 1725 877 1778; x_wconf 88' lang='lat' dir='ltr'>quoquo</span> 
     </span>
     <span class='ocr_line' id='line_1_23' title="bbox 78 1781 876 1852; baseline 0 -16"><span class='ocrx_word' id='word_1_151' title='bbox 78 1782 223 1852; x_wconf 85' lang='lat' dir='ltr'>lapsorum,</span> <span class='ocrx_word' id='word_1_152' title='bbox 241 1789 273 1836; x_wconf 92' lang='lat' dir='ltr'>ut</span> <span class='ocrx_word' id='word_1_153' title='bbox 291 1781 442 1838; x_wconf 86' lang='lat' dir='ltr'>desertores</span> <span class='ocrx_word' id='word_1_154' title='bbox 459 1781 508 1836; x_wconf 91' lang='lat' dir='ltr'>filii</span> <span class='ocrx_word' id='word_1_155' title='bbox 526 1798 560 1836; x_wconf 84' lang='lat' dir='ltr'>ex</span> <span class='ocrx_word' id='word_1_156' title='bbox 579 1782 731 1850; x_wconf 79' lang='lat' dir='ltr'>apostasiae</span> <span class='ocrx_word' id='word_1_157' title='bbox 749 1787 821 1836; x_wconf 82' lang='lat' dir='ltr'>stetu</span> <span class='ocrx_word' id='word_1_158' title='bbox 834 1796 876 1836; x_wconf 89' lang='lat' dir='ltr'>re-</span> 
     </span>
     <span class='ocr_line' id='line_1_24' title="bbox 80 1853 876 1922; baseline 0 -14"><span class='ocrx_word' id='word_1_159' title='bbox 80 1861 196 1922; x_wconf 83' lang='lat' dir='ltr'>surgant,</span> <span class='ocrx_word' id='word_1_160' title='bbox 220 1861 249 1907; x_wconf 89' lang='lat' dir='ltr'>et</span> <span class='ocrx_word' id='word_1_161' title='bbox 266 1853 383 1921; x_wconf 90' lang='lat' dir='ltr'>priorem</span> <span class='ocrx_word' id='word_1_162' title='bbox 400 1854 547 1909; x_wconf 81' lang='lat' dir='ltr'>vocadonis</span> <span class='ocrx_word' id='word_1_163' title='bbox 566 1868 630 1908; x_wconf 87' lang='lat' dir='ltr'>suec</span> <span class='ocrx_word' id='word_1_164' title='bbox 649 1853 762 1920; x_wconf 80' lang='lat' dir='ltr'>gratiam</span> <span class='ocrx_word' id='word_1_165' title='bbox 781 1869 876 1921; x_wconf 82' lang='lat' dir='ltr'>agnos-</span> 
     </span>
     <span class='ocr_line' id='line_1_25' title="bbox 79 1924 876 1994; baseline 0.001 -14"><span class='ocrx_word' id='word_1_166' title='bbox 79 1933 144 1990; x_wconf 78' lang='lat' dir='ltr'>cent,</span> <span class='ocrx_word' id='word_1_167' title='bbox 164 1924 267 1992; x_wconf 90' lang='lat' dir='ltr'>tibique</span> <span class='ocrx_word' id='word_1_168' title='bbox 285 1939 334 1992; x_wconf 89' lang='lat' dir='ltr'>per</span> <span class='ocrx_word' id='word_1_169' title='bbox 351 1939 443 1979; x_wconf 83' lang='lat' dir='ltr'>veram</span> <span class='ocrx_word' id='word_1_170' title='bbox 459 1925 650 1994; x_wconf 80' lang='lat' dir='ltr'>poeniteutiam</span> <span class='ocrx_word' id='word_1_171' title='bbox 663 1925 876 1982; x_wconf 88' lang='lat' dir='ltr'>reconcilientur.</span> 
     </span>
     <span class='ocr_line' id='line_1_26' title="bbox 80 1995 877 2065; baseline -0.001 -14"><span class='ocrx_word' id='word_1_172' title='bbox 80 2025 111 2036; x_wconf 92' lang='lat'><em>-</em></span> <span class='ocrx_word' id='word_1_173' title='bbox 128 1996 263 2051; x_wconf 89' lang='lat' dir='ltr'>Miserere</span> <span class='ocrx_word' id='word_1_174' title='bbox 281 1995 454 2065; x_wconf 89' lang='lat' dir='ltr'>inimieorum,</span> <span class='ocrx_word' id='word_1_175' title='bbox 480 2002 507 2050; x_wconf 91' lang='lat' dir='ltr'>et</span> <span class='ocrx_word' id='word_1_176' title='bbox 525 2004 618 2064; x_wconf 74' lang='lat' dir='ltr'>aperte</span> <span class='ocrx_word' id='word_1_177' title='bbox 643 1997 687 2050; x_wconf 87' lang='lat' dir='ltr'>vel</span> <span class='ocrx_word' id='word_1_178' title='bbox 705 1997 808 2050; x_wconf 89' lang='lat' dir='ltr'>occulte</span> <span class='ocrx_word' id='word_1_179' title='bbox 825 2011 877 2050; x_wconf 87' lang='lat' dir='ltr'>nos</span> 
     </span>
     <span class='ocr_line' id='line_1_27' title="bbox 79 2067 876 2136; baseline -0.004 -13"><span class='ocrx_word' id='word_1_180' title='bbox 79 2067 304 2135; x_wconf 84' lang='lat' dir='ltr'>persequentium.</span> <span class='ocrx_word' id='word_1_181' title='bbox 331 2067 393 2120; x_wconf 88' lang='lat' dir='ltr'>Nou</span> <span class='ocrx_word' id='word_1_182' title='bbox 409 2068 463 2122; x_wconf 91' lang='lat' dir='ltr'>illis</span> <span class='ocrx_word' id='word_1_183' title='bbox 480 2067 532 2120; x_wconf 88' lang='lat' dir='ltr'>hou</span> <span class='ocrx_word' id='word_1_184' title='bbox 549 2068 665 2135; x_wconf 89' lang='lat' dir='ltr'>imputes</span> <span class='ocrx_word' id='word_1_185' title='bbox 682 2068 711 2120; x_wconf 92' lang='lat' dir='ltr'>in</span> <span class='ocrx_word' id='word_1_186' title='bbox 725 2075 876 2136; x_wconf 86' lang='lat' dir='ltr'>peccatum,</span> 
     </span>
     <span class='ocr_line' id='line_1_28' title="bbox 80 2137 877 2206; baseline 0.001 -14"><span class='ocrx_word' id='word_1_187' title='bbox 80 2138 196 2193; x_wconf 85' lang='lat' dir='ltr'>sediliis</span> <span class='ocrx_word' id='word_1_188' title='bbox 214 2137 329 2206; x_wconf 76' lang='lat' dir='ltr'>gratiam</span> <span class='ocrx_word' id='word_1_189' title='bbox 353 2145 427 2192; x_wconf 89' lang='lat' dir='ltr'>tuom</span> <span class='ocrx_word' id='word_1_190' title='bbox 450 2145 477 2193; x_wconf 90' lang='lat' dir='ltr'>et</span> <span class='ocrx_word' id='word_1_191' title='bbox 495 2138 706 2206; x_wconf 86' lang='lat' dir='ltr'>resipiscentiam</span> <span class='ocrx_word' id='word_1_192' title='bbox 731 2154 762 2192; x_wconf 86' lang='lat' dir='ltr'>no</span> <span class='ocrx_word' id='word_1_193' title='bbox 781 2139 877 2193; x_wconf 77' lang='lat' dir='ltr'>comta·</span> 
     </span>
     <span class='ocr_line' id='line_1_29' title="bbox 79 2208 877 2276; baseline 0 -12"><span class='ocrx_word' id='word_1_194' title='bbox 79 2215 130 2264; x_wconf 89' lang='lat' dir='ltr'>tem</span> <span class='ocrx_word' id='word_1_195' title='bbox 153 2225 248 2264; x_wconf 83' lang='lat' dir='ltr'>veram</span> <span class='ocrx_word' id='word_1_196' title='bbox 281 2208 451 2276; x_wconf 87' lang='lat' dir='ltr'>impertiaris.</span> <span class='ocrx_word' id='word_1_197' title='bbox 494 2209 548 2263; x_wconf 91' lang='lat' dir='ltr'>Per</span> <span class='ocrx_word' id='word_1_198' title='bbox 572 2209 707 2264; x_wconf 80' lang='lat' dir='ltr'>Christum</span> <span class='ocrx_word' id='word_1_199' title='bbox 733 2210 877 2264; x_wconf 89' lang='lat' dir='ltr'>Dominum</span> 
     </span>
     <span class='ocr_line' id='line_1_30' title="bbox 79 2279 337 2336; baseline -0.008 -2"><span class='ocrx_word' id='word_1_200' title='bbox 79 2287 205 2336; x_wconf 87' lang='lat' dir='ltr'>nostrum.</span> <span class='ocrx_word' id='word_1_201' title='bbox 242 2279 337 2333; x_wconf 87' lang='lat' dir='ltr'>Amen.</span> 
     </span>
    </p>

    <p class='ocr_par' dir='ltr' id='par_1_4' title="bbox 80 2350 879 2706">
     <span class='ocr_line' id='line_1_31' title="bbox 111 2350 878 2420; baseline -0.001 -13"><span class='ocrx_word' id='word_1_202' title='bbox 111 2352 245 2407; x_wconf 85' lang='lat' dir='ltr'>Miserere</span> <span class='ocrx_word' id='word_1_203' title='bbox 264 2350 491 2406; x_wconf 86' lang='lat' dir='ltr'>schismaticorum</span> <span class='ocrx_word' id='word_1_204' title='bbox 510 2358 537 2406; x_wconf 88' lang='lat' dir='ltr'>et</span> <span class='ocrx_word' id='word_1_205' title='bbox 554 2351 765 2420; x_wconf 87' lang='lat' dir='ltr'>haereticorum,</span> <span class='ocrx_word' id='word_1_206' title='bbox 794 2359 825 2405; x_wconf 91' lang='lat' dir='ltr'>ut</span> <span class='ocrx_word' id='word_1_207' title='bbox 842 2350 878 2406; x_wconf 86' lang='lat' dir='ltr'>sd</span> 
     </span>
     <span class='ocr_line' id='line_1_32' title="bbox 80 2421 877 2491; baseline -0.001 -15"><span class='ocrx_word' id='word_1_208' title='bbox 80 2423 206 2479; x_wconf 83' lang='lat' dir='ltr'>ccclesiae</span> <span class='ocrx_word' id='word_1_209' title='bbox 224 2421 338 2476; x_wconf 86' lang='lat' dir='ltr'>redeant</span> <span class='ocrx_word' id='word_1_210' title='bbox 355 2422 492 2491; x_wconf 88' lang='lat' dir='ltr'>unitatem,</span> <span class='ocrx_word' id='word_1_211' title='bbox 518 2430 546 2477; x_wconf 92' lang='lat' dir='ltr'>et</span> <span class='ocrx_word' id='word_1_212' title='bbox 563 2423 663 2476; x_wconf 88' lang='lat' dir='ltr'>relictis</span> <span class='ocrx_word' id='word_1_213' title='bbox 682 2437 802 2476; x_wconf 89' lang='lat' dir='ltr'>errorum</span> <span class='ocrx_word' id='word_1_214' title='bbox 821 2438 877 2476; x_wconf 90' lang='lat' dir='ltr'>um·</span> 
     </span>
     <span class='ocr_line' id='line_1_33' title="bbox 80 2492 879 2563; baseline 0 -15"><span class='ocrx_word' id='word_1_215' title='bbox 80 2492 144 2563; x_wconf 89' lang='lat' dir='ltr'>bris,</span> <span class='ocrx_word' id='word_1_216' title='bbox 172 2493 321 2548; x_wconf 80' lang='lat' dir='ltr'>catholicae</span> <span class='ocrx_word' id='word_1_217' title='bbox 341 2492 477 2547; x_wconf 84' lang='lat' dir='ltr'>doetrinae</span> <span class='ocrx_word' id='word_1_218' title='bbox 495 2493 582 2548; x_wconf 89' lang='lat' dir='ltr'>lucem</span> <span class='ocrx_word' id='word_1_219' title='bbox 606 2494 744 2549; x_wconf 87' lang='lat' dir='ltr'>nobiscum</span> <span class='ocrx_word' id='word_1_220' title='bbox 761 2493 879 2548; x_wconf 83' lang='lat' dir='ltr'>fideliter</span> 
     </span>
     <span class='ocr_line' id='line_1_34' title="bbox 82 2563 877 2635; baseline 0 -17"><span class='ocrx_word' id='word_1_221' title='bbox 82 2567 281 2635; x_wconf 75' lang='lat' dir='ltr'>amplectantur.</span> <span class='ocrx_word' id='word_1_222' title='bbox 302 2593 335 2602; x_wconf 94' lang='lat'>-</span> <span class='ocrx_word' id='word_1_223' title='bbox 354 2563 484 2618; x_wconf 85' lang='lat' dir='ltr'>Miserere</span> <span class='ocrx_word' id='word_1_224' title='bbox 502 2571 682 2633; x_wconf 78' lang='lat' dir='ltr'>peccatorum,</span> <span class='ocrx_word' id='word_1_225' title='bbox 706 2565 751 2632; x_wconf 93' lang='lat' dir='ltr'>qui</span> <span class='ocrx_word' id='word_1_226' title='bbox 769 2563 877 2633; x_wconf 91' lang='lat' dir='ltr'>mundo,</span> 
     </span>
     <span class='ocr_line' id='line_1_35' title="bbox 82 2635 878 2706; baseline -0.001 -16"><span class='ocrx_word' id='word_1_227' title='bbox 82 2637 156 2706; x_wconf 79' lang='lat' dir='ltr'>cerni,</span> <span class='ocrx_word' id='word_1_228' title='bbox 176 2642 290 2691; x_wconf 74' lang='lat' dir='ltr'>satanae</span> <span class='ocrx_word' id='word_1_229' title='bbox 308 2635 407 2703; x_wconf 90' lang='lat' dir='ltr'>potius,</span> <span class='ocrx_word' id='word_1_230' title='bbox 435 2651 515 2702; x_wconf 92' lang='lat' dir='ltr'>quam</span> <span class='ocrx_word' id='word_1_231' title='bbox 539 2636 588 2690; x_wconf 86' lang='lat' dir='ltr'>tibi</span> <span class='ocrx_word' id='word_1_232' title='bbox 605 2635 665 2690; x_wconf 90' lang='lat' dir='ltr'>Deo</span> <span class='ocrx_word' id='word_1_233' title='bbox 684 2651 749 2690; x_wconf 89' lang='lat' dir='ltr'>vero</span> <span class='ocrx_word' id='word_1_234' title='bbox 770 2644 797 2689; x_wconf 90' lang='lat' dir='ltr'>et</span> <span class='ocrx_word' id='word_1_235' title='bbox 813 2636 878 2689; x_wconf 84' lang='lat' dir='ltr'>vivo</span> 
     </span>
    </p>
   </div>
   <div class='ocr_carea' id='block_1_3' title="bbox 81 2704 880 2918">
    <p class='ocr_par' dir='ltr' id='par_1_5' title="bbox 81 2704 880 2918">
     <span class='ocr_line' id='line_1_36' title="bbox 82 2704 878 2776; baseline 0 -16"><span class='ocrx_word' id='word_1_236' title='bbox 82 2709 205 2775; x_wconf 78' lang='lat' dir='ltr'>serviunt,</span> <span class='ocrx_word' id='word_1_237' title='bbox 224 2713 253 2761; x_wconf 89' lang='lat' dir='ltr'>et</span> <span class='ocrx_word' id='word_1_238' title='bbox 271 2704 306 2759; x_wconf 84' lang='lat' dir='ltr'>ud</span> <span class='ocrx_word' id='word_1_239' title='bbox 319 2713 466 2774; x_wconf 88' lang='lat' dir='ltr'>perpetues</span> <span class='ocrx_word' id='word_1_240' title='bbox 486 2707 580 2761; x_wconf 87' lang='lat' dir='ltr'>mortis</span> <span class='ocrx_word' id='word_1_241' title='bbox 603 2713 696 2776; x_wconf 82' lang='lat' dir='ltr'>portes</span> <span class='ocrx_word' id='word_1_242' title='bbox 710 2713 878 2774; x_wconf 86' lang='lat' dir='ltr'>percurrunt.</span> 
     </span>
     <span class='ocr_line' id='line_1_37' title="bbox 82 2777 880 2847; baseline -0.005 -13"><span class='ocrx_word' id='word_1_243' title='bbox 82 2777 210 2834; x_wconf 75' lang='lat' dir='ltr'>converte</span> <span class='ocrx_word' id='word_1_244' title='bbox 229 2777 300 2846; x_wconf 90' lang='lat' dir='ltr'>illos,</span> <span class='ocrx_word' id='word_1_245' title='bbox 326 2777 449 2847; x_wconf 86' lang='lat' dir='ltr'>Domine,</span> <span class='ocrx_word' id='word_1_246' title='bbox 477 2777 512 2832; x_wconf 85' lang='lat' dir='ltr'>ed</span> <span class='ocrx_word' id='word_1_247' title='bbox 536 2779 608 2832; x_wconf 84' lang='lat' dir='ltr'>viem</span> <span class='ocrx_word' id='word_1_248' title='bbox 625 2777 822 2846; x_wconf 90' lang='lat' dir='ltr'>poenitentiae,</span> <span class='ocrx_word' id='word_1_249' title='bbox 852 2781 880 2830; x_wconf 90' lang='lat' dir='ltr'>et</span> 
     </span>
     <span class='ocr_line' id='line_1_38' title="bbox 81 2848 879 2918; baseline -0.006 -14"><span class='ocrx_word' id='word_1_250' title='bbox 81 2850 190 2906; x_wconf 85' lang='lat' dir='ltr'>mortuis</span> <span class='ocrx_word' id='word_1_251' title='bbox 209 2848 293 2902; x_wconf 82' lang='lat' dir='ltr'>ritum</span> <span class='ocrx_word' id='word_1_252' title='bbox 311 2849 413 2915; x_wconf 79' lang='lat' dir='ltr'>gratioe</span> <span class='ocrx_word' id='word_1_253' title='bbox 431 2849 564 2918; x_wconf 85' lang='lat' dir='ltr'>restitute,</span> <span class='ocrx_word' id='word_1_254' title='bbox 582 2863 616 2903; x_wconf 91' lang='lat' dir='ltr'>ne</span> <span class='ocrx_word' id='word_1_255' title='bbox 636 2848 754 2914; x_wconf 85' lang='lat' dir='ltr'>alioquin</span> <span class='ocrx_word' id='word_1_256' title='bbox 771 2848 800 2900; x_wconf 93' lang='lat' dir='ltr'>in</span> <span class='ocrx_word' id='word_1_257' title='bbox 816 2860 879 2914; x_wconf 88' lang='lat' dir='ltr'>pec-</span> 
     </span>
    </p>
   </div>
   <div class='ocr_carea' id='block_1_4' title="bbox 0 0 1068 3226">
    <p class='ocr_par' dir='ltr' id='par_1_6' title="bbox 0 0 1068 3226">
     <span class='ocr_line' id='line_1_39' title="bbox 0 0 1068 3226; baseline 0 0"><span class='ocrx_word' id='word_1_258' title='bbox 0 0 1068 3226; x_wconf 95' lang='lat' dir='ltr'> </span> 
     </span>
    </p>
   </div>
  </div>
 </body>
</html>
