2106 3228
222 181 330 222 Materiae
344 179 502 221 nonnullorum
514 183 686 228 meditationum,
828 177 855 222 21

169 284 211 338 tv.
240 287 280 338 οο
297 285 420 339 tenore
439 285 466 336 ct
484 284 547 338 zato
565 283 745 338 uoerdotntt.

72 388 102 441 1³.
118 391 291 445 Meditatio:
319 391 367 446 De
380 391 503 459 praemio
518 391 682 460 [avertetur
701 393 851 460 proposito.

98 483 116 536 Ι.
137 483 187 538 Ubi
203 501 249 554 eyo
261 502 331 555 crem,
349 485 408 539 attic
426 491 451 538 et
463 488 583 542 minister
599 503 674 541 meas
683 489 740 541 crit.
764 488 853 552 (toan.

70 557 114 619 12.)
137 556 171 610 At
192 556 237 610 ubi
255 566 299 612 est
317 556 446 612 sacerdos
463 557 516 611 illc
526 575 652 626 magnus,
677 559 722 612 illo
746 557 853 614 terrena

68 625 198 680 animam
215 637 319 698 pastor,
337 628 383 682 ille
401 627 550 684 indefessus
568 631 700 684 venator?
725 630 771 683 ubi
789 630 852 685 est?

67 711 114 749 non
128 697 176 751 iam
194 700 309 767 amplius
327 700 355 754 in
374 715 467 768 cruce,
495 717 549 754 non
567 701 616 756 sub
636 717 729 770 cruce,
754 717 808 755 non
825 701 854 756 in

66 766 142 836 horto,
157 785 210 824 non
227 771 256 824 in
274 770 425 839 itineribus,
443 773 584 840 montibus,
611 772 733 842 vallibus,
757 771 852 841 fatiga·

65 841 222 910 tranitem,
240 841 388 909 famelicus,
407 842 501 896 sedin
518 844 604 910 gloria
620 844 722 912 Patris3
741 844 786 913 ibi,
806 843 852 898 ubi

65 911 143 969 omnia
158 912 224 966 haec
241 913 315 967 mala
333 914 451 982 exulant,
471 915 559 968 omnia
576 914 687 969 affluunt
703 915 783 970 bona.

94 981 188 1052 11.1ai‚
206 985 253 1039 ubi
270 984 469 1054 iucundissima,
489 984 608 1053 pacifica,
630 985 750 1040 fraterna
767 987 853 1042 socie·

63 1053 168 1108 cassino
185 1055 295 1124 invidia,
314 1056 372 1110 sinc
391 1056 459 1122 rixa,
478 1057 534 1110 sine
552 1056 651 1111 taedio.

95 1124 138 1177 111.
156 1126 203 1195 lbi,
221 1127 269 1180 ubi
286 1126 423 1180 videbitur
439 1127 516 1181 Deae
533 1128 644 1182 deorum
660 1129 691 1182 a
704 1127 777 1182 Stoa
797 1129 852 1198 (Pa.

63 1194 110 1261 83.)
129 1196 201 1251 Parc
218 1198 330 1265 videbis,
350 1198 421 1266 opio
440 1198 575 1268 sacerdos,
594 1203 620 1252 ot
637 1200 741 1268 afflues,
760 1205 785 1253 ct
803 1201 852 1253 mt-

62 1265 165 1336 rabitur,
183 1273 209 1322 ot
226 1269 390 1322 datatabitar
407 1275 555 1323 cortuum.
581 1271 643 1336 (Isa.
662 1271 716 1339 60.)
744 1270 798 1340 Qui
814 1270 853 1326 art

62 1337 182 1392 tuatitr'am
199 1341 331 1394 audiant
343 1341 450 1407 mattoa,
470 1343 550 1408 quoa?
565 1341 656 1395 atellae
669 1343 852 1410 taperpctaao

62 1412 220 1465 aeternitates
235 1412 388 1480 sulcabant.
420 1411 498 1480 (Dan.
513 1415 554 1465 12.
568 1413 604 1480 3.)

64 1553 75 1592 d
92 1491 207 1542 cooperm
221 1495 273 1535 alltc
289 1496 337 1534 aina
351 1496 442 1544 Invidia,
457 1505 507 1534 cum
520 1495 605 1536 terrore
619 1496 642 1535 tn
657 1495 767 1535 exercitur
781 1506 852 1535 sacer·

77 1557 104 1595 oti
114 1561 212 1609 proprus.

126 1657 163 1710 ra
180 1659 367 1712 Meditatio:
394 1656 439 1711 De
457 1657 554 1726 labore,
580 1657 625 1712 cut
640 1654 784 1724 respondet

371 1757 534 1809 praeratum.

65 1832 139 1875 Turro
151 1839 224 1888 rtotto,
240 1841 266 1878 aa
274 1838 370 1879 mnam
378 1838 450 1876 labora
459 1868 464 1879 .
472 1869 479 1880 .
488 1865 494 1876 .
503 1839 641 1877 ornaturam
649 1837 719 1887 rapa,
730 1833 759 1887 (2.
766 1835 855 1890 rint.)

91 1911 110 1968 L
131 1913 228 1985 Virta,
246 1915 277 1969 id
296 1923 345 1985 eat,
367 1916 396 1969 in
415 1917 537 1970 omnibus
556 1917 690 1972 exercitiis
707 1917 780 1985 vigil,
799 1917 854 1972 ala-

66 1996 108 2052 ιιι,
126 1988 257 2042 excitatus
277 1996 344 2042 esto.
375 1987 472 2055 Vigila,
491 1988 554 2054 quia
572 1988 745 2057 advigilabat
763 1988 854 2044 obser-

65 2061 102 2106 rat
116 2055 188 2113 Deus
206 2063 397 2112 remunerator
414 2069 484 2127 tuus,
515 2058 645 2128 Christus,
677 2075 794 2114 summus
813 2075 856 2114 sa·

66 2125 146 2182 tardor
163 2137 237 2184 tuus.
274 2129 365 2198 Vigila
381 2129 410 2182 in
427 2130 549 2184 omnibus
566 2131 617 2184 viis
639 2132 700 2200 tuis,
727 2131 791 2198 quia
810 2130 856 2184 ad·

66 2195 145 2262 vigilat
162 2209 190 2255 et
207 2201 302 2254 circuit
320 2200 443 2254 diabolus
468 2208 498 2255 ut
515 2202 574 2270 leo,
600 2217 747 2272 quaerens,
777 2217 856 2270 quem

67 2263 170 2325 devoret.
190 2272 228 2342 (1.
238 2272 297 2326 Pet
310 2271 346 2341 5.)

88 2339 125 2421 ⁸II.
141 2341 269 2411 Laboro,
294 2357 432 2426 nunqaam
450 2343 529 2397 otiari
547 2342 627 2426 debet
645 2342 778 2412 sacerdos,
804 2343 857 2398 nisi

67 2407 856 2554 rebbeccataatetateeat

67 2556 186 2616 quomodo
205 2555 349 2612 laborabat
366 2557 483 2611 extensis
500 2557 617 2611 brachiis
634 2557 759 2625 Moyses,
789 2573 854 2624 quo·

66 2623 133 2701 bodo
150 2627 254 2682 luctans
272 2643 334 2682 cum
351 2625 456 2694 Angelo
474 2629 574 2696 Jacob,
603 2627 736 2695 quomodo
755 2627 854 2682 sudans

66 2707 88 2744 ιιι
102 2695 176 2753 horto
196 2699 335 2766 Christus,
363 2699 495 2765 quomodo
515 2697 667 2754 sacrificans
686 2698 713 2753 S.
732 2699 853 2766 Ignatiua

66 2761 165 2840 Loyola,
182 2777 255 2826 totus
273 2772 378 2839 igneus.

96 2837 140 2894 111
161 2841 347 2897 Mamercum
363 2841 452 2910 imple,
476 2840 504 2895 id
523 2847 573 2909 eat,
595 2839 639 2894 tac
656 2837 777 2908 perfecta
796 2852 857 2890 cum
