2128 3228
376 187 496 229 Iustruotlo
510 189 651 234 Clementiae,
829 172 833 182 ¹
872 184 911 228 ⁷01

117 291 226 360 lumina,
245 306 294 346 sex
311 305 407 359 nempe
426 290 553 345 candelae
578 290 657 345 nnius
680 289 774 360 librae,
801 305 912 357 quarum

116 371 173 419 tres
192 363 225 440 ab
243 377 405 439 unoquoque
422 362 510 440 latere,
526 362 619 430 crucis,
648 367 676 416 et
699 367 760 415 octo
785 360 913 415 candelae

116 435 145 488 in
171 434 307 502 superiori
327 440 414 503 parte,
442 449 502 488 cum
529 433 588 488 aliis
613 440 728 500 quatuor
751 432 913 500 apartibus

117 505 268 574 ostensem,
292 505 320 558 in
344 505 419 560 cuius
441 511 519 573 parte
538 504 665 560 anteriori
686 503 787 556 nullum
806 502 912 558 omnino
935 511 936 515 ’

117 583 234 646 ponatur
251 577 357 645 lumen3
376 575 464 631 adsint
482 574 590 630 tandem
606 573 659 630 duo
673 573 834 628 candelabra
851 589 911 627 cum

118 647 211 717 cereis,
226 648 530 715 quorumunusquisque
539 647 620 700 trium
629 645 723 701 saltem
734 646 769 700 eit
777 644 913 700 librarum

116 717 190 772 Idem
209 733 324 788 quoque,
343 718 565 790 clausaecclesia
579 725 750 787 pernoctem
767 716 915 770 retineatur

116 789 244 844 luminum
267 804 401 859 numerus,
433 805 547 858 quorsum
570 788 662 844 decem
686 788 779 842 saltem
804 787 857 842 sint
880 801 914 840 ex

117 875 196 929 cera3
213 867 335 929 tempore
354 867 444 916 autem
460 860 615 929 vespertino
628 867 671 916 tot
687 859 716 913 in
735 858 848 913 ecclesia
864 873 913 927 po-

114 939 213 987 nantur
229 932 343 1002 lumina,
372 941 438 1000 quot
456 931 490 987 ad
507 931 643 986 vitandam
661 929 843 986 confusionem
860 927 915 984 suf·

114 1001 214 1072 flciant,
228 1018 393 1071 accensaque
405 1009 562 1058 remaneant
570 1001 719 1071 usquedum
731 1003 828 1056 ianuae
842 1001 915 1054 clau·

118 1073 222 1129 dantur.
239 1074 388 1129 Fenestrae
407 1075 486 1129 alteri
504 1075 678 1142 expositionis
696 1073 808 1142 vicinae,
834 1072 915 1126 etiam

114 1159 165 1214 per
182 1144 252 1199 diem
266 1144 352 1199 claudi
366 1151 413 1199 aut
426 1146 557 1214 cooperiri
570 1151 704 1216 puteumt,
723 1143 757 1199 ad
770 1141 913 1199 fovendam
972 1212 976 1219 .

114 1215 233 1270 fidelium
251 1215 280 1268 in
297 1216 418 1270 oratione
436 1215 657 1271 recollectionem.
926 1216 931 1221 ”

150 1286 210 1340 Vll.
234 1285 320 1340 Nemo
355 1287 513 1355 saecularia,
544 1288 595 1342 etsi
624 1287 741 1341 cuiusvis
768 1285 912 1354 societatis,

115 1356 222 1426 sac001)
247 1357 369 1426 vestitus,
388 1357 424 1411 ad
441 1357 525 1412 altare
549 1358 687 1424 cmcumire
706 1356 804 1412 audeat
821 1356 856 1411 ad
873 1357 914 1410 lu·

115 1427 189 1480 mina
213 1426 344 1496 curanda,
370 1427 474 1482 autad
500 1427 572 1482 aliud
597 1427 661 1495 quid
692 1427 837 1496 agendum3
865 1425 914 1482 sed

118 1496 214 1552 adesse
233 1497 314 1553 debet
331 1499 457 1554 sacerdos
464 1498 485 1568 2)
506 1505 553 1553 aut
570 1499 664 1554 saltem
683 1499 802 1566 clericus,
822 1513 915 1565 super·
998 1523 999 1526 ¹

116 1567 231 1638 pelliceo
249 1569 366 1638 indutus,
385 1569 458 1637 quod
472 1584 554 1638 super
570 1570 707 1639 propriam
720 1576 823 1624 vestem
836 1583 915 1636 regu·

116 1640 188 1694 lares
207 1640 287 1695 etiam
306 1641 447 1696 cuiuslibet
462 1641 600 1709 religionis
618 1639 743 1709 induent3
769 1638 915 1693 notandum

116 1717 266 1780 praeterea,
294 1727 328 1766 ex
351 1711 459 1767 decreto
486 1711 512 1766 S.
529 1712 563 1766 ll.
583 1712 612 1766 0.
637 1715 679 1766 19.
697 1711 767 1779 Aug.
794 1711 917 1777 1651.‚a

115 1780 326 1851 quibuscumque
344 1784 467 1852 personis
486 1783 603 1838 cuiusvis
621 1782 779 1837 conditionis
797 1788 825 1836 et
842 1778 912 1834 ordi·

80 1909 84 1914 ,
117 1853 168 1922 nis,
186 1855 386 1910 transeuntibus
405 1861 466 1910 aute
481 1853 528 1910 SS.
544 1854 743 1908 Sacramentum
758 1852 916 1922 expositum,

116 1925 145 1979 in
164 1940 275 1980 accessu
293 1933 320 1980 et
337 1940 446 1981 recessu
464 1924 614 1980 faciendam
633 1939 702 1994 esse,
720 1924 798 1979 flexis
812 1922 917 1978 duobus

116 1997 238 2066 genibus,
256 1998 444 2056 reverentiam.
476 1996 555 2064 Quod
575 1997 671 2058 attinet
688 1995 722 2050 ad
741 1994 929 2062 sacerdotem·

169 2143 313 2185 dioecesium.
328 2163 352 2172 -
366 2141 394 2181 vl
409 2141 552 2182 ordinationis
566 2139 658 2190 Joeephl
672 2140 798 2189 clementie,
812 2138 916 2188 archiep.

169 2207 244 2248 colon.
259 2217 334 2247 coram
347 2204 383 2248 SS.
396 2206 538 2246 Sacramenta
552 2206 599 2246 slve
612 2205 635 2244 iu
649 2205 750 2254 precibus
764 2202 791 2244 40
804 2204 916 2268 horarum,

170 2275 215 2314 sive
229 2273 285 2314 allas
300 2273 341 2312 sub
360 2272 433 2312 divino
453 2273 524 2312 oiflclo
543 2272 566 2318 in
585 2281 626 2312 sua
647 2272 739 2322 quisque
760 2271 852 2312 ccclesia
866 2274 917 2311 octo

169 2337 203 2377 vel
218 2349 268 2387 sex,
289 2338 328 2378 aut
346 2337 369 2377 iu
383 2337 494 2378 meallbus
510 2335 680 2387 pauperioribus
698 2339 794 2386 quatuor
812 2337 840 2376 ad
853 2337 917 2376 miul-

169 2413 229 2443 mum
243 2405 318 2444 cereos
336 2403 441 2443 continuo
463 2402 565 2442 ardentes
585 2401 666 2451 apponi
685 2404 754 2442 curet.
770 2423 793 2432 -
809 2402 918 2443 (laudaiae

169 2477 196 2505 ex
210 2469 307 2508 stearlna
320 2467 433 2507 conlectae
452 2477 492 2516 pro
513 2478 555 2507 usu
569 2477 633 2507 sacro
647 2467 792 2516 prohibentur
808 2467 840 2516 (S.
855 2469 881 2509 R.
895 2467 917 2510 0.

170 2530 202 2571 16.
216 2532 270 2583 sept.
286 2531 370 2581 talu„
389 2541 481 2572 numero
495 2536 569 2572 autem
582 2533 719 2583 praescripto
740 2543 767 2572 ex
781 2543 832 2573 cera
845 2533 919 2573 conie-

170 2600 256 2636 ciarum
269 2597 385 2646 superaddl
399 2600 493 2646 possunt
507 2597 536 2637 ad
549 2598 674 2648 aagendam
688 2599 790 2638 ornatum
805 2599 890 2640 altaris.

132 2658 154 2712 ¹)
169 2661 197 2700 In
211 2661 277 2702 Italia
291 2673 365 2702 omues
380 2663 426 2703 iere
446 2663 575 2722 sodalltates
595 2673 659 2704 snum
672 2673 772 2712 quaeque
789 2663 872 2703 habent
885 2663 918 2703 in·

139 2733 144 2744 ·
171 2728 298 2768 dumentum
318 2730 341 2768 lu
362 2729 456 2770 ecclesia
471 2732 493 2769 et
512 2729 643 2779 quibusdam
666 2730 823 2770 securitatibus
845 2729 920 2768 velata

171 2795 299 2844 plerumque
313 2795 369 2835 facio
382 2796 521 2845 portandum.

132 2857 153 2912 ²)
167 2859 232 2909 Apud
245 2870 286 2900 nos
300 2859 324 2899 in
339 2860 458 2901 Germania
472 2864 547 2902 custos
560 2861 717 2912 superpelliceo
731 2860 830 2900 ludatus.
