2130 3242
323 161 355 200 De
368 160 510 200 enemente
524 159 681 199 l’ocniteutioe¹
862 156 902 200 tbi

240 260 279 302 VI.
299 261 421 302 Interdicta
434 261 494 300 letne
509 262 632 301 sententiae
646 263 765 300 reservata.

142 349 166 400 1.
185 344 358 400 Interdictum
370 345 491 400 Romano
505 343 627 400 Pontifici
641 344 751 412 speciali
768 343 848 399 modo
861 359 906 400 re·

97 423 240 474 servatum
257 417 317 485 ipso
335 417 393 470 iure
411 418 549 470 incurrunt
559 415 762 484 Universitates,
782 415 903 484 Collegia

99 496 133 544 et
161 488 297 557 Capitida,
322 503 489 556 quocumque
513 488 620 541 nomine
650 493 843 554 nuncupentur,
870 487 904 541 ab

98 559 316 616 ordinationibus
341 573 390 613 seu
413 558 545 614 mandatis
564 557 683 614 eiusdem
701 557 815 611 Romani
833 557 903 612 Pon-

97 629 183 686 tificis
200 645 250 698 pro
268 637 389 698 tempore
408 629 546 685 existentis
565 628 600 683 ad
613 629 764 684 universale
782 625 901 683 futurum

100 702 253 758 Concilium
271 701 442 770 appellantia.

140 776 166 827 2.
186 771 306 827 Scienter
324 771 489 827 celebrantes
506 771 552 826 vel
569 771 699 825 celebrari
718 769 846 824 facientes
865 767 904 824 di·

99 845 168 898 vina
180 845 209 896 in
226 844 292 898 locis
310 844 345 898 ab
363 842 513 912 Ordinario,
540 842 585 896 vel
602 841 725 910 delegato
743 841 843 910 Indice,
859 841 905 895 vel

100 931 121 970 a
137 917 197 970 inre
222 913 378 983 interdictis,
404 921 451 969 aut
477 914 632 968 nominatim
660 913 902 968 excommunicatos

101 986 140 1043 ad
169 985 259 1040 divina
282 984 376 1052 officia,
395 1001 444 1040 seu
463 985 643 1040 ecclesiastica
661 984 841 1053 Sacramenta,
860 983 905 1038 rel

99 1057 311 1113 ecclesiasticam
336 1057 501 1126 sepulturam
525 1055 703 1125 admittentes,
735 1055 905 1110 interdictum

78 1135 83 1146 ’
100 1129 139 1184 ab
157 1129 280 1196 ingressu
297 1129 436 1182 Ecclesiae
453 1128 513 1196 ipso
531 1128 590 1182 iure
606 1128 752 1196 incurrunt,
772 1126 857 1181 donec
870 1125 905 1180 ad

99 1199 243 1256 arbitrium
255 1200 320 1267 eius,
339 1200 414 1254 cuius
423 1199 583 1255 sententiam
592 1205 815 1268 contempserunt,
829 1213 900 1253 com·

98 1277 228 1342 petenter
246 1269 431 1325 satisfecerint.

139 1341 263 1409 Denique
289 1356 469 1410 quoscumque
495 1339 562 1394 alios
590 1339 792 1396 Sacrosunctum
811 1339 905 1395 Conci·

98 1412 398 1482 liumTridentinum1)
424 1427 569 1480 suspensos
596 1419 643 1465 aut
666 1409 821 1466 interdictos
840 1412 900 1479 ipso

101 1487 164 1539 iure
183 1498 243 1539 esse
262 1483 388 1553 decrevit,
411 1483 469 1538 Nos
493 1483 552 1550 pari
576 1481 656 1536 modo
675 1481 843 1550 suspensioni
861 1481 905 1536 vel

101 1553 247 1610 interdicto
273 1555 382 1610 eosdem
400 1555 530 1609 obnoxios
549 1553 750 1608 essevolumus
769 1558 796 1606 et
814 1551 902 1606 decla·

102 1641 205 1682 ramus.

143 1697 218 1766 Quae
237 1711 302 1751 vero
322 1711 449 1752 censurae
468 1696 525 1750 sive
544 1693 831 1761 excommunicationis,
848 1693 906 1748 sive

103 1767 298 1838 suspensionis,
318 1767 374 1822 sive
392 1763 526 1822 interdicti
544 1765 659 1835 Nostris
678 1773 725 1819 aut
742 1764 906 1818 Praedeces·

104 1857 198 1897 eorum
217 1839 377 1893 Nostrorum
396 1837 635 1894 Constitutionibus
661 1843 708 1891 aut
726 1835 808 1890 sacris
828 1850 906 1890 canc·

103 1912 185 1966 nibus
203 1917 312 1979 praeter
330 1925 385 1978 eas,
404 1925 470 1977 quas
480 1909 670 1977 recensuimus,
688 1907 760 1961 latae
779 1915 847 1976 sunt,
868 1913 907 1961 at·

105 1997 159 2050 que
177 1982 308 2035 hactenus
325 1981 353 2034 in
372 1995 421 2036 suo
439 1981 531 2048 vigore
545 1979 720 2048 perstiterunt
738 1979 795 2032 sive
813 1995 863 2046 pro
872 1978 905 2032 R.

104 2052 244 2108 Pontificis
263 2052 401 2119 electione,
427 2052 484 2106 sive
502 2067 552 2120 pro
571 2051 675 2104 interno
693 2050 822 2118 regimine
842 2065 906 2118 quo·

104 2138 278 2191 rumcumque
304 2122 433 2177 Ordinum
456 2130 485 2177 ct
517 2123 701 2176 institutorum
725 2121 906 2190 Regularium,

105 2210 210 2250 necnon
219 2209 445 2262 quorumcumque
457 2193 645 2261 collegiorum,
657 2193 907 2261 Congregationum,

105 2273 231 2322 coetuum
253 2265 425 2332 locorumque
450 2266 561 2333 piorum*
580 2265 768 2331 cuiuscumque
793 2263 907 2318 nominis

106 2344 153 2392 aut
171 2338 277 2406 generis
296 2337 357 2406 sint,
382 2351 428 2390 eas
455 2350 547 2390 omnes
569 2334 660 2390 firmas
679 2349 747 2403 esse,
767 2341 794 2389 et
810 2335 839 2389 in
857 2347 906 2390 sno

104 2408 203 2463 robore
220 2421 378 2478 permanere
395 2407 518 2462 volumus
537 2413 565 2460 et
584 2405 758 2461 declaramus.
812 2433 822 2453 ·
843 2428 850 2443 ·
903 2422 919 2438 ·’

143 2479 268 2534 Ceterum
286 2478 461 2547 decernimus,
479 2479 507 2531 in
524 2478 601 2532 noris
620 2477 829 2546 quibuscumque
842 2491 903 2531 con·

119 2639 141 2694 ι)
157 2641 223 2684 Ocno.
236 2641 335 2685 ¹1¹rideut.
349 2641 406 2683 Sese.
424 2637 459 2681 23.
481 2651 508 2681 ex
528 2653 575 2692 cap.
589 2639 608 2685 8.
623 2641 650 2682 de
663 2639 701 2685 rei.
719 2663 741 2670 -
758 2643 814 2682 Sese.
829 2637 862 2684 Β.
878 2649 905 2680 ex

158 2719 208 2758 cap.
223 2705 255 2751 14.
270 2707 296 2747 de
309 2707 349 2747 rei.
365 2729 388 2738 -
404 2709 462 2750 fleas.
475 2705 494 2754 6,
509 2719 557 2758 cap.
570 2707 590 2752 b.
604 2709 631 2748 de
644 2709 683 2751 rei.
698 2727 723 2738 -
739 2705 796 2747 Sese.
808 2703 842 2746 28.
857 2716 906 2756 cap.

158 2771 191 2818 1⁰.
214 2774 241 2814 de
262 2773 301 2817 rei.
316 2793 341 2804 -
356 2773 413 2817 Sese.
435 2771 468 2814 14.
487 2785 515 2812 ex
532 2784 579 2823 cap.
592 2770 613 2814 2.
632 2773 659 2814 ds
678 2773 718 2813 ret.
734 2793 757 2802 -
773 2773 832 2813 sess.
845 2769 865 2814 d,
880 2783 908 2812 ex

157 2837 334 2890 cophelenci.
350 2859 375 2870 -
389 2842 446 2882 sess.
460 2837 496 2880 28.
511 2849 538 2880 ex
557 2851 604 2891 cap.
619 2837 651 2882 14.
666 2839 693 2880 de
707 2840 746 2880 rei.
775 2838 909 2889 (deamat)
