2128 3228
201 202 233 243 De
246 203 385 254 processione
399 203 423 243 in
436 203 493 243 iusto
507 201 669 243 Poriiicutionis
683 202 710 242 B.
721 201 753 241 ti.
768 203 795 243 V.
858 197 899 242 688

134 303 264 360 Subsistit
279 304 377 376 Virgo,
404 304 538 361 adducens
565 304 687 360 munibus
709 304 807 358 Filium
833 311 896 378 unte

98 375 238 432 luciferum
256 377 381 444 genitum.
840 405 842 412 ,

137 447 222 514 Quem
240 447 373 514 occipiens
392 446 499 502 Simeon
516 447 545 500 in
561 445 638 501 ulnus
657 462 738 516 suus‚,
758 446 897 514 praedica-

99 518 140 572 vit
156 517 262 586 populis
280 518 423 572 Dominum
441 533 502 572 eum
521 531 581 572 esse
598 517 670 572 vitoe
690 524 717 572 et
734 519 844 588 mortis,
870 524 898 574 et

100 587 267 644 salvotorem
284 589 383 643 mundi.

136 659 203 714 Alio
215 660 327 729 Aotcpb.
345 660 514 729 Responsum
528 659 632 729 sccepit
644 658 752 714 Simeon
766 673 783 712 o
796 657 898 727 Spiritu

100 736 201 800 sancto,
227 747 282 786 non
299 731 419 787 risurum
437 746 467 788 se
485 738 606 802 mortem,
631 730 684 786 nisi
701 728 805 786 videret
824 729 899 786 cbri-

99 809 171 858 stum
188 801 305 858 Domini.

134 873 172 928 Et
193 890 254 928 cum
271 873 428 928 inducerent
451 889 563 943 puerum
580 873 608 927 in
625 872 767 941 tempium,
795 870 900 941 occepit

101 958 163 1000 eum
181 945 209 998 in
226 945 303 1000 ulnus
321 961 392 1014 suos,
412 952 439 1000 et
457 943 592 1000 benedixit
610 951 638 999 et
655 943 736 998 dixit:

135 1015 214 1070 Nunc
232 1013 342 1071 dimittis
360 1031 467 1072 servum
484 1024 567 1085 tuum,
586 1015 707 1083 Domine,
725 1014 758 1068 in'
771 1029 848 1083 poce.

136 1085 203 1141 Cum
220 1085 378 1142 inducerent
394 1102 508 1156 puerum
525 1087 619 1142 Jesum
636 1092 764 1155 parentes
782 1086 849 1154 eius,
868 1090 899 1139 ut

97 1155 382 1216 iacerentsecundum
400 1156 618 1213 consuetudinem
631 1157 698 1226 legis
712 1173 762 1226 pro
778 1172 821 1227 eo,
838 1157 898 1226 ipse

99 1228 204 1297 occepit
222 1242 283 1282 eum
300 1228 328 1282 in
345 1228 422 1283 ulnus
441 1244 512 1285 suos.

138 1297 320 1368 Isprcdc'endo
338 1299 474 1352 ecclesium
492 1303 619 1354 cantatur
636 1299 864 1366 Respousorium:

140 1368 300 1423 Obtulerunt
313 1369 428 1424 Domino
445 1375 650 1439 periuriorum,
669 1375 715 1424 aut
728 1368 796 1424 duos
809 1369 899 1438 pullos

103 1438 286 1496 columbarum
309 1469 343 1478 -
362 1439 437 1495 Sicut
455 1441 582 1508 scriptum
600 1446 642 1495 est
658 1440 688 1494 in
704 1439 764 1507 iege
783 1439 900 1497 Domini.

139 1511 285 1578 Postquam
302 1509 405 1579 impleti
427 1518 489 1566 sunt
515 1510 573 1566 dies
603 1511 769 1580 purgationis
796 1509 900 1566 Mariis

102 1580 249 1638 secundum
266 1581 353 1650 legem
371 1581 467 1651 Moysi.

101 1652 270 1779 I>T1sierrmt
287 1653 380 1708 Jesnm
402 1653 430 1707 in
454 1653 618 1722 Jerusalem,
646 1658 676 1707 ut
693 1651 820 1706 sisterent
838 1664 899 1704 eum

130 1739 227 1779 ommo.

139 1793 214 1848 Sicut
232 1794 359 1863 scriptum
377 1800 419 1850 est
436 1794 465 1848 in
482 1794 542 1863 iege
560 1793 675 1849 Domini.

140 1865 232 1921 Gloria
248 1866 332 1935 Petri,
351 1872 379 1920 et
395 1865 475 1935 Filio,
501 1873 529 1920 et
547 1865 658 1935 Spiritui
676 1870 779 1922 suncto.
797 1865 809 1889 *
828 1861 902 1918 Sicut

102 1938 231 2006 scriptum
250 1944 292 1992 est
309 1937 337 1990 in
354 1937 414 2006 lege
432 1936 548 1992 Domini.

139 2010 165 2066 3.
183 2009 282 2062 Finito
299 2009 474 2076 processione,
493 2007 657 2076 celebratum)
680 2011 706 2061 ct
722 2006 842 2060 miot'siri
858 2003 902 2059 de·
982 2031 985 2038 »

97 2081 198 2148 positis
229 2080 367 2147 violaceis,
401 2081 539 2148 comprimit
563 2083 728 2147 postumio
763 2077 826 2132 olba
847 2090 903 2144 pro

7 2169 9 2202 r
103 2151 203 2209 Misso.
213 2152 234 2222 2)
252 2151 293 2208 Et
310 2149 439 2205 candelae
451 2156 575 2206 tenentur
587 2150 618 2204 sb
630 2149 756 2204 manibus
770 2162 904 2214 cucumae,

81 2249 84 2260 i
113 2249 271 2260 Ἦ

120 2281 142 2334 1)
157 2283 199 2330 Qui
212 2284 321 2323 benedicit
334 2282 445 2332 condoles,
459 2283 543 2322 cineres
557 2285 579 2322 st
592 2292 673 2330 remos,
693 2281 758 2321 debet
772 2281 838 2320 etism
852 2289 904 2319 con·

155 2352 204 2388 turo
218 2349 310 2388 Missam
324 2351 462 2396 sequentem
475 2347 504 2396 (S.
515 2349 540 2390 it.
550 2347 572 2391 C.
586 2345 619 2390 18.
632 2347 693 2388 Febr.
708 2344 767 2389 1666.
781 2348 803 2386 ot
818 2345 835 2386 1.
846 2344 905 2396 Sept.

157 2412 228 2466 lete.)
243 2415 303 2454 solus
315 2415 438 2464 Episcopus
452 2413 575 2453 ordinsrius
587 2413 632 2452 loci
639 2414 748 2464 excipitur
761 2414 789 2454 ab
797 2412 837 2453 iliu
850 2413 906 2462 loge,

157 2479 188 2527 (Β.
202 2481 228 2520 Β.
243 2481 265 2521 0.
279 2479 316 2524 to.
330 2481 388 2520 Moti
402 2478 473 2529 isio.)

118 2540 140 2596 ¹)
154 2543 177 2584 si
189 2545 232 2586 hoc
246 2547 326 2587 iestum
340 2547 425 2586 venerit
439 2545 462 2586 in
476 2545 596 2586 Dominicis
611 2543 790 2595 scptu-gesimo,
812 2544 905 2594 senge-

158 2612 222 2660 sims,
235 2614 271 2652 voi
280 2613 472 2663 Quinqusgcsimo,
486 2612 511 2652 tit
520 2615 607 2652 tontum
615 2613 738 2654 benedictio
748 2614 770 2652 et
779 2612 905 2652 distributio

157 2676 298 2718 concisionum
317 2681 341 2718 st
359 2679 484 2728 processio,
508 2680 531 2717 et
544 2678 614 2718 iiissc
633 2678 714 2718 dicitur
732 2678 759 2717 de
777 2676 906 2724 Dominicss

157 2743 227 2783 Misso
241 2753 292 2783 vero
307 2745 498 2784 iestitrsnsicrtur
508 2744 621 2784 iniurium
630 2745 660 2787 11.
676 2744 800 2784 immediato
816 2753 908 2792 sequen·

157 2810 208 2858 tom,
220 2817 357 2859 quocumque
365 2809 422 2850 iusto
430 2810 498 2850 etism
510 2809 615 2859 muniis,
627 2819 671 2849 non
679 2811 753 2849 sutem
760 2807 907 2848 sitiorisritus

156 2871 180 2913 in
194 2883 221 2913 os
234 2874 349 2916 incidente.
374 2875 403 2923 (S.
418 2875 444 2917 B.
459 2875 481 2916 0.
496 2873 515 2918 7.
529 2875 586 2916 Moti
600 2872 659 2918 1746.
674 2876 697 2914 et
711 2872 744 2916 12.
757 2872 821 2912 mm.
838 2869 908 2921 root)
