<?xml version="1.0" encoding="UTF-8"?>
<!DOCTYPE html PUBLIC "-//W3C//DTD XHTML 1.0 Transitional//EN"
    "http://www.w3.org/TR/xhtml1/DTD/xhtml1-transitional.dtd">
<html xmlns="http://www.w3.org/1999/xhtml" xml:lang="en" lang="en">
 <head>
  <title>
</title>
<meta http-equiv="Content-Type" content="text/html;charset=utf-8" />
  <meta name='ocr-system' content='tesseract 3.04.00' />
  <meta name='ocr-capabilities' content='ocr_page ocr_carea ocr_par ocr_line ocrx_word'/>
</head>
<body>
  <div class='ocr_page' id='page_1' title='image "./manualesacerdot00schngoog_0691.png"; bbox 0 0 2146 3234; ppageno 0'>
   <div class='ocr_carea' id='block_1_1' title="bbox 289 131 932 184">
    <p class='ocr_par' dir='ltr' id='par_1_1' title="bbox 289 131 932 184">
     <span class='ocr_line' id='line_1_1' title="bbox 289 131 932 184; baseline -0.002 -9"><span class='ocrx_word' id='word_1_1' title='bbox 289 136 322 176; x_wconf 79' lang='lat' dir='ltr'><strong>iio</strong></span> <span class='ocrx_word' id='word_1_2' title='bbox 335 134 449 184; x_wconf 75' lang='lat' dir='ltr'><strong>sepultura</strong></span> <span class='ocrx_word' id='word_1_3' title='bbox 462 135 610 176; x_wconf 78' lang='lat' dir='ltr'><strong>ecclesiastica</strong></span> <span class='ocrx_word' id='word_1_4' title='bbox 623 135 647 176; x_wconf 82' lang='lat' dir='ltr'><strong>et</strong></span> <span class='ocrx_word' id='word_1_5' title='bbox 660 136 775 184; x_wconf 75' lang='lat' dir='ltr'><strong>meantis.</strong></span> <span class='ocrx_word' id='word_1_6' title='bbox 891 131 932 174; x_wconf 70' lang='lat'><strong>688</strong></span> 
     </span>
    </p>
   </div>
   <div class='ocr_carea' id='block_1_2' title="bbox 60 235 932 2225">
    <p class='ocr_par' dir='ltr' id='par_1_2' title="bbox 130 235 931 448">
     <span class='ocr_line' id='line_1_2' title="bbox 131 235 931 307; baseline -0.004 -12"><span class='ocrx_word' id='word_1_7' title='bbox 131 239 188 298; x_wconf 83' lang='lat' dir='ltr'><strong>suis</strong></span> <span class='ocrx_word' id='word_1_8' title='bbox 205 237 341 306; x_wconf 83' lang='lat' dir='ltr'><strong>impensis,</strong></span> <span class='ocrx_word' id='word_1_9' title='bbox 369 238 392 292; x_wconf 90' lang='lat' dir='ltr'><strong>si</strong></span> <span class='ocrx_word' id='word_1_10' title='bbox 411 252 479 306; x_wconf 89' lang='lat' dir='ltr'><strong>opus</strong></span> <span class='ocrx_word' id='word_1_11' title='bbox 496 236 585 306; x_wconf 83' lang='lat' dir='ltr'><strong>fuerit,</strong></span> <span class='ocrx_word' id='word_1_12' title='bbox 603 235 748 292; x_wconf 74' lang='lat' dir='ltr'><strong>adhibeant</strong></span> <span class='ocrx_word' id='word_1_13' title='bbox 766 235 931 307; x_wconf 72' lang='lat' dir='ltr'><strong>sacerdotes,</strong></span> 
     </span>
     <span class='ocr_line' id='line_1_3' title="bbox 131 307 928 378; baseline -0.003 -14"><span class='ocrx_word' id='word_1_14' title='bbox 131 309 167 364; x_wconf 88' lang='lat' dir='ltr'><strong>ad</strong></span> <span class='ocrx_word' id='word_1_15' title='bbox 185 325 253 377; x_wconf 85' lang='lat' dir='ltr'><strong>quos</strong></span> <span class='ocrx_word' id='word_1_16' title='bbox 271 307 390 364; x_wconf 81' lang='lat' dir='ltr'><strong>defuncti</strong></span> <span class='ocrx_word' id='word_1_17' title='bbox 408 325 472 363; x_wconf 90' lang='lat' dir='ltr'><strong>cura</strong></span> <span class='ocrx_word' id='word_1_18' title='bbox 489 309 614 378; x_wconf 86' lang='lat' dir='ltr'><strong>pertinet,</strong></span> <span class='ocrx_word' id='word_1_19' title='bbox 632 309 676 362; x_wconf 85' lang='lat' dir='ltr'><strong>vel</strong></span> <span class='ocrx_word' id='word_1_20' title='bbox 694 309 784 375; x_wconf 80' lang='lat' dir='ltr'><strong>unqua</strong></span> <span class='ocrx_word' id='word_1_21' title='bbox 802 309 849 377; x_wconf 90' lang='lat' dir='ltr'><strong>pia</strong></span> <span class='ocrx_word' id='word_1_22' title='bbox 866 325 928 364; x_wconf 90' lang='lat' dir='ltr'><strong>oon·</strong></span> 
     </span>
     <span class='ocr_line' id='line_1_4' title="bbox 130 379 849 448; baseline -0.004 -12"><span class='ocrx_word' id='word_1_23' title='bbox 130 381 294 448; x_wconf 78' lang='lat' dir='ltr'><strong>fraternitas,</strong></span> <span class='ocrx_word' id='word_1_24' title='bbox 313 380 336 434; x_wconf 88' lang='lat' dir='ltr'><strong>si</strong></span> <span class='ocrx_word' id='word_1_25' title='bbox 354 379 442 448; x_wconf 89' lang='lat' dir='ltr'><strong>fuerit,</strong></span> <span class='ocrx_word' id='word_1_26' title='bbox 459 380 536 434; x_wconf 92' lang='lat' dir='ltr'><strong>iuxta</strong></span> <span class='ocrx_word' id='word_1_27' title='bbox 552 380 605 434; x_wconf 89' lang='lat' dir='ltr'><strong>loci</strong></span> <span class='ocrx_word' id='word_1_28' title='bbox 623 379 849 434; x_wconf 79' lang='lat' dir='ltr'><strong>consuetudinem.</strong></span> 
     </span>
    </p>

    <p class='ocr_par' dir='ltr' id='par_1_3' title="bbox 130 449 931 804">
     <span class='ocr_line' id='line_1_5' title="bbox 168 449 931 520; baseline -0.004 -14"><span class='ocrx_word' id='word_1_29' title='bbox 168 455 193 506; x_wconf 87' lang='lat'><strong>9.</strong></span> <span class='ocrx_word' id='word_1_30' title='bbox 223 451 276 506; x_wconf 89' lang='lat' dir='ltr'><strong>Ubi</strong></span> <span class='ocrx_word' id='word_1_31' title='bbox 294 451 368 518; x_wconf 85' lang='lat' dir='ltr'><strong>viget</strong></span> <span class='ocrx_word' id='word_1_32' title='bbox 384 451 495 520; x_wconf 86' lang='lat' dir='ltr'><strong>antiqua</strong></span> <span class='ocrx_word' id='word_1_33' title='bbox 512 450 678 505; x_wconf 88' lang='lat' dir='ltr'><strong>consuetudo</strong></span> <span class='ocrx_word' id='word_1_34' title='bbox 697 449 844 518; x_wconf 87' lang='lat' dir='ltr'><strong>sepeliendi</strong></span> <span class='ocrx_word' id='word_1_35' title='bbox 861 465 931 504; x_wconf 91' lang='lat' dir='ltr'><strong>mor·</strong></span> 
     </span>
     <span class='ocr_line' id='line_1_6' title="bbox 131 519 931 591; baseline -0.004 -14"><span class='ocrx_word' id='word_1_36' title='bbox 131 529 194 578; x_wconf 87' lang='lat' dir='ltr'><strong>tuos</strong></span> <span class='ocrx_word' id='word_1_37' title='bbox 211 523 239 576; x_wconf 90' lang='lat' dir='ltr'><strong>in</strong></span> <span class='ocrx_word' id='word_1_38' title='bbox 257 523 432 591; x_wconf 89' lang='lat' dir='ltr'><strong>coemeteriis,</strong></span> <span class='ocrx_word' id='word_1_39' title='bbox 463 521 619 590; x_wconf 84' lang='lat' dir='ltr'><strong>retineatur,</strong></span> <span class='ocrx_word' id='word_1_40' title='bbox 648 531 676 576; x_wconf 89' lang='lat' dir='ltr'><strong>et</strong></span> <span class='ocrx_word' id='word_1_41' title='bbox 692 521 739 575; x_wconf 88' lang='lat' dir='ltr'><strong>uhi</strong></span> <span class='ocrx_word' id='word_1_42' title='bbox 756 519 815 575; x_wconf 86' lang='lat' dir='ltr'><strong>fieri</strong></span> <span class='ocrx_word' id='word_1_43' title='bbox 833 527 931 591; x_wconf 89' lang='lat' dir='ltr'><strong>potest,</strong></span> 
     </span>
     <span class='ocr_line' id='line_1_7' title="bbox 130 591 930 662; baseline -0.004 -14"><span class='ocrx_word' id='word_1_44' title='bbox 130 594 302 662; x_wconf 85' lang='lat' dir='ltr'><strong>restituatur;</strong></span> <span class='ocrx_word' id='word_1_45' title='bbox 321 600 432 648; x_wconf 84' lang='lat' dir='ltr'><strong>atvero</strong></span> <span class='ocrx_word' id='word_1_46' title='bbox 450 594 493 648; x_wconf 88' lang='lat' dir='ltr'><strong>cui</strong></span> <span class='ocrx_word' id='word_1_47' title='bbox 510 594 585 648; x_wconf 88' lang='lat' dir='ltr'><strong>loeus</strong></span> <span class='ocrx_word' id='word_1_48' title='bbox 604 593 758 660; x_wconf 86' lang='lat' dir='ltr'><strong>sepulturae</strong></span> <span class='ocrx_word' id='word_1_49' title='bbox 777 591 884 646; x_wconf 89' lang='lat' dir='ltr'><strong>dabitur</strong></span> <span class='ocrx_word' id='word_1_50' title='bbox 902 592 930 645; x_wconf 89' lang='lat' dir='ltr'><strong>in</strong></span> 
     </span>
     <span class='ocr_line' id='line_1_8' title="bbox 131 661 931 732; baseline -0.004 -12"><span class='ocrx_word' id='word_1_51' title='bbox 131 665 253 732; x_wconf 81' lang='lat' dir='ltr'><strong>ecelesia,</strong></span> <span class='ocrx_word' id='word_1_52' title='bbox 271 665 346 718; x_wconf 90' lang='lat' dir='ltr'><strong>humi</strong></span> <span class='ocrx_word' id='word_1_53' title='bbox 358 671 460 719; x_wconf 89' lang='lat' dir='ltr'><strong>tantum</strong></span> <span class='ocrx_word' id='word_1_54' title='bbox 475 661 561 720; x_wconf 87' lang='lat' dir='ltr'><strong>detur.</strong></span> <span class='ocrx_word' id='word_1_55' title='bbox 590 663 729 719; x_wconf 74' lang='lat' dir='ltr'><strong>Gadasena</strong></span> <span class='ocrx_word' id='word_1_56' title='bbox 742 671 833 718; x_wconf 90' lang='lat' dir='ltr'><strong>autem</strong></span> <span class='ocrx_word' id='word_1_57' title='bbox 845 675 931 732; x_wconf 88' lang='lat' dir='ltr'><strong>prope</strong></span> 
     </span>
     <span class='ocr_line' id='line_1_9' title="bbox 131 736 489 804; baseline -0.003 -13"><span class='ocrx_word' id='word_1_58' title='bbox 131 736 228 791; x_wconf 86' lang='lat' dir='ltr'><strong>altaria</strong></span> <span class='ocrx_word' id='word_1_59' title='bbox 245 751 299 790; x_wconf 92' lang='lat' dir='ltr'><strong>non</strong></span> <span class='ocrx_word' id='word_1_60' title='bbox 317 737 489 804; x_wconf 87' lang='lat' dir='ltr'><strong>sepeliantur.</strong></span> 
     </span>
    </p>

    <p class='ocr_par' dir='ltr' id='par_1_4' title="bbox 130 805 931 1090">
     <span class='ocr_line' id='line_1_10' title="bbox 170 805 931 875; baseline -0.007 -13"><span class='ocrx_word' id='word_1_61' title='bbox 170 811 212 865; x_wconf 85' lang='lat'><strong>10.</strong></span> <span class='ocrx_word' id='word_1_62' title='bbox 231 805 380 875; x_wconf 81' lang='lat' dir='ltr'><strong>Sepulchra</strong></span> <span class='ocrx_word' id='word_1_63' title='bbox 393 806 562 863; x_wconf 84' lang='lat' dir='ltr'><strong>sacerdotum</strong></span> <span class='ocrx_word' id='word_1_64' title='bbox 576 812 604 861; x_wconf 94' lang='lat' dir='ltr'><strong>et</strong></span> <span class='ocrx_word' id='word_1_65' title='bbox 617 805 774 860; x_wconf 87' lang='lat' dir='ltr'><strong>clericorum</strong></span> <span class='ocrx_word' id='word_1_66' title='bbox 783 805 931 859; x_wconf 89' lang='lat' dir='ltr'><strong>cuiuscum-</strong></span> 
     </span>
     <span class='ocr_line' id='line_1_11' title="bbox 131 876 930 950; baseline -0.005 -17"><span class='ocrx_word' id='word_1_67' title='bbox 131 894 184 946; x_wconf 87' lang='lat' dir='ltr'><strong>que</strong></span> <span class='ocrx_word' id='word_1_68' title='bbox 203 877 312 947; x_wconf 88' lang='lat' dir='ltr'><strong>ordinis,</strong></span> <span class='ocrx_word' id='word_1_69' title='bbox 337 879 384 933; x_wconf 91' lang='lat' dir='ltr'><strong>ubi</strong></span> <span class='ocrx_word' id='word_1_70' title='bbox 400 877 460 933; x_wconf 86' lang='lat' dir='ltr'><strong>deri</strong></span> <span class='ocrx_word' id='word_1_71' title='bbox 477 885 576 946; x_wconf 86' lang='lat' dir='ltr'><strong>potest,</strong></span> <span class='ocrx_word' id='word_1_72' title='bbox 601 894 619 933; x_wconf 93' lang='lat' dir='ltr'><strong>a</strong></span> <span class='ocrx_word' id='word_1_73' title='bbox 636 877 785 950; x_wconf 87' lang='lat' dir='ltr'><strong>sepulchris</strong></span> <span class='ocrx_word' id='word_1_74' title='bbox 802 876 930 930; x_wconf 87' lang='lat' dir='ltr'><strong>laieorum</strong></span> 
     </span>
     <span class='ocr_line' id='line_1_12' title="bbox 130 946 929 1019; baseline -0.006 -14"><span class='ocrx_word' id='word_1_75' title='bbox 130 957 257 1019; x_wconf 84' lang='lat' dir='ltr'><strong>separata</strong></span> <span class='ocrx_word' id='word_1_76' title='bbox 275 950 338 1017; x_wconf 76' lang='lat' dir='ltr'><strong>sint·</strong></span> <span class='ocrx_word' id='word_1_77' title='bbox 353 965 385 1004; x_wconf 85' lang='lat' dir='ltr'><strong>ao</strong></span> <span class='ocrx_word' id='word_1_78' title='bbox 407 949 553 1004; x_wconf 84' lang='lat' dir='ltr'><strong>decentiori</strong></span> <span class='ocrx_word' id='word_1_79' title='bbox 565 951 625 1004; x_wconf 90' lang='lat' dir='ltr'><strong>loeo</strong></span> <span class='ocrx_word' id='word_1_80' title='bbox 639 949 705 1017; x_wconf 89' lang='lat' dir='ltr'><strong>sita;</strong></span> <span class='ocrx_word' id='word_1_81' title='bbox 724 955 804 1016; x_wconf 86' lang='lat' dir='ltr'><strong>atque</strong></span> <span class='ocrx_word' id='word_1_82' title='bbox 817 948 864 1014; x_wconf 89' lang='lat' dir='ltr'><strong>ita,</strong></span> <span class='ocrx_word' id='word_1_83' title='bbox 883 946 929 1000; x_wconf 91' lang='lat' dir='ltr'><strong>uhi</strong></span> 
     </span>
     <span class='ocr_line' id='line_1_13' title="bbox 131 1018 928 1090; baseline -0.006 -14"><span class='ocrx_word' id='word_1_84' title='bbox 131 1020 298 1076; x_wconf 88' lang='lat' dir='ltr'><strong>commodum</strong></span> <span class='ocrx_word' id='word_1_85' title='bbox 315 1018 403 1090; x_wconf 84' lang='lat' dir='ltr'><strong>fuerit,</strong></span> <span class='ocrx_word' id='word_1_86' title='bbox 422 1028 452 1076; x_wconf 92' lang='lat' dir='ltr'><strong>ut</strong></span> <span class='ocrx_word' id='word_1_87' title='bbox 466 1022 519 1075; x_wconf 90' lang='lat' dir='ltr'><strong>alia</strong></span> <span class='ocrx_word' id='word_1_88' title='bbox 531 1036 581 1088; x_wconf 91' lang='lat' dir='ltr'><strong>pro</strong></span> <span class='ocrx_word' id='word_1_89' title='bbox 596 1019 788 1089; x_wconf 87' lang='lat' dir='ltr'><strong>sacerdotibus,</strong></span> <span class='ocrx_word' id='word_1_90' title='bbox 807 1019 861 1074; x_wconf 87' lang='lat' dir='ltr'><strong>aha</strong></span> <span class='ocrx_word' id='word_1_91' title='bbox 878 1033 928 1086; x_wconf 90' lang='lat' dir='ltr'><strong>pro</strong></span> 
     </span>
    </p>

    <p class='ocr_par' dir='ltr' id='par_1_5' title="bbox 131 1089 871 1160">
     <span class='ocr_line' id='line_1_14' title="bbox 131 1089 871 1160; baseline -0.003 -12"><span class='ocrx_word' id='word_1_92' title='bbox 131 1091 268 1148; x_wconf 83' lang='lat' dir='ltr'><strong>inferioris</strong></span> <span class='ocrx_word' id='word_1_93' title='bbox 286 1089 386 1146; x_wconf 89' lang='lat' dir='ltr'><strong>ordinis</strong></span> <span class='ocrx_word' id='word_1_94' title='bbox 405 1091 534 1146; x_wconf 88' lang='lat' dir='ltr'><strong>ecclesiae</strong></span> <span class='ocrx_word' id='word_1_95' title='bbox 552 1091 678 1146; x_wconf 89' lang='lat' dir='ltr'><strong>ministris</strong></span> <span class='ocrx_word' id='word_1_96' title='bbox 696 1098 792 1160; x_wconf 89' lang='lat' dir='ltr'><strong>parata</strong></span> <span class='ocrx_word' id='word_1_97' title='bbox 810 1090 871 1146; x_wconf 86' lang='lat' dir='ltr'><strong>sint.</strong></span> 
     </span>
    </p>

    <p class='ocr_par' dir='ltr' id='par_1_6' title="bbox 60 1159 932 1654">
     <span class='ocr_line' id='line_1_15' title="bbox 60 1159 931 1232; baseline -0.003 -14"><span class='ocrx_word' id='word_1_98' title='bbox 60 1159 65 1168; x_wconf 83' lang='lat'><em>&#39;</em></span> <span class='ocrx_word' id='word_1_99' title='bbox 170 1167 212 1218; x_wconf 89' lang='lat'><strong>11.</strong></span> <span class='ocrx_word' id='word_1_100' title='bbox 224 1161 373 1232; x_wconf 71' lang='lat' dir='ltr'><strong>&#39;Sacerdos</strong></span> <span class='ocrx_word' id='word_1_101' title='bbox 391 1169 438 1217; x_wconf 89' lang='lat' dir='ltr'><strong>aut</strong></span> <span class='ocrx_word' id='word_1_102' title='bbox 455 1162 572 1216; x_wconf 85' lang='lat' dir='ltr'><strong>cuiusvis</strong></span> <span class='ocrx_word' id='word_1_103' title='bbox 590 1161 690 1216; x_wconf 87' lang='lat' dir='ltr'><strong>ordinis</strong></span> <span class='ocrx_word' id='word_1_104' title='bbox 708 1162 820 1216; x_wconf 90' lang='lat' dir='ltr'><strong>clericus</strong></span> <span class='ocrx_word' id='word_1_105' title='bbox 838 1159 931 1215; x_wconf 83' lang='lat' dir='ltr'><strong>defim-</strong></span> 
     </span>
     <span class='ocr_line' id='line_1_16' title="bbox 131 1230 932 1300; baseline -0.002 -12"><span class='ocrx_word' id='word_1_106' title='bbox 131 1241 190 1288; x_wconf 88' lang='lat' dir='ltr'><strong>ctus</strong></span> <span class='ocrx_word' id='word_1_107' title='bbox 208 1233 328 1287; x_wconf 87' lang='lat' dir='ltr'><strong>vestibus</strong></span> <span class='ocrx_word' id='word_1_108' title='bbox 346 1233 402 1288; x_wconf 89' lang='lat' dir='ltr'><strong>suis</strong></span> <span class='ocrx_word' id='word_1_109' title='bbox 416 1231 576 1300; x_wconf 86' lang='lat' dir='ltr'><strong>quotidianis</strong></span> <span class='ocrx_word' id='word_1_110' title='bbox 595 1233 776 1288; x_wconf 88' lang='lat' dir='ltr'><strong>communibus</strong></span> <span class='ocrx_word' id='word_1_111' title='bbox 795 1247 879 1300; x_wconf 87' lang='lat' dir='ltr'><strong>usque</strong></span> <span class='ocrx_word' id='word_1_112' title='bbox 895 1230 932 1286; x_wconf 91' lang='lat' dir='ltr'><strong>ad</strong></span> 
     </span>
     <span class='ocr_line' id='line_1_17' title="bbox 130 1302 930 1372; baseline -0.005 -12"><span class='ocrx_word' id='word_1_113' title='bbox 130 1305 244 1360; x_wconf 88' lang='lat' dir='ltr'><strong>talarem</strong></span> <span class='ocrx_word' id='word_1_114' title='bbox 261 1310 364 1358; x_wconf 88' lang='lat' dir='ltr'><strong>vestem</strong></span> <span class='ocrx_word' id='word_1_115' title='bbox 381 1303 519 1372; x_wconf 89' lang='lat' dir='ltr'><strong>inclusive,</strong></span> <span class='ocrx_word' id='word_1_116' title='bbox 538 1310 594 1358; x_wconf 88' lang='lat' dir='ltr'><strong>tum</strong></span> <span class='ocrx_word' id='word_1_117' title='bbox 608 1302 724 1370; x_wconf 88' lang='lat' dir='ltr'><strong>desuper</strong></span> <span class='ocrx_word' id='word_1_118' title='bbox 739 1319 815 1358; x_wconf 88' lang='lat' dir='ltr'><strong>sacro</strong></span> <span class='ocrx_word' id='word_1_119' title='bbox 829 1303 930 1358; x_wconf 88' lang='lat' dir='ltr'><strong>vestitu</strong></span> 
     </span>
     <span class='ocr_line' id='line_1_18' title="bbox 131 1373 931 1442; baseline -0.003 -12"><span class='ocrx_word' id='word_1_120' title='bbox 131 1373 292 1430; x_wconf 86' lang='lat' dir='ltr'><strong>sacerdotali</strong></span> <span class='ocrx_word' id='word_1_121' title='bbox 310 1373 353 1428; x_wconf 85' lang='lat' dir='ltr'><strong>vel</strong></span> <span class='ocrx_word' id='word_1_122' title='bbox 372 1373 496 1442; x_wconf 85' lang='lat' dir='ltr'><strong>clericali,</strong></span> <span class='ocrx_word' id='word_1_123' title='bbox 521 1388 600 1440; x_wconf 87' lang='lat' dir='ltr'><strong>quem</strong></span> <span class='ocrx_word' id='word_1_124' title='bbox 618 1373 718 1429; x_wconf 91' lang='lat' dir='ltr'><strong>ordinis</strong></span> <span class='ocrx_word' id='word_1_125' title='bbox 737 1375 779 1429; x_wconf 92' lang='lat' dir='ltr'><strong>sui</strong></span> <span class='ocrx_word' id='word_1_126' title='bbox 794 1375 864 1429; x_wconf 88' lang='lat' dir='ltr'><strong>ratio</strong></span> <span class='ocrx_word' id='word_1_127' title='bbox 885 1373 931 1428; x_wconf 90' lang='lat' dir='ltr'><strong>de·</strong></span> 
     </span>
     <span class='ocr_line' id='line_1_19' title="bbox 131 1443 931 1514; baseline -0.003 -14"><span class='ocrx_word' id='word_1_128' title='bbox 131 1445 227 1514; x_wconf 88' lang='lat' dir='ltr'><strong>poscit,</strong></span> <span class='ocrx_word' id='word_1_129' title='bbox 246 1443 320 1498; x_wconf 92' lang='lat' dir='ltr'><strong>indui</strong></span> <span class='ocrx_word' id='word_1_130' title='bbox 334 1443 421 1499; x_wconf 87' lang='lat' dir='ltr'><strong>debet.</strong></span> <span class='ocrx_word' id='word_1_131' title='bbox 454 1443 586 1499; x_wconf 86' lang='lat' dir='ltr'><strong>Sacerdos</strong></span> <span class='ocrx_word' id='word_1_132' title='bbox 600 1444 707 1512; x_wconf 90' lang='lat' dir='ltr'><strong>quidem</strong></span> <span class='ocrx_word' id='word_1_133' title='bbox 721 1459 802 1511; x_wconf 88' lang='lat' dir='ltr'><strong>snper</strong></span> <span class='ocrx_word' id='word_1_134' title='bbox 818 1445 931 1500; x_wconf 87' lang='lat' dir='ltr'><strong>talarem</strong></span> 
     </span>
     <span class='ocr_line' id='line_1_20' title="bbox 131 1514 931 1585; baseline 0.004 -17"><span class='ocrx_word' id='word_1_135' title='bbox 131 1522 244 1584; x_wconf 89' lang='lat' dir='ltr'><strong>vestem,</strong></span> <span class='ocrx_word' id='word_1_136' title='bbox 272 1515 378 1584; x_wconf 85' lang='lat' dir='ltr'><strong>amictu,</strong></span> <span class='ocrx_word' id='word_1_137' title='bbox 403 1514 472 1585; x_wconf 90' lang='lat' dir='ltr'><strong>alba,</strong></span> <span class='ocrx_word' id='word_1_138' title='bbox 500 1515 613 1585; x_wconf 80' lang='lat' dir='ltr'><strong>cingulo,</strong></span> <span class='ocrx_word' id='word_1_139' title='bbox 638 1515 782 1584; x_wconf 90' lang='lat' dir='ltr'><strong>manipulo,</strong></span> <span class='ocrx_word' id='word_1_140' title='bbox 807 1515 884 1584; x_wconf 89' lang='lat' dir='ltr'><strong>stola,</strong></span> <span class='ocrx_word' id='word_1_141' title='bbox 904 1522 931 1572; x_wconf 92' lang='lat' dir='ltr'><strong>et</strong></span> 
     </span>
     <span class='ocr_line' id='line_1_21' title="bbox 132 1585 742 1654; baseline -0.005 -12"><span class='ocrx_word' id='word_1_142' title='bbox 132 1586 225 1642; x_wconf 83' lang='lat' dir='ltr'><strong>casula</strong></span> <span class='ocrx_word' id='word_1_143' title='bbox 242 1600 291 1640; x_wconf 87' lang='lat' dir='ltr'><strong>seu</strong></span> <span class='ocrx_word' id='word_1_144' title='bbox 308 1586 417 1654; x_wconf 87' lang='lat' dir='ltr'><strong>planeta</strong></span> <span class='ocrx_word' id='word_1_145' title='bbox 433 1585 555 1641; x_wconf 85' lang='lat' dir='ltr'><strong>violacea</strong></span> <span class='ocrx_word' id='word_1_146' title='bbox 572 1586 607 1642; x_wconf 90' lang='lat' dir='ltr'><strong>sit</strong></span> <span class='ocrx_word' id='word_1_147' title='bbox 624 1585 742 1640; x_wconf 88' lang='lat' dir='ltr'><strong>indutus.</strong></span> 
     </span>
    </p>

    <p class='ocr_par' dir='ltr' id='par_1_7' title="bbox 130 1653 930 1870">
     <span class='ocr_line' id='line_1_22' title="bbox 169 1653 930 1726; baseline -0.001 -15"><span class='ocrx_word' id='word_1_148' title='bbox 169 1660 212 1714; x_wconf 86' lang='lat'><strong>12.</strong></span> <span class='ocrx_word' id='word_1_149' title='bbox 230 1655 366 1713; x_wconf 85' lang='lat' dir='ltr'><strong>Diaconua</strong></span> <span class='ocrx_word' id='word_1_150' title='bbox 384 1672 449 1713; x_wconf 89' lang='lat' dir='ltr'><strong>vero</strong></span> <span class='ocrx_word' id='word_1_151' title='bbox 464 1657 590 1711; x_wconf 89' lang='lat' dir='ltr'><strong>induatur</strong></span> <span class='ocrx_word' id='word_1_152' title='bbox 603 1657 709 1726; x_wconf 85' lang='lat' dir='ltr'><strong>amictu,</strong></span> <span class='ocrx_word' id='word_1_153' title='bbox 728 1655 797 1725; x_wconf 87' lang='lat' dir='ltr'><strong>alba,</strong></span> <span class='ocrx_word' id='word_1_154' title='bbox 816 1653 930 1724; x_wconf 79' lang='lat' dir='ltr'><strong>cingulo,</strong></span> 
     </span>
     <span class='ocr_line' id='line_1_23' title="bbox 130 1725 930 1797; baseline -0.008 -13"><span class='ocrx_word' id='word_1_155' title='bbox 130 1728 276 1797; x_wconf 86' lang='lat' dir='ltr'><strong>manipulo,</strong></span> <span class='ocrx_word' id='word_1_156' title='bbox 295 1729 365 1784; x_wconf 87' lang='lat' dir='ltr'><strong>stola</strong></span> <span class='ocrx_word' id='word_1_157' title='bbox 378 1743 460 1796; x_wconf 87' lang='lat' dir='ltr'><strong>super</strong></span> <span class='ocrx_word' id='word_1_158' title='bbox 477 1728 616 1782; x_wconf 90' lang='lat' dir='ltr'><strong>humerum</strong></span> <span class='ocrx_word' id='word_1_159' title='bbox 630 1728 774 1795; x_wconf 88' lang='lat' dir='ltr'><strong>sinistrum,</strong></span> <span class='ocrx_word' id='word_1_160' title='bbox 793 1740 861 1793; x_wconf 88' lang='lat' dir='ltr'><strong>quae</strong></span> <span class='ocrx_word' id='word_1_161' title='bbox 880 1725 930 1784; x_wconf 84' lang='lat' dir='ltr'><strong>suh</strong></span> 
     </span>
     <span class='ocr_line' id='line_1_24' title="bbox 131 1797 862 1870; baseline -0.005 -14"><span class='ocrx_word' id='word_1_162' title='bbox 131 1799 212 1856; x_wconf 78' lang='lat' dir='ltr'><strong>axilla</strong></span> <span class='ocrx_word' id='word_1_163' title='bbox 231 1798 326 1854; x_wconf 75' lang='lat' dir='ltr'><strong>denua</strong></span> <span class='ocrx_word' id='word_1_164' title='bbox 347 1806 511 1870; x_wconf 86' lang='lat' dir='ltr'><strong>annectatur,</strong></span> <span class='ocrx_word' id='word_1_165' title='bbox 531 1806 558 1854; x_wconf 93' lang='lat' dir='ltr'><strong>et</strong></span> <span class='ocrx_word' id='word_1_166' title='bbox 576 1797 717 1854; x_wconf 86' lang='lat' dir='ltr'><strong>dalmatica</strong></span> <span class='ocrx_word' id='word_1_167' title='bbox 734 1797 862 1852; x_wconf 87' lang='lat' dir='ltr'><strong>violacea.</strong></span> 
     </span>
    </p>

    <p class='ocr_par' dir='ltr' id='par_1_8' title="bbox 133 1868 929 2012">
     <span class='ocr_line' id='line_1_25' title="bbox 169 1868 929 1939; baseline 0 -15"><span class='ocrx_word' id='word_1_168' title='bbox 169 1874 210 1925; x_wconf 81' lang='lat'><strong>13.</strong></span> <span class='ocrx_word' id='word_1_169' title='bbox 230 1869 414 1927; x_wconf 84' lang='lat' dir='ltr'><strong>Suhdiaoonus</strong></span> <span class='ocrx_word' id='word_1_170' title='bbox 429 1878 518 1926; x_wconf 87' lang='lat' dir='ltr'><strong>autam</strong></span> <span class='ocrx_word' id='word_1_171' title='bbox 531 1871 638 1938; x_wconf 90' lang='lat' dir='ltr'><strong>amictu,</strong></span> <span class='ocrx_word' id='word_1_172' title='bbox 656 1869 726 1939; x_wconf 89' lang='lat' dir='ltr'><strong>alha,</strong></span> <span class='ocrx_word' id='word_1_173' title='bbox 745 1868 860 1938; x_wconf 80' lang='lat' dir='ltr'><strong>cingulo,</strong></span> <span class='ocrx_word' id='word_1_174' title='bbox 874 1883 929 1924; x_wconf 90' lang='lat' dir='ltr'><strong>ma·</strong></span> 
     </span>
     <span class='ocr_line' id='line_1_26' title="bbox 133 1942 731 2012; baseline -0.008 -12"><span class='ocrx_word' id='word_1_175' title='bbox 133 1942 226 2012; x_wconf 85' lang='lat' dir='ltr'><strong>nipnlo</strong></span> <span class='ocrx_word' id='word_1_176' title='bbox 246 1949 274 1996; x_wconf 89' lang='lat' dir='ltr'><strong>et</strong></span> <span class='ocrx_word' id='word_1_177' title='bbox 290 1942 424 1997; x_wconf 87' lang='lat' dir='ltr'><strong>tunicella.</strong></span> <span class='ocrx_word' id='word_1_178' title='bbox 728 2005 731 2012; x_wconf 41' lang='grc'>,</span> 
     </span>
    </p>

    <p class='ocr_par' dir='ltr' id='par_1_9' title="bbox 128 2009 930 2225">
     <span class='ocr_line' id='line_1_27' title="bbox 141 2009 930 2082; baseline -0.003 -14"><span class='ocrx_word' id='word_1_179' title='bbox 141 2034 143 2038; x_wconf 96' lang='grc'><strong><em>·</em></strong></span> <span class='ocrx_word' id='word_1_180' title='bbox 168 2015 210 2068; x_wconf 88' lang='grc'><strong>14.</strong></span> <span class='ocrx_word' id='word_1_181' title='bbox 233 2013 287 2066; x_wconf 92' lang='lat' dir='ltr'><strong>Alii</strong></span> <span class='ocrx_word' id='word_1_182' title='bbox 304 2021 447 2082; x_wconf 89' lang='lat' dir='ltr'><strong>praeterea</strong></span> <span class='ocrx_word' id='word_1_183' title='bbox 462 2012 620 2068; x_wconf 87' lang='lat' dir='ltr'><strong>inferiorum</strong></span> <span class='ocrx_word' id='word_1_184' title='bbox 637 2011 759 2068; x_wconf 90' lang='lat' dir='ltr'><strong>ordinum</strong></span> <span class='ocrx_word' id='word_1_185' title='bbox 775 2009 866 2066; x_wconf 89' lang='lat' dir='ltr'><strong>cleriei</strong></span> <span class='ocrx_word' id='word_1_186' title='bbox 885 2027 930 2066; x_wconf 87' lang='lat' dir='ltr'><strong>su·</strong></span> 
     </span>
     <span class='ocr_line' id='line_1_28' title="bbox 128 2081 930 2155; baseline -0.005 -15"><span class='ocrx_word' id='word_1_187' title='bbox 128 2085 291 2155; x_wconf 90' lang='lat' dir='ltr'><strong>perpellioeo</strong></span> <span class='ocrx_word' id='word_1_188' title='bbox 319 2101 402 2154; x_wconf 89' lang='lat' dir='ltr'><strong>supra</strong></span> <span class='ocrx_word' id='word_1_189' title='bbox 428 2091 531 2140; x_wconf 87' lang='lat' dir='ltr'><strong>vestem</strong></span> <span class='ocrx_word' id='word_1_190' title='bbox 558 2084 670 2138; x_wconf 89' lang='lat' dir='ltr'><strong>talarem</strong></span> <span class='ocrx_word' id='word_1_191' title='bbox 698 2083 787 2138; x_wconf 87' lang='lat' dir='ltr'><strong>ornari</strong></span> <span class='ocrx_word' id='word_1_192' title='bbox 814 2081 930 2151; x_wconf 74' lang='lat' dir='ltr'><strong>dehent,</strong></span> 
     </span>
     <span class='ocr_line' id='line_1_29' title="bbox 129 2153 823 2225; baseline -0.006 -14"><span class='ocrx_word' id='word_1_193' title='bbox 129 2157 226 2225; x_wconf 77' lang='lat' dir='ltr'><strong>singuli</strong></span> <span class='ocrx_word' id='word_1_194' title='bbox 243 2155 374 2224; x_wconf 90' lang='lat' dir='ltr'><strong>praedicti</strong></span> <span class='ocrx_word' id='word_1_195' title='bbox 392 2172 452 2210; x_wconf 91' lang='lat' dir='ltr'><strong>oum</strong></span> <span class='ocrx_word' id='word_1_196' title='bbox 469 2163 580 2210; x_wconf 87' lang='lat' dir='ltr'><strong>tonsura</strong></span> <span class='ocrx_word' id='word_1_197' title='bbox 598 2171 630 2210; x_wconf 89' lang='lat' dir='ltr'><strong>ac</strong></span> <span class='ocrx_word' id='word_1_198' title='bbox 647 2154 740 2210; x_wconf 89' lang='lat' dir='ltr'><strong>biretis</strong></span> <span class='ocrx_word' id='word_1_199' title='bbox 759 2153 823 2208; x_wconf 90' lang='lat' dir='ltr'><strong>suis.</strong></span> 
     </span>
    </p>
   </div>
   <div class='ocr_carea' id='block_1_3' title="bbox 165 2224 1026 2296">
    <p class='ocr_par' dir='ltr' id='par_1_10' title="bbox 165 2224 1026 2296">
     <span class='ocr_line' id='line_1_30' title="bbox 165 2224 1026 2296; baseline -0.013 -13"><span class='ocrx_word' id='word_1_200' title='bbox 165 2229 208 2283; x_wconf 84' lang='lat'><strong>15.</strong></span> <span class='ocrx_word' id='word_1_201' title='bbox 235 2226 345 2281; x_wconf 91' lang='lat' dir='ltr'><strong>Nullum</strong></span> <span class='ocrx_word' id='word_1_202' title='bbox 362 2243 443 2296; x_wconf 90' lang='lat' dir='ltr'><strong>porro</strong></span> <span class='ocrx_word' id='word_1_203' title='bbox 469 2225 584 2281; x_wconf 83' lang='lat' dir='ltr'><strong>cadaver</strong></span> <span class='ocrx_word' id='word_1_204' title='bbox 606 2232 755 2293; x_wconf 88' lang='lat' dir='ltr'><strong>perpetuae</strong></span> <span class='ocrx_word' id='word_1_205' title='bbox 774 2224 928 2292; x_wconf 89' lang='lat' dir='ltr'><strong>sepulturae</strong></span> <span class='ocrx_word' id='word_1_206' title='bbox 1024 2267 1026 2272; x_wconf 92' lang='lat'><em>.</em></span> 
     </span>
    </p>
   </div>
   <div class='ocr_carea' id='block_1_4' title="bbox 128 2296 932 2866">
    <p class='ocr_par' dir='ltr' id='par_1_11' title="bbox 128 2296 927 2438">
     <span class='ocr_line' id='line_1_31' title="bbox 128 2296 927 2364; baseline -0.001 -12"><span class='ocrx_word' id='word_1_207' title='bbox 128 2296 255 2353; x_wconf 89' lang='lat' dir='ltr'><strong>traditum</strong></span> <span class='ocrx_word' id='word_1_208' title='bbox 274 2313 308 2352; x_wconf 84' lang='lat' dir='ltr'><strong>ex</strong></span> <span class='ocrx_word' id='word_1_209' title='bbox 325 2298 380 2353; x_wconf 91' lang='lat' dir='ltr'><strong>ulla</strong></span> <span class='ocrx_word' id='word_1_210' title='bbox 398 2298 514 2352; x_wconf 87' lang='lat' dir='ltr'><strong>cuiusvis</strong></span> <span class='ocrx_word' id='word_1_211' title='bbox 543 2296 642 2352; x_wconf 89' lang='lat' dir='ltr'><strong>ordinis</strong></span> <span class='ocrx_word' id='word_1_212' title='bbox 662 2296 774 2352; x_wconf 86' lang='lat' dir='ltr'><strong>ecclesia</strong></span> <span class='ocrx_word' id='word_1_213' title='bbox 792 2296 927 2364; x_wconf 87' lang='lat' dir='ltr'><strong>asportari</strong></span> 
     </span>
     <span class='ocr_line' id='line_1_32' title="bbox 129 2367 624 2438; baseline 0.006 -16"><span class='ocrx_word' id='word_1_214' title='bbox 129 2368 216 2438; x_wconf 90' lang='lat' dir='ltr'><strong>liceat,</strong></span> <span class='ocrx_word' id='word_1_215' title='bbox 234 2369 286 2424; x_wconf 90' lang='lat' dir='ltr'><strong>nisi</strong></span> <span class='ocrx_word' id='word_1_216' title='bbox 304 2369 338 2424; x_wconf 90' lang='lat' dir='ltr'><strong>de</strong></span> <span class='ocrx_word' id='word_1_217' title='bbox 356 2369 464 2424; x_wconf 88' lang='lat' dir='ltr'><strong>licentia</strong></span> <span class='ocrx_word' id='word_1_218' title='bbox 482 2367 624 2425; x_wconf 68' lang='lat' dir='ltr'><strong>ominari</strong></span> 
     </span>
    </p>

    <p class='ocr_par' dir='ltr' id='par_1_12' title="bbox 132 2436 930 2636">
     <span class='ocr_line' id='line_1_33' title="bbox 166 2436 930 2509; baseline -0.003 -15"><span class='ocrx_word' id='word_1_219' title='bbox 166 2442 208 2494; x_wconf 88' lang='grc'><strong>16.</strong></span> <span class='ocrx_word' id='word_1_220' title='bbox 240 2439 316 2494; x_wconf 87' lang='lat' dir='ltr'><strong>Laioi</strong></span> <span class='ocrx_word' id='word_1_221' title='bbox 334 2439 457 2509; x_wconf 86' lang='lat' dir='ltr'><strong>cadaver,</strong></span> <span class='ocrx_word' id='word_1_222' title='bbox 484 2440 603 2508; x_wconf 86' lang='lat' dir='ltr'><strong>quohbet</strong></span> <span class='ocrx_word' id='word_1_223' title='bbox 620 2437 726 2508; x_wconf 80' lang='lat' dir='ltr'><strong>generis</strong></span> <span class='ocrx_word' id='word_1_224' title='bbox 751 2444 798 2492; x_wconf 89' lang='lat' dir='ltr'><strong>aut</strong></span> <span class='ocrx_word' id='word_1_225' title='bbox 817 2436 930 2506; x_wconf 78' lang='lat' dir='ltr'><strong>dignita·</strong></span> 
     </span>
     <span class='ocr_line' id='line_1_34' title="bbox 132 2507 929 2634; baseline -0.003 -70"><span class='ocrx_word' id='word_1_226' title='bbox 132 2510 262 2634; x_wconf 64' lang='lat' dir='ltr'><strong>tisdtiltulo</strong></span> <span class='ocrx_word' id='word_1_227' title='bbox 280 2511 417 2580; x_wconf 90' lang='lat' dir='ltr'><strong>praeditus</strong></span> <span class='ocrx_word' id='word_1_228' title='bbox 443 2511 489 2566; x_wconf 90' lang='lat' dir='ltr'><strong>ille</strong></span> <span class='ocrx_word' id='word_1_229' title='bbox 507 2511 603 2580; x_wconf 81' lang='lat' dir='ltr'><strong>fuerit,</strong></span> <span class='ocrx_word' id='word_1_230' title='bbox 631 2509 720 2564; x_wconf 88' lang='lat' dir='ltr'><strong>clerici</strong></span> <span class='ocrx_word' id='word_1_231' title='bbox 744 2524 779 2564; x_wconf 87' lang='lat' dir='ltr'><strong>ne</strong></span> <span class='ocrx_word' id='word_1_232' title='bbox 798 2507 929 2577; x_wconf 80' lang='lat' dir='ltr'><strong>deferant,</strong></span> 
     </span>
     <span class='ocr_line' id='line_1_35' title="bbox 134 2595 267 2636; baseline -0.015 0"><span class='ocrx_word' id='word_1_233' title='bbox 134 2595 163 2636; x_wconf 88' lang='lat' dir='ltr'><strong>se</strong></span> <span class='ocrx_word' id='word_1_234' title='bbox 210 2596 267 2635; x_wconf 83' lang='lat' dir='ltr'><strong>arci.</strong></span> 
     </span>
    </p>

    <p class='ocr_par' dir='ltr' id='par_1_13' title="bbox 129 2649 932 2866">
     <span class='ocr_line' id='line_1_36' title="bbox 167 2649 932 2720; baseline -0.007 -12"><span class='ocrx_word' id='word_1_235' title='bbox 167 2653 209 2708; x_wconf 87' lang='lat'><strong>17.</strong></span> <span class='ocrx_word' id='word_1_236' title='bbox 229 2651 349 2720; x_wconf 81' lang='lat' dir='ltr'><strong>Corpora</strong></span> <span class='ocrx_word' id='word_1_237' title='bbox 362 2651 548 2710; x_wconf 87' lang='lat' dir='ltr'><strong>defunctorum</strong></span> <span class='ocrx_word' id='word_1_238' title='bbox 560 2653 589 2706; x_wconf 91' lang='lat' dir='ltr'><strong>in</strong></span> <span class='ocrx_word' id='word_1_239' title='bbox 602 2651 714 2708; x_wconf 84' lang='lat' dir='ltr'><strong>eeclesia</strong></span> <span class='ocrx_word' id='word_1_240' title='bbox 727 2649 853 2719; x_wconf 89' lang='lat' dir='ltr'><strong>ponenda</strong></span> <span class='ocrx_word' id='word_1_241' title='bbox 867 2656 932 2706; x_wconf 91' lang='lat' dir='ltr'><strong>sunt</strong></span> 
     </span>
     <span class='ocr_line' id='line_1_37' title="bbox 129 2720 931 2792; baseline -0.002 -16"><span class='ocrx_word' id='word_1_242' title='bbox 129 2721 242 2791; x_wconf 89' lang='lat' dir='ltr'><strong>pedihus</strong></span> <span class='ocrx_word' id='word_1_243' title='bbox 267 2739 361 2780; x_wconf 88' lang='lat' dir='ltr'><strong>versus</strong></span> <span class='ocrx_word' id='word_1_244' title='bbox 384 2723 470 2780; x_wconf 90' lang='lat' dir='ltr'><strong>altare</strong></span> <span class='ocrx_word' id='word_1_245' title='bbox 495 2725 593 2792; x_wconf 85' lang='lat' dir='ltr'><strong>maius,</strong></span> <span class='ocrx_word' id='word_1_246' title='bbox 621 2723 666 2778; x_wconf 84' lang='lat' dir='ltr'><strong>vel</strong></span> <span class='ocrx_word' id='word_1_247' title='bbox 693 2723 716 2778; x_wconf 90' lang='lat' dir='ltr'><strong>si</strong></span> <span class='ocrx_word' id='word_1_248' title='bbox 735 2720 884 2777; x_wconf 90' lang='lat' dir='ltr'><strong>conduntur</strong></span> <span class='ocrx_word' id='word_1_249' title='bbox 903 2721 931 2774; x_wconf 92' lang='lat' dir='ltr'><strong>in</strong></span> 
     </span>
     <span class='ocr_line' id='line_1_38' title="bbox 129 2791 929 2866; baseline -0.008 -16"><span class='ocrx_word' id='word_1_250' title='bbox 129 2793 254 2850; x_wconf 81' lang='lat' dir='ltr'><strong>oratoriis</strong></span> <span class='ocrx_word' id='word_1_251' title='bbox 273 2802 319 2850; x_wconf 90' lang='lat' dir='ltr'><strong>aut</strong></span> <span class='ocrx_word' id='word_1_252' title='bbox 337 2796 455 2866; x_wconf 89' lang='lat' dir='ltr'><strong>capellis,</strong></span> <span class='ocrx_word' id='word_1_253' title='bbox 480 2800 614 2865; x_wconf 89' lang='lat' dir='ltr'><strong>ponantur</strong></span> <span class='ocrx_word' id='word_1_254' title='bbox 632 2810 691 2850; x_wconf 88' lang='lat' dir='ltr'><strong>aum</strong></span> <span class='ocrx_word' id='word_1_255' title='bbox 709 2791 823 2862; x_wconf 86' lang='lat' dir='ltr'><strong>pedibus</strong></span> <span class='ocrx_word' id='word_1_256' title='bbox 841 2791 929 2846; x_wconf 84' lang='lat' dir='ltr'><strong>versis</strong></span> 
     </span>
    </p>
   </div>
   <div class='ocr_carea' id='block_1_5' title="bbox 0 0 1078 3234">
    <p class='ocr_par' dir='ltr' id='par_1_14' title="bbox 0 0 1078 3234">
     <span class='ocr_line' id='line_1_39' title="bbox 0 0 1078 3234; baseline 0 0"><span class='ocrx_word' id='word_1_257' title='bbox 0 0 1078 3234; x_wconf 95' lang='lat' dir='ltr'><strong> </strong></span> 
     </span>
    </p>
   </div>
  </div>
 </body>
</html>
