2108 3226
158 159 198 204 120
350 163 477 204 Gratiarum
491 163 589 204 actiones
602 166 653 212 post
667 164 767 209 Missam.

157 265 338 320 irreverenter
355 265 383 318 in
402 265 540 320 mactando
554 271 582 320 et
595 265 723 320 sumendo
738 282 770 320 ae
783 267 957 324 ministrando
1028 285 1030 290 ·

158 342 246 390 actim
264 344 317 405 ast,
346 337 513 392 commissum
531 337 575 390 vel
593 337 733 406 omissum,
761 339 814 393 tuis
833 341 958 395 sacratis·

159 407 233 462 simis
257 407 381 476 precibus
408 407 547 476 indulgere
578 407 701 476 dignetur
728 409 798 463 idem
825 409 959 466 Dominus

158 486 251 533 noster
275 479 355 534 lesus
384 479 513 548 Christus,
540 479 625 534 Filius
643 486 713 547 tuus,
733 481 779 548 qui
798 498 857 534 cum
876 481 958 537 Patre

159 555 187 604 et
206 549 307 618 Spiritu
325 557 417 604 sancto
434 551 502 604 vivit
526 558 554 605 et
571 557 666 619 regnat
691 552 846 607 insaecula
865 568 958 607 saecu-

157 621 252 682 lorum.
288 621 383 675 Amen.
1045 669 1046 694 Ξ

194 691 290 746 Anima
309 691 421 760 Christi,
447 690 583 746 sanctifica
610 707 667 761 me,
685 695 698 720 *
717 691 822 760 Corpus
848 693 957 764 Christi,

158 763 235 818 salva
259 778 310 830 me,
329 765 341 790 *
360 763 473 831 Sanguis
501 763 614 832 Christi,
642 763 745 817 inebria
771 779 822 833 me,
846 767 859 792 *
877 766 959 832 Aqua

157 834 250 888 lateris
270 833 375 902 Christi,
393 834 456 888 lava
476 849 527 903 me,
546 836 558 860 ¹*
576 835 670 888 Passio
691 834 804 904 Christi,
833 836 958 892 conforta

158 920 209 974 me,
227 906 239 931 *
258 902 280 956 Ο
300 905 368 958 bone
382 905 456 973 Jesu,
476 904 573 958 exaudi
590 921 641 973 mo,
660 907 672 932 *
690 906 764 960 Intra
782 907 893 961 vulnera
907 915 956 962 tua
1045 929 1046 940 ¹

158 974 292 1030 absconde
309 990 360 1044 me,
379 978 391 1003 *
409 976 446 1030 Et
462 991 496 1029 ne
515 976 654 1043 permittas
678 991 720 1030 me
746 979 866 1044 separari
885 995 902 1032 a
919 986 956 1050 te,

157 1049 170 1074 *
188 1046 231 1098 Ab
248 1045 326 1100 hoste
344 1047 459 1115 maligno
483 1046 596 1100 defende
614 1062 665 1115 me,
685 1050 696 1073 *
713 1048 746 1100 Iu
770 1049 839 1103 horu
861 1051 956 1106 mortis

157 1131 234 1171 meae
251 1132 319 1170 voca
342 1133 394 1187 me,
412 1122 424 1146 ¹*
442 1119 480 1171 Et
503 1118 565 1171 iube
590 1134 633 1172 me
657 1119 750 1172 venire
773 1118 809 1172 ad
834 1127 870 1188 te,
889 1124 902 1148 *
920 1122 958 1176 Ut

159 1203 218 1243 cum
237 1186 341 1242 Sanctis
358 1189 412 1244 tuis
429 1187 536 1242 laudem
554 1196 596 1257 te3
615 1192 628 1216 *
645 1190 677 1243 In
701 1191 808 1244 saecula
836 1193 957 1247 saeculo·
1045 1239 1046 1246 ,

157 1275 225 1313 rum,
261 1258 355 1312 Amen,
782 1263 928 1315 (Indulgent.)
1045 1289 1046 1292 ,

194 1329 312 1384 Obsecro
330 1337 366 1398 te,
393 1329 542 1385 dulcissime
560 1332 673 1386 Domine
692 1331 759 1401 Jesu
785 1331 900 1402 Christe,
926 1341 958 1388 ut
1045 1331 1046 1396 l

158 1401 252 1456 Passio
266 1407 313 1454 tua
328 1402 362 1456 sit
375 1401 439 1454 mihi
458 1402 551 1471 virtus,
571 1419 624 1470 qua
640 1403 751 1470 muniar,
774 1409 903 1471 protegar
917 1413 957 1459 at·

160 1487 211 1539 que
226 1471 368 1540 defendam
386 1472 498 1527 vulnera
515 1480 563 1527 tua
580 1474 633 1528 sint
649 1474 714 1527 mihi
728 1474 801 1528 cibus
813 1482 958 1545 potusque,
1045 1487 1046 1526 l

159 1541 263 1612 quibus,
291 1560 402 1612 pascar,
429 1543 546 1599 inebrior
572 1551 652 1612 atque
677 1544 808 1614 delecter;
836 1549 959 1614 aspersio
1045 1577 1046 1612 3

159 1614 300 1683 Sanguinis
319 1616 358 1670 tui
383 1616 418 1670 sit
436 1615 500 1668 mihi
531 1615 630 1670 ablutio
658 1617 774 1670 omnium
800 1616 959 1672 delictorum

158 1701 291 1754 meorum,
319 1703 391 1740 mors
408 1693 457 1740 tua
475 1687 510 1742 sit
532 1687 596 1740 mihi
620 1687 706 1755 gloria
724 1688 902 1756 sempiterna3
930 1690 959 1742 in

158 1757 200 1812 his
219 1758 254 1812 sit
271 1758 336 1810 mihi
354 1756 473 1826 refectio,
503 1759 654 1826 exsultatio,
683 1759 783 1812 sanitas
802 1766 829 1812 et
843 1759 957 1814 dulcedo

158 1827 247 1882 cordis
265 1829 325 1882 mei.
364 1828 415 1895 Qui
432 1828 500 1882 viris
520 1836 548 1883 et
564 1844 662 1897 regnas
686 1830 715 1882 in
738 1830 846 1884 saecula
864 1846 958 1886 saecu·

157 1898 252 1953 lorum.
288 1899 382 1953 Amen.
785 1901 931 1953 (Indulgent.)

193 1969 301 2024 Recedo
321 1985 337 2022 a
349 1977 376 2024 te
390 1969 530 2039 modicum,
548 1970 662 2024 Domine
677 1970 751 2038 Jesu,
771 1970 887 2025 sednon
901 1973 959 2026 sine

157 2044 195 2108 te,
224 2040 415 2109 oconsolati0,
441 2040 553 2095 felicitas
580 2047 607 2096 et
632 2057 710 2096 omne
737 2042 835 2095 bouum
853 2044 959 2097 animae

157 2112 249 2164 meael
280 2118 308 2165 et
324 2126 367 2164 me
386 2111 564 2179 amplissimae
584 2112 719 2167 dilectioni
743 2119 806 2166 tuae
825 2129 885 2166 cum
904 2131 959 2168 om-

157 2181 237 2236 nibus
254 2180 397 2251 fratribus,
422 2183 513 2238 amicis
539 2190 567 2238 et
590 2184 702 2238 inimicis
727 2184 793 2238 meis
812 2184 958 2250 humillime

157 2253 323 2309 commendo.
357 2253 426 2308 Ama
443 2269 493 2309 nos
512 2255 634 2323 Domine,
654 2261 681 2308 et
698 2254 861 2310 transforma
878 2272 959 2323 quam

158 2323 289 2378 simillime
307 2325 335 2377 in
352 2332 388 2379 te.
417 2325 502 2380 Totus
521 2341 636 2393 occuper
653 2325 681 2378 in
698 2332 726 2380 te
746 2332 773 2380 et
790 2333 903 2394 propter
920 2335 957 2398 te,

157 2394 276 2462 nihilque
301 2395 337 2450 sit
362 2396 496 2450 obiectum
523 2397 728 2465 cogitationum,
756 2396 958 2467 desideriorum,

157 2466 301 2520 verborum
319 2467 504 2536 actionumque
518 2483 645 2538 mearum,
659 2468 711 2522 nisi
724 2475 762 2537 tu,
784 2484 860 2542 emor
873 2485 958 2539 meus,

158 2537 291 2661 ddffiis
309 2543 337 2592 et
353 2555 450 2606 regnas
468 2555 518 2608 per
541 2540 630 2594 omnia
654 2539 762 2594 saecula
780 2541 957 2594 saeculorum.

211 2622 253 2665 en.

196 2678 290 2734 Oratio
308 2679 423 2734 diemde
440 2686 504 2734 cate
521 2681 665 2751 imaginem
679 2679 815 2747 Crucifial.
834 2680 879 2735 En
898 2696 958 2751 ego,

159 2765 175 2804 o
193 2750 263 2805 bone
283 2757 310 2805 et
328 2751 478 2806 dulcissime
496 2753 578 2822 lesu,
605 2759 666 2807 ante
691 2758 863 2820 conspectum
881 2758 958 2806 tuum

158 2821 271 2888 genibus
296 2837 338 2876 me
356 2824 487 2892 provolvo
514 2839 546 2878 ac
570 2824 685 2878 marimo
711 2823 791 2878 animi
814 2823 912 2878 ardore
929 2831 968 2900 te¹
