2152 3234
327 173 360 213 De
374 172 409 216 ss.
423 172 575 212 eucharistiae
589 169 738 220 estromenta
889 171 932 214 tas

133 277 202 333 lesu
221 274 320 332 christi
338 291 439 332 summo
458 274 547 332 studio
565 289 597 330 ac
615 274 752 344 diligentia
770 277 931 346 aegrotanti·

133 347 185 403 bus
205 354 357 415 opportuno
375 354 495 415 tempore
513 346 711 417 procurandum
730 353 779 417 est,
803 363 837 402 ne
862 348 932 403 sorte

134 418 274 488 contingat
290 418 351 474 illos
369 425 444 473 tanto
463 418 542 487 bono,
560 419 673 486 parochi
686 419 795 488 incuria,
814 419 935 487 privatos

135 477 276 544 decedere.
286 490 307 557 ²)
343 488 498 544 Cavendum
516 497 605 544 autem
622 490 650 543 in
669 490 762 558 primis
780 497 830 558 eet,
848 505 882 544 ne
902 489 938 544 ad

133 561 259 629 indignos
282 561 342 614 tum
367 560 480 615 aliorum
504 561 630 616 scandalo
656 560 808 629 deleratur3
834 561 936 631 quales,

134 640 199 696 sunt
216 631 316 700 publici
328 632 452 701 usurarii,
471 632 659 700 concubinarii,
677 632 782 687 notorie
793 632 935 701 criminosi,

94 758 101 769 ,
135 703 293 758 nominatim
311 703 530 758 excommunicati
549 712 595 758 aut
613 702 769 772 denuntiati,
796 703 847 758 nisi
875 717 936 758 seso

134 775 211 843 prius
231 789 309 828 sacra
327 774 500 829 Confessione
510 775 691 844 purgaverint,
711 783 738 830 et
755 775 878 844 publicae
896 772 936 829 oi·

76 851 93 868 ·
134 845 259 913 londoni,
277 851 358 913 prout
376 845 409 900 de
427 845 494 915 iure,
513 846 698 902 satisfecerint.

172 931 199 986 2.
218 927 348 982 Hortetur
365 928 499 996 parochus
506 928 527 998 ²)
541 927 681 998 infirmnm,
700 935 730 983 ut
743 944 846 984 sacram
861 926 938 982 Gom·

136 999 291 1054 munionem
319 1006 414 1067 sumat,
444 999 565 1054 etiamsi
589 1001 707 1069 graviter
724 1017 777 1055 non
807 1003 938 1068 aegrotet,

135 1077 184 1125 aut
201 1070 295 1125 mortis
313 1071 460 1140 periculum
477 1086 532 1125 non
544 1071 687 1142 immineat,
705 1072 820 1126 maxime
838 1071 861 1126 si
874 1069 937 1125 festi

149 1249 224 1304 1)Sfl.
243 1251 352 1292 Vistlcum
372 1253 569 1294 administrandum
589 1258 622 1294 est
643 1256 716 1304 puerle
739 1265 790 1294 mox
803 1253 936 1304 decessoris,

191 1317 314 1367 elperoclnl
328 1329 365 1358 eos
379 1320 537 1368 compererint,
558 1321 644 1359 tantam
658 1322 788 1368 umquutoe
802 1319 878 1360 ludlcli
891 1329 937 1358 ms-

191 1383 317 1433 tnrltatem,
338 1388 363 1424 ut
377 1385 450 1426 elbum
463 1387 531 1424 letum
544 1385 661 1425 coelestem
682 1387 705 1424 et
719 1395 838 1434 supernum
850 1396 864 1424 a
878 1395 936 1424 com·

190 1450 252 1489 mnnl
266 1452 288 1489 et
302 1450 411 1490 materlell
425 1451 565 1498 decernant,
580 1451 638 1490 bend
652 1451 709 1490 enlm
723 1451 800 1490 leviter
813 1450 938 1500 delinquere

192 1515 306 1564 credimus,
326 1517 363 1565 qnl
377 1527 457 1566 pueros
471 1519 540 1558 etiam
553 1517 678 1557 duodennes
692 1518 714 1556 et
728 1516 863 1574 perspicacis
876 1517 937 1566 lnge·

192 1583 224 1622 nll
237 1583 313 1622 elnnnt
327 1593 355 1622 ex
368 1583 409 1622 hac
422 1584 469 1623 sita
482 1581 578 1630 nilgrare
595 1583 643 1623 elne
656 1583 742 1623 Vletlco
758 1583 814 1622 hene
828 1593 895 1622 unam
908 1582 936 1621 ob

195 1659 291 1698 cenem,
305 1650 357 1698 qnia
366 1649 451 1688 scillcet
460 1659 571 1698 nunquam
585 1650 657 1698 entes,
671 1649 818 1699 parochorum
831 1650 891 1687 certe
903 1649 936 1688 ln·

195 1716 257 1754 curis
270 1717 292 1754 et
306 1716 432 1764 oscitantia,
446 1715 623 1754 liuoheristlcum
636 1725 715 1764 penem
728 1714 888 1763 degustarunt.
899 1744 904 1755 .
914 1743 937 1758 ..

192 1782 274 1822 Verum
292 1783 399 1824 Doctores
418 1782 562 1822 communitor
575 1781 674 1822 letentur
688 1783 775 1820 tantm
794 1791 839 1819 non
853 1779 936 1819 deside·

193 1847 240 1888 rsrl
253 1849 361 1895 eetstem,
385 1849 410 1887 nt
423 1848 473 1896 quie
486 1848 509 1887 lu
523 1847 602 1888 mortis
615 1845 708 1886 amiculo
726 1856 781 1895 pnes·
795 1847 817 1884 et
830 1845 901 1894 possit
914 1847 937 1884 et

192 1913 272 1954 debest
283 1914 422 1954 sanctissimo
431 1913 519 1954 Vletico
528 1913 616 1953 muntrl.
636 1911 737 1961 innlmo
745 1913 825 1954 sueres
834 1922 937 1961 expresse

192 1980 264 2028 docel,
278 1979 388 2029 omnibns,
402 1980 440 2028 qul
453 1980 498 2020 sint
511 1980 556 2019 doli
571 1989 671 2028 capaces,
690 1979 768 2027 posltle
781 1979 805 2018 lu
818 1979 878 2018 vltee
892 1979 935 2018 dle·

192 2045 296 2094 crimine,
316 2045 371 2084 lllnd
391 2055 438 2085 esee
452 2056 480 2084 ex
493 2045 567 2084 dlvlno
580 2045 698 2094 praecepto
716 2044 887 2094 porrigendum.
898 2075 903 2086 .
914 2074 936 2087 ..

192 2108 237 2150 illis
252 2110 343 2159 scillcet,
357 2119 412 2158 quoe
422 2111 513 2159 parochi
529 2110 628 2159 diligenti
636 2110 757 2158 preemlsso
765 2110 864 2150 examine
872 2112 937 2150 tanta

192 2177 339 2226 compererint
358 2177 441 2227 pollere
458 2177 541 2226 ingenil
558 2177 706 2226 perspicacia,
728 2179 752 2216 ut
771 2177 876 2216 latentem
895 2176 936 2217 enb

193 2242 306 2290 speciebus
320 2242 516 2282 sacrementalibus
529 2242 640 2282 Ohrlstnrn
654 2243 676 2281 et
690 2242 782 2282 llrnnlter
796 2242 893 2291 credent,
913 2243 936 2281 et

191 2310 317 2348 reverenter
330 2307 428 2354 adorent
441 2307 528 2359 (Beesed.
545 2308 604 2348 XIV.
618 2308 650 2346 De
663 2306 710 2357 Spa
726 2307 790 2352 dioec.
805 2307 841 2350 let.
855 2306 873 2348 7.
888 2319 935 2358 oup.

191 2371 369 2424 fficium

151 2452 173 2506 Β)
188 2455 229 2496 Jns
243 2455 326 2496 habent
338 2456 450 2505 regulares
464 2455 575 2496 Vletlonm
589 2455 656 2507 (ldem
670 2456 785 2496 dicendum
798 2457 825 2496 de
838 2458 936 2498 extreme

191 2519 300 2560 Unctione
314 2523 336 2560 et
350 2521 377 2560 de
390 2522 513 2570 sepulture)
532 2522 598 2562 denffl
611 2533 655 2561 non
669 2524 757 2562 tantum
771 2523 817 2562 suls
830 2523 936 2572 professis

192 2589 214 2625 et
227 2587 324 2636 nosltlls,
338 2587 376 2627 eed
390 2588 457 2626 etiem
467 2588 513 2627 suls
526 2587 621 2637 famulis,
634 2588 750 2627 dnmmodo
764 2588 780 2627 ll
793 2588 871 2628 lentuli
884 2590 936 2628 ectu

190 2652 320 2701 inservient,
334 2653 395 2693 intre
402 2657 466 2703 septe
473 2655 603 2694 monaeterll
608 2655 698 2703 degent,
714 2657 737 2694 et
750 2653 792 2694 eub
801 2654 936 2702 regularium

191 2718 317 2758 obedientle
335 2719 410 2760 visent
431 2719 461 2770 (8.
476 2719 498 2758 (1.
513 2719 535 2759 0.
550 2721 612 2760 rests
631 2719 691 2760 raet.
710 2721 733 2759 et
750 2719 787 2760 86.
800 2720 850 2762 Just.
865 2717 936 2767 nes.)

191 2784 278 2825 sumen
296 2787 370 2826 entem
391 2785 517 2826 obedientia
534 2787 620 2826 retinne
634 2786 753 2826 lemnletne
773 2786 855 2826 debite.
883 2785 937 2835 (Gli.

190 2851 267 2900 Bossie,
279 2851 307 2892 de
319 2853 366 2891 isere
378 2852 505 2903 requievisse
518 2856 565 2892 tom.
580 2849 611 2892 H.
623 2863 674 2902 pop.
687 2849 748 2902 889.)
