2098 3222
204 157 320 198 romulae
333 159 422 210 petendi
435 161 509 200 varias
522 160 640 200 facultates
653 163 675 200 et
688 161 778 210 medas.
853 157 895 202 stt

91 257 136 313 cui
152 258 253 314 nubere
272 259 366 328 possit,
389 260 509 315 iuvenire
527 277 582 316 non
599 261 711 331 valeret,
738 270 766 317 et
786 261 895 331 praeia-

92 337 150 384 tum
163 329 311 400 Oratorem,
324 330 396 384 illam
410 338 460 386 etc.
472 332 502 385 in
514 347 626 387 uxorem
640 332 747 404 ducere,
767 333 894 402 illiusque

91 399 183 455 dotem
201 416 300 470 augere
318 402 471 469 intendere,
491 418 642 472 eupereque
662 412 711 459 etc.
756 403 811 459 Sed
830 406 895 473 quia

7 537 8 540 Ἴ
91 472 185 540 tertio,
213 479 242 526 et
259 478 354 540 quarto
373 479 423 528 etc.
451 474 507 540 (bic
523 475 653 528 inseritur
665 491 770 543 passae
788 491 896 532 eoncor-

90 557 159 598 tteua
168 544 293 611 priorum
306 543 479 611 litterarum).
499 545 637 612 Quatenus
650 554 700 604 etc.
719 546 828 602 Prolem
843 554 895 604 etc.

92 615 187 682 prom
204 615 235 668 t'u
253 613 332 668 dietis
350 615 446 670 litteris
463 618 656 682 contineatur).
694 616 767 684 Quas
786 617 894 685 quidem

91 685 197 740 litteras
223 692 429 754 praesentarunt
448 693 497 742 etc.
517 688 563 755 qui
582 694 707 744 contenta
730 689 758 742 in
775 688 809 744 iis
827 689 897 744 veri·

90 755 174 811 ficare
184 755 334 825 mandavit3
351 764 378 812 et
390 757 677 823 cuminverifioatione
687 759 748 827 ipsa
756 760 782 814 ei
792 767 896 815 consta·

91 835 142 897 ret,
162 827 290 883 Oratores
304 827 443 897 praefatos
455 838 518 897 post
527 830 651 885 obtentas
662 831 815 886 huiusmodi
824 831 895 886 litte·

90 914 145 968 ras,
156 899 244 954 carnis
250 898 395 968 fragilitate
403 899 530 970 devictos,
541 915 570 956 se
578 902 721 957 carnaliter
728 903 895 973 cognovisse,

90 969 128 1024 ad
146 984 239 1024 earum
251 971 407 1025 ulteriorem
422 973 621 1028 exsecutionem
633 972 781 1042 procedere
799 974 895 1044 noluit,

90 1048 120 1095 et
139 1039 261 1108 ipsorum
279 1040 423 1096 Oratorum
442 1042 598 1099 Ordinarius
617 1051 711 1100 contra
728 1045 812 1114 ipsos,
832 1060 895 1113 pro·

7 1117 9 1152 ³
90 1118 154 1180 pter
172 1113 303 1167 incestum
321 1113 473 1168 huiusmodi
491 1115 671 1184 procedendo,
697 1131 744 1172 eos
761 1117 791 1169 in
808 1122 896 1171 certas

7 1189 9 1254 ξ
92 1197 197 1250 poenas
223 1181 417 1238 condemnavit.
469 1184 625 1253 Supplicem
655 1187 737 1255 igitur
760 1187 896 1241 humiliter

92 1253 234 1308 Sanctitati
253 1253 367 1309 Vestrae
386 1253 514 1310 Oratores
532 1256 656 1326 praefati,
679 1265 709 1312 ut
727 1273 782 1328 cos,
801 1273 835 1313 ne
854 1257 896 1312 di·

7 1375 9 1400 ;
92 1330 197 1378 ctarum
211 1323 360 1379 litterarum
379 1323 542 1382 frustrentur
560 1327 666 1397 effectu,
685 1329 820 1397 amplioris
834 1346 895 1398 gra·

90 1396 145 1450 tiae
160 1393 254 1450 favore
266 1397 466 1468 prosequendo,
487 1397 573 1452 eidem
584 1399 701 1468 Vicario,
719 1407 749 1454 ut
758 1402 895 1468 negotium

90 1465 245 1520 huiusmodi
263 1481 445 1537 reassumens,
472 1468 629 1537 litterasque
647 1470 784 1538 praefatas
802 1472 894 1526 valere

91 1536 255 1606 decernens,
283 1538 392 1592 eosdem
411 1537 539 1595 Oratores
563 1541 597 1595 ab
616 1542 895 1598 excommunicationis

7 1625 9 1630 ’
91 1609 234 1678 sententia,
260 1623 340 1676 quam
359 1616 472 1678 propter
489 1613 638 1679 praemissa
655 1612 832 1682 incurrerunt,
854 1613 894 1667 in·

7 1675 9 1726 i
90 1686 183 1734 cestus
200 1686 294 1750 reatu,
322 1686 349 1735 et
375 1682 529 1737 excessibus
552 1682 704 1738 huiusmodi
728 1685 756 1738 in
780 1691 894 1752 utroque

90 1749 152 1805 foro
171 1750 303 1818 absolvat,
331 1752 411 1806 etad
430 1753 628 1808 exsecutionem
647 1753 777 1812 dictarum
793 1755 896 1810 littera-

8 1837 9 1870 t
89 1838 159 1890 rum,
179 1828 287 1876 servata
301 1828 352 1876 etc.
371 1824 500 1891 procedat
513 1832 564 1878 etc.
583 1824 694 1894 perinde
711 1841 743 1880 ac
761 1826 784 1881 si
802 1841 895 1882 carna-
950 1823 956 1836 ’

8 1907 9 1940 ι
89 1893 124 1948 lis
143 1892 241 1961 copula
257 1893 410 1949 huiuamodi
429 1903 522 1950 secuta
539 1911 594 1950 nou
612 1895 714 1966 fuisset,
738 1897 894 1966 prolemque

8 1979 9 2010 ι
91 1971 143 2019 etc.
162 1963 308 2032 legitimam
323 1964 499 2037 decernendo,
519 1969 683 2023 committere
698 1967 842 2036 dignemini
861 1968 894 2023 de

63 2069 69 2074 f
89 2035 179 2105 gratia
197 2035 316 2104 speciali,
340 2037 580 2094 nonobstantibus
599 2039 721 2094 omnibus
739 2040 800 2107 illis,
825 2055 894 2108 quae

90 2113 142 2162 etc.
161 2105 200 2160 Et
217 2122 278 2162 cum
292 2106 460 2163 absolutione
479 2124 496 2163 a
514 2109 633 2165 censuris
652 2110 687 2165 ad
705 2109 829 2166 effectum
844 2117 894 2166 etc.

89 2251 128 2295 ⁸⁸.
153 2244 278 2291 For-mula
297 2245 403 2302 petendi
417 2247 653 2293 autborlzatlonem
672 2249 706 2293 ad
720 2249 894 2295 assistendum

230 2311 396 2357 matrimomo
410 2312 438 2358 m
452 2323 514 2358 casu
528 2313 602 2358 nuru
616 2313 749 2360 rontano.
787 2301 797 2326 '

161 2396 320 2453 Reverenda
338 2395 454 2452 Domine
472 2398 582 2454 Pastori

126 2467 206 2523 Anna
218 2469 261 2539 N,
279 2469 446 2538 parochiana
459 2485 528 2540 mee,
546 2470 746 2526 Matrimonium
761 2471 812 2526 rite
830 2489 893 2528 con·

89 2538 200 2594 uslere
225 2540 366 2595 intendens
392 2557 451 2596 cum
475 2557 529 2596 uno
554 2557 588 2596 ex
605 2543 717 2612 vestris,
743 2558 826 2598 aser
844 2551 891 2600 aut

89 2618 194 2677 septen
208 2610 302 2666 diebus
316 2611 489 2666 declinandae
508 2611 645 2668 cuiusdam
659 2613 796 2669 molestiae
811 2629 893 2670 causa

89 2679 126 2736 ad
143 2682 297 2748 parochiam
314 2690 432 2739 vestram
448 2681 575 2754 profugit,
599 2683 711 2753 proinde
730 2685 892 2740 domicilium

89 2758 208 2808 mutasse
226 2754 380 2822 neutiquam
397 2753 512 2825 videtur,
542 2770 602 2808 cum
619 2755 707 2810 adhuc
724 2763 809 2811 totum
828 2773 891 2825 sup-

88 2823 250 2894 pellectilem
268 2839 343 2880 suam
367 2826 396 2880 in
415 2823 494 2882 domo
513 2833 654 2894 parentum
672 2827 827 2898 reliquerit,
855 2834 891 2899 et,
