2146 3234
496 61 510 103 Ι

290 159 369 201 Modus
383 125 512 210 emergendi
527 162 607 210 aquam
620 160 741 204 lustralem.
876 155 917 200 st1

180 271 244 311 moe
257 273 337 321 tempus
346 271 453 320 wedale.
620 269 720 320 Tempore
730 269 832 320 poetioli.

154 333 219 387 Ant.
249 332 430 401 Asperges
448 345 506 399 me,
568 331 682 400 Autolol.
700 330 776 386 Vidi
797 346 917 399 aquam

10 446 13 461 .
119 402 242 472 Domine,
256 403 383 472 hyssopo,
396 409 423 457 et
432 418 506 456 mun-
534 401 714 470 egredientem
729 401 762 456 de
774 402 882 471 templo,
902 418 919 457 a

120 473 220 544 dabor3
240 474 343 528 lavabis
357 488 408 542 me,
422 480 449 528 et
463 489 506 529 su·
533 472 618 527 latere
631 472 734 542 dextro,
753 472 877 541 Alleluia,
892 479 919 528 et

120 559 169 614 per
186 546 275 600 nivem
295 544 449 600 dealbabor.
534 559 634 613 omnes,
653 542 688 598 nd
708 559 776 611 quos
796 543 920 612 pervenit

534 631 604 682 aqua
616 616 676 684 ista,
691 615 758 670 selvi
773 614 918 682 ductisunt,

534 685 918 756 etdicent,Alleluia,Allelnia.

157 755 284 810 Ponionoe
301 760 344 812 50.
376 756 507 812 Miserere
569 758 771 812 Peolmne117.
804 755 919 811 Confite-

120 827 180 896 mei,
191 827 274 896 Deus,
284 828 429 883 seeundum
434 844 506 897 mag·
533 829 727 897 miniDomino,
738 827 862 896 quoniam
871 827 918 881 bo-

8 961 9 966 ,
121 913 183 952 nam
200 899 408 955 misericordiam
424 907 506 955 tuem.
533 917 592 969 nus,
611 900 736 968 quoniam
749 899 777 953 in
784 897 919 954 saeculum

533 970 716 1026 misericordia
734 971 801 1028 eins.

160 1039 232 1094 Vere.
272 1040 364 1096 Gloria
381 1041 456 1095 Patri
480 1046 507 1095 et
573 1043 647 1098 Vere.
679 1041 771 1098 Gloria
793 1040 869 1096 Petri
891 1045 919 1096 et

120 1109 191 1164 Filio
211 1117 260 1167 eto.
533 1113 603 1168 Filio
621 1120 671 1183 eto.

156 1181 508 1250 EtrepetiturAntiplsoaa
568 1183 921 1252 Etreputmrnnnplono.

121 1253 257 1320 Asperges
275 1267 327 1309 me.
460 1287 464 1296 »
532 1253 596 1308 Vidi
614 1265 710 1321 aquam
729 1254 918 1323 egredientem.

158 1339 236 1393 Haeo
248 1339 408 1407 Antonione
415 1340 560 1407 praedicto
571 1341 651 1395 modo
666 1341 768 1397 dieitur
781 1342 820 1396 od
829 1358 919 1412 oeper-

122 1410 225 1464 ee'onem
249 1426 336 1478 oquae
360 1410 512 1465 benedictae
535 1413 566 1465 in
588 1413 740 1466 Dominiote
760 1419 919 1480 pontoium

124 1495 234 1546 onnam,
254 1486 363 1548 excepto
380 1479 520 1534 Dominiea
534 1483 567 1536 de
580 1482 719 1551 Passione,
738 1487 763 1536 et
779 1481 920 1538 Dominiea

124 1550 284 1619 Palmarum,
310 1553 340 1604 in
358 1551 527 1620 quodantenus
545 1553 645 1606 dieitur
663 1552 754 1606 Gloria
771 1553 854 1622 Patri,
872 1553 920 1608 eod

120 1626 185 1690 poet
202 1621 341 1675 Penlsnum
357 1621 496 1690 Miserere,
524 1625 654 1692 repetitam
671 1622 823 1677 immediate
839 1624 919 1679 Anti·

9 1729 10 1734 κ
119 1691 215 1761 phono
232 1692 368 1760 Asperges
388 1708 440 1747 me.

159 1779 258 1834 Finita
275 1768 435 1850 Antonione
448 1781 608 1850 supradicto
621 1779 708 1849 modo,
727 1773 859 1848 sacerdon,
874 1781 922 1849 qui

9 1915 11 1926 Ι
124 1852 242 1922 aspernit
261 1866 369 1922 aquom,
387 1867 508 1906 renuens
526 1853 565 1907 ad
583 1853 676 1920 altare,
695 1857 771 1906 etam
784 1858 847 1906 onte
858 1867 920 1922 yro-

124 1922 176 1976 doe
193 1923 290 1977 altaris
307 1924 550 1978 laudunensibus
568 1925 658 1979 dieat:

162 2011 193 2066 V.
223 2011 341 2067 Ostende
359 2012 444 2082 nobis,
469 2013 596 2084 Domine,
614 2010 822 2068 misericordiam
838 2017 925 2081 tuam,

9 2055 10 2090 ἶ
122 2083 151 2153 (t.
170 2099 198 2151 p.
215 2083 350 2152 Alleluia).

157 2171 193 2226 R.
212 2172 249 2227 Et
268 2171 385 2244 salutare
403 2180 478 2227 tuum
497 2171 532 2228 dn
548 2173 635 2244 nobis,
654 2172 683 2243 (t.
700 2188 728 2242 p.
745 2169 885 2240 Alleluia).
948 2148 952 2156 „

162 2260 193 2317 V.
211 2260 334 2330 Domine,
353 2261 451 2316 exaudi
470 2261 618 2317 orationem
635 2275 729 2332 meam,
748 2267 798 2316 ete.

163 2348 193 2402 V.
211 2349 341 2404 Dominus
360 2351 506 2419 vobiscum,
525 2357 575 2406 ete.

102 2493 103 2496 ,
162 2435 281 2491 Oremoe.
317 2437 425 2492 Exaudi
443 2454 501 2509 nos,
519 2439 634 2494 Domine
653 2445 752 2512 sancte,
770 2439 853 2496 Pater
868 2456 922 2495 om·

124 2507 256 2576 nipotens,
276 2515 385 2563 aeterne
403 2509 493 2578 Deus3
513 2517 541 2565 et
553 2511 659 2566 mittere
674 2511 790 2582 digneris
802 2519 923 2568 sanctum

124 2577 256 2646 Angelum
270 2586 345 2634 tuum
360 2580 393 2635 de
408 2581 499 2651 coelis,
518 2582 564 2649 qui
578 2582 718 2655 custodiat,
737 2582 837 2653 foveat,
859 2599 922 2651 pro-

124 2654 199 2716 tegat
240 2650 344 2720 visitet,
372 2658 453 2719 atque
473 2651 599 2708 desendet
617 2669 708 2710 omnes
725 2654 876 2710 habitantes
894 2653 923 2706 in

10 2719 12 2754 l
123 2717 175 2775 hoo
199 2689 360 2777 liabitneulo.
396 2723 449 2778 Per
469 2723 603 2779 Christum
620 2724 769 2788 Dominum
793 2731 921 2782 nostrum.

159 2807 193 2862 R.
212 2807 306 2863 Amen.

763 2899 816 2954 18*
