2106 3228
380 193 503 234 ldeditandi
517 193 638 234 methodus.
899 192 913 236 i

119 295 180 348 riter
197 296 308 350 eandem
326 297 467 350 materiam
486 297 650 365 recolamus3
675 297 705 352 3⁰
722 303 752 351 nt
769 313 848 351 mane
868 311 913 352 ex·

117 367 255 434 pergeiacti
274 369 382 437 statim,
408 368 525 422 exclusis
548 368 668 422 omnibus
696 369 755 423 uiiis
773 368 912 436 coqn'tatio·

116 438 186 492 nibus
195 441 222 507 ¹),
240 439 357 507 primam
376 439 566 506 cogitationem
585 439 618 494 de
636 439 726 494 futura
739 439 912 494 meditatione

117 511 329 577 suscipiamus2);
347 509 378 566 4⁰
396 519 427 563 ut
443 511 515 564 inter
532 510 702 578 induendum,
724 509 867 578 lavandum
885 520 913 566 et

116 580 221 635 eundum
241 580 277 634 ad
291 581 380 634 locum
401 581 582 636 meditationis
600 581 634 636 de
653 581 747 635 eadem
766 582 912 649 cogitemus

116 660 139 704 et
161 668 240 708 sensa
265 651 373 706 futurae
397 652 564 706 meditationi
588 652 734 708 conformia
758 651 910 722 foveamus3

116 723 142 774 5⁰
157 731 185 778 ut
201 725 231 776 iu
254 724 409 777 visitatione
436 723 483 777 SS.
503 723 681 791 sacramenti,
709 725 732 778 si
755 724 823 778 haec
841 739 910 786 com·

113 795 183 848 mode
201 802 297 863 potest
320 795 439 865 institui,
465 796 552 862 ipsam
573 796 772 850 meditationem
796 795 910 850 Domino

111 867 244 932 praesenti
263 865 486 934 commendemus,
507 873 534 920 et
550 866 582 923 B.
597 867 635 921 M.
651 867 768 934 Virginis
787 867 911 921 afiorum·

111 951 157 1004 que
175 937 338 991 Sanctorum
363 952 442 1005 opem
464 937 652 1006 imploremus;
677 939 707 992 6⁰
724 945 755 992 ut
773 937 807 991 ad
824 938 910 1005 ipsam

108 1008 309 1062 meditationem
327 1009 418 1075 quieto
438 1024 469 1062 ac
482 1008 575 1063 sedato
595 1009 682 1063 animo
698 1008 863 1076 accedamus,
883 1016 910 1063 et

107 1079 259 1134 immediate
278 1085 421 1146 antequam
440 1079 553 1132 eandem
570 1081 734 1148 incipiamus,
753 1095 804 1148 per
821 1079 910 1134 tantil-

107 1149 161 1204 lam
179 1161 305 1218 tempus,
331 1166 383 1218 quo
402 1151 524 1219 percurri
542 1149 633 1206 Oratio
651 1151 792 1206 Dominica
808 1158 909 1220 posset,

108 1222 196 1275 animo
216 1238 323 1276 sursum
337 1222 456 1290 eierato,
484 1222 681 1277 consideremus
699 1223 786 1276 Deum
810 1230 838 1276 et
854 1221 909 1274 Do·

108 1293 208 1346 minum
226 1301 350 1346 nostrum
376 1301 407 1346 ut
429 1301 600 1361 praesentem
624 1302 652 1349 et
676 1292 800 1360 quidnam
825 1293 910 1346 acturi

109 1363 191 1418 umus
209 1364 302 1417 intime
321 1365 534 1433 perspicientem,
554 1365 631 1432 eique
645 1364 737 1419 humili
755 1380 815 1418 oum
833 1372 910 1432 gestu

107 1435 288 1488 reverentiam
307 1435 488 1490 exhibeamus.

145 1509 303 1573 inpressas.
323 1506 428 1560 Deinde
447 1507 510 1560 viva
526 1505 587 1574 fide,
607 1522 638 1560 ac
656 1507 680 1560 si
695 1512 815 1573 apertum
828 1520 911 1572 supra

109 1591 156 1631 uos
174 1576 328 1632 videremus
348 1578 464 1646 coelum,
483 1578 510 1630 in
529 1593 615 1644 eoque
633 1577 735 1645 Deum,
755 1577 910 1643 quioculos

110 1647 136 1700 in
152 1663 204 1702 nos
216 1647 318 1701 habeat
330 1647 448 1714 defixos,
467 1649 596 1703 utvideat
605 1648 738 1716 quomodo
752 1648 834 1702 simus
850 1663 909 1701 ora-

109 1719 168 1786 turi,
185 1719 281 1773 intimo
301 1719 388 1774 cordis
408 1719 512 1788 affectu,
531 1721 666 1788 provoluti
683 1720 712 1772 in
729 1733 830 1786 genua,
855 1718 907 1772 nisi

107 1789 197 1856 aliqua
209 1790 626 1858 corporisinfirmitasimpediat,
646 1798 746 1858 quanta
763 1805 904 1857 possumus

107 1861 222 1915 maxima
240 1860 391 1930 devotione,
419 1862 560 1916 recitamus
579 1871 734 1916 consuetam
752 1860 906 1915 Orationem

104 1967 263 1980 -μ-η--ι-

119 2015 138 2068 ¹)
152 2017 263 2066 Quidquid
276 2019 328 2056 ante
342 2018 450 2057 orationis
464 2017 623 2056 horamanima
633 2019 710 2056 nostra
722 2017 854 2066 conceperit,
868 2027 905 2056 ne-

156 2094 218 2124 cesse
232 2088 274 2132 est,
290 2085 315 2124 ut
329 2083 444 2122 orantibus
457 2083 521 2122 nobis
535 2093 574 2132 per
587 2083 733 2132 ingestionem
746 2082 905 2122 recordatiouis

157 2149 271 2197 eceman
285 2149 429 2196 quamobrem
443 2149 518 2197 quales
534 2152 622 2202 orantes
636 2149 737 2186 volumus
756 2147 857 2196 inveniri,
871 2149 905 2186 ta·

154 2213 188 2253 iau
197 2225 238 2252 nos
248 2217 301 2254 aute
313 2215 421 2254 orationis
432 2217 518 2262 tempus
528 2224 659 2264 praeparare
668 2215 777 2256 debemus.
793 2213 906 2256 Cassianae

155 2281 225 2323 witot.
240 2279 260 2323 9.
275 2279 296 2324 3.

122 2341 141 2396 ²)
156 2346 198 2394 Qui
212 2345 379 2385 meditationem
392 2355 438 2383 non
453 2355 537 2383 summo
551 2355 621 2393 mane,
643 2345 681 2384 aed
696 2343 739 2384 aiio
753 2344 795 2384 diei
808 2348 907 2393 tempore

155 2411 261 2459 instituit,
276 2411 379 2450 obsecret
393 2411 435 2448 hoc
449 2410 469 2452 8.
483 2410 565 2458 Ignatii
579 2410 701 2450 monitum:
724 2407 821 2458 „statim
834 2412 859 2447 nt
872 2417 906 2447 re·

155 2478 264 2516 cordsbcr
278 2477 356 2516 adesse
370 2477 448 2515 horam
462 2477 559 2516 exercitii
582 2475 765 2527 (meditationis),
787 2470 907 2525 antequam

155 2543 242 2592 vadam,
257 2544 285 2582 ob
300 2543 375 2582 ocaios
390 2542 444 2581 mihi
458 2553 549 2590 ponam,
575 2553 619 2590 quo
640 2542 718 2580 radam
733 2544 754 2580 et
768 2551 842 2580 coram
854 2551 905 2592 quo,

155 2611 179 2648 et
192 2619 305 2648 mmmena
318 2608 432 2657 paululum
447 2609 582 2655 exercitium,
597 2608 655 2656 qnod
668 2608 767 2646 facturae
782 2617 836 2655 eum,
851 2606 905 2646 iiiud

156 2674 316 2722 auspicabor;“
332 2677 354 2712 et
368 2673 423 2712 illud
437 2673 551 2712 Directorii
565 2673 607 2712 111.
621 2670 646 2711 ii:
671 2671 775 2720 „Semper
790 2672 904 2720 aliquanto

156 2739 208 2776 nuta
217 2739 383 2778 meditationem
398 2738 463 2777 debat
480 2739 552 2779 omnia
565 2738 695 2786 reiinqncre,
710 2739 733 2776 et
746 2737 834 2776 omnino
843 2747 906 2776 suam

156 2804 312 2852 cogitationem
325 2806 455 2844 convertere
468 2805 496 2842 ad
509 2806 591 2852 puncta
599 2803 660 2842 iliius
669 2801 776 2848 exercitii,
791 2802 849 2849 quod
862 2803 907 2840 iam

159 2867 250 2914 instat,“
