2130 3242
320 193 352 234 De
366 191 507 234 decremento
521 193 677 235 Poenttentias.
859 191 899 234 411

93 292 205 361 solvere
222 291 330 360 nolunt,
358 292 410 348 nisi
428 308 488 346 eum
505 306 571 346 vera
589 272 779 348 conversionis*
789 295 896 349 certitu·

93 363 167 432 dine,
186 379 242 418 non
259 363 346 418 minus
364 365 592 432 perennemque,
614 378 694 431 quam
712 363 758 417 alii
775 363 896 434 laxitate,

92 435 174 503 quasi
200 434 289 490 claves
316 435 393 503 regni
420 435 556 490 coelorum
581 451 636 490 nen
663 434 698 488 ad
722 434 896 503 aperiendum

90 506 211 562 traditae
231 503 351 574 fuissent,
371 504 420 564 sed
437 505 568 561 duntaxat
586 506 621 560 ad
640 504 824 560 claudendum.

131 577 161 632 Si
180 576 209 630 id
227 577 262 633 sit
279 577 435 645 eiopboiter
448 577 632 646 probabilius,
657 576 776 644 nihilque
794 582 898 646 urgeat,

92 647 256 716 prudentius
275 654 324 716 est,
343 663 397 702 non
411 649 500 704 atatim
514 648 663 717 absolvere,
682 655 710 703 et
729 648 845 715 aliquam
858 648 898 702 in·

92 729 242 788 terponere
259 735 370 788 moram,
388 726 419 774 ut
436 726 547 790 creseat,
573 726 619 776 aut
637 720 732 774 melius
750 719 900 774 innoteseat

93 789 249 846 confitentis
268 789 416 858 dispositio.
454 791 482 846 Si
508 799 597 846 auum
623 791 712 858 aliqua
739 798 835 859 urgeat
852 805 900 844 ne·

94 863 219 930 cessitas,
237 861 265 915 in
285 863 392 930 muloti,
411 862 464 916 imo
484 864 564 917 etiam
583 861 725 930 aliquando
743 863 772 916 in
790 862 901 930 aequali

11 967 12 978 κ
96 933 285 988 conversionis
298 933 492 1000 probabilitate
516 935 657 1002 poenitens
685 933 789 988 absolvi
801 937 899 1001 potest,

41 1015 42 1018 ’
95 1005 152 1060 imo
172 1019 223 1073 pro
241 1004 373 1072 gravitate
387 1011 415 1059 et
427 1005 556 1059 instantia
568 1006 736 1060 necessitatis
753 1005 805 1059 rite
820 1005 899 1059 aesti-

97 1083 181 1143 mata,
196 1075 278 1129 debet.
302 1074 346 1129 Sic
367 1075 425 1130 dari
444 1082 535 1144 potest
555 1077 686 1132 absolutio
704 1077 738 1146 ei,
756 1076 799 1131 cui
816 1076 900 1130 immi·

99 1154 147 1202 net
165 1145 275 1213 aliquod
290 1147 438 1214 periculum
455 1148 549 1202 mortis
567 1148 732 1216 subitaneae,
756 1163 780 1206 e.
798 1163 824 1216 g.
842 1164 899 1202 mu·

97 1218 159 1274 lieri
178 1225 240 1272 ente
258 1224 365 1286 partum
382 1218 574 1287 periculosum3
592 1220 657 1274 item
675 1221 707 1289 ei,
727 1220 773 1286 qui
790 1218 899 1288 longum

98 1289 152 1344 iter
170 1287 285 1344 coniecit
303 1287 339 1343 ad
352 1287 538 1358 confitendum,
556 1305 606 1344 nec
619 1297 716 1358 postea
730 1289 765 1344 ad
777 1289 901 1344 eumdem

101 1359 294 1416 confessarium
310 1361 409 1414 reverti
423 1367 521 1430 potest,
540 1360 631 1430 selei,
650 1362 704 1430 qui,
723 1360 786 1415 dum
798 1361 900 1416 haben·

101 1437 146 1486 tur
164 1431 293 1486 exercitia
310 1431 467 1501 spiritualia,
486 1431 530 1486 vel
545 1432 645 1502 missio,
665 1432 767 1486 accedit
785 1431 820 1486 ad
839 1449 900 1487 eon·

101 1501 245 1558 fossarium
261 1502 337 1556 brevi
351 1502 542 1571 discessurum
562 1504 628 1556 item
641 1504 674 1571 ei,
700 1504 746 1572 qui
759 1501 901 1557 confitetur

103 1574 225 1628 omnibus
246 1573 281 1627 ad
293 1574 492 1628 Matrimonium
505 1575 623 1642 paratis3
641 1574 704 1628 huie
718 1573 795 1642 enim,
814 1573 837 1627 si
851 1590 900 1627 nu·

102 1646 174 1714 ptias
193 1643 300 1698 differre
318 1646 405 1713 possit
422 1651 469 1700 aut
486 1645 559 1714 velit,
583 1644 720 1699 suadenda
739 1650 781 1698 est
799 1643 900 1713 disto,

105 1715 190 1771 donee
208 1716 302 1770 melius
321 1732 350 1771 se
369 1717 482 1784 habeat;
508 1717 531 1772 si
551 1723 639 1770 autem
657 1716 765 1784 nuptias
793 1713 901 1768 differre

104 1787 275 1856 nonnosus,
303 1796 350 1842 aut
367 1788 447 1856 nolit,
472 1793 519 1842 aut
537 1788 560 1842 si
579 1787 670 1842 dilatio
695 1787 762 1840 nihil
778 1784 902 1840 rideatur

103 1857 259 1928 protutura,
287 1873 347 1912 eum
374 1858 444 1914 adsit
471 1859 595 1926 utrinque
621 1859 768 1926 perieulum
797 1857 902 1925 peccati

104 1929 237 1997 mortalis,
265 1929 369 1984 absolvi
392 1945 473 1998 posse
497 1929 605 1984 videtur
632 1931 711 1984 etiam
726 1929 768 1983 sin
792 1929 903 1997 aequali

100 2001 302 2069 probabilitate.
339 2001 368 2056 Si
393 2007 482 2056 autem
495 2001 666 2069 probcbrlios
691 2002 738 2068 sit,
769 2014 830 2054 eum
847 2015 902 2054 non

106 2086 166 2128 esse
183 2072 338 2141 contritum,
366 2072 469 2128 absolvi
486 2073 593 2142 nequit,
620 2073 683 2140 quia
695 2072 901 2144 ‚Sacramentum

106 2141 284 2198 administrari
304 2144 404 2212 nequit,
425 2144 470 2198 ubi
484 2142 581 2198 desunt
594 2144 758 2198 conditiones
773 2142 900 2197 esseutia-

104 2213 151 2268 les.
183 2213 327 2282 Nunquam
344 2221 434 2268 tamen
452 2213 630 2270 confessarius
649 2214 755 2268 abiiciat
773 2212 900 2268 confiten-

105 2291 157 2339 tem
175 2285 247 2339 omni
265 2301 313 2354 spe
332 2284 495 2354 destitutum,
512 2300 562 2339 nec
580 2285 669 2340 verbis
688 2285 791 2353 asperis
811 2283 901 2353 depel-

106 2355 150 2425 lat,
169 2356 217 2410 sed
227 2355 366 2411 induratos
381 2357 500 2411 emollire
510 2357 612 2411 enimes
621 2357 743 2425 tentabit,
759 2354 902 2410 nonmodo

107 2428 249 2551 propositis
276 2428 440 2496 gravissimis
471 2428 686 2496 impoenitentiae
714 2427 824 2496 poenis,
854 2425 902 2481 sed

119 2498 170 2554 usis
189 2500 269 2553 etiam
286 2499 411 2568 precibus
438 2514 488 2568 pro
514 2498 644 2553 eiusmodi
668 2498 819 2552 hominibus
837 2511 902 2552 vere

107 2567 283 2638 deplorandis,
302 2586 336 2624 ne
353 2570 381 2624 in
399 2571 476 2639 peius
490 2577 569 2625 ruant
587 2576 615 2624 et
627 2570 655 2623 in
668 2570 771 2638 laqueis
790 2575 900 2624 satanae

106 2657 214 2710 prorsus
232 2648 352 2710 pereant.
374 2643 407 2696 In
423 2641 545 2710 proximo
564 2649 653 2696 autem
669 2642 762 2696 mortis
780 2639 899 2708 periendo

106 2728 238 2780 nunquam
252 2711 409 2782 deneganda
422 2720 463 2768 est
477 2712 618 2782 absolutio,
635 2713 687 2768 nisi
700 2711 779 2780 plane
796 2717 901 2765 constet

105 2784 284 2854 poenitentem
301 2800 355 2840 non
373 2799 433 2840 esse
452 2783 618 2853 dispositum.

140 2855 251 2924 Quoties
277 2854 310 2910 de
335 2854 484 2910 confitentis
509 2856 657 2924 capacitate
681 2853 738 2910 sire
769 2851 898 2920 dignitate
