2124 3230
176 181 218 226 352
345 165 377 223 Iis
391 183 540 223 celebratione
553 181 589 225 SE.
604 181 685 222 Missae
699 182 807 224 eaoriiioii.

195 291 228 344 v.
255 291 294 343 be
314 255 396 342 biiaei
415 286 568 340 Pontiiicaii
590 287 715 350 eciemoi,
735 299 789 340 uon
810 286 964 354 praesente

439 370 490 426 88.
517 371 712 426 sacramento.

177 473 233 521 Quia
243 475 289 513 tum
298 473 321 512 in
331 470 494 511 visitationibus
508 469 670 518 parochiarum,
685 470 731 507 tum
741 469 764 508 in
773 469 913 508 ecclesiarum
924 479 980 509 con·

177 538 339 580 sacrationibus
353 536 445 584 aliisque
454 535 606 574 occasionibus
614 534 734 582 Episcopus
745 535 783 572 aut
793 533 912 573 solemnem
920 535 976 574 biis·

177 617 224 646 sam
239 605 341 651 celebrat,
356 605 395 642 ant
409 601 500 640 solemni
514 601 595 640 Missae
610 600 702 648 assistit,
717 611 768 638 raro
779 601 852 639 arriem
862 601 976 642 habentur

176 671 235 720 iibri,
250 671 286 720 qni
298 669 353 709 soltn
364 669 488 707 necessaria
497 667 644 716 suppeditant,
658 667 693 705 bio
708 677 735 705 ox
750 667 983 724 Poniiflrnir'iiomoao,

178 735 329 776 caeremonias·
343 733 492 784 Episcoporum
506 733 528 770 et
548 731 569 771 S.
583 733 609 770 R.
625 732 647 776 0.
661 732 753 771 decretis
768 733 870 782 subiicio‚
885 743 944 782 quac
957 735 982 776 in

329 799 411 838 talibus
425 797 576 837 occasionibus
590 797 709 837 desiderari
722 801 821 846 possunt,

215 875 258 930 Ad
276 880 381 945 portam
395 875 548 942 primariam
567 874 695 928 ecclesiae
707 875 843 943 Episcopo
863 877 981 946 porrigi-

176 953 221 1002 tur
229 946 408 1015 aspersorium
418 945 706 1014 adignioreecclesiae‚
718 947 820 1001 etiamsi
830 948 982 1004 associatus

177 1017 301 1073 essetab
320 1033 372 1070 uno
390 1017 435 1070 rel
454 1016 575 1084 pluribus
594 1016 735 1072 Canonicis
763 1033 828 1072 suae
848 1018 980 1076 ecclesiae

176 1088 345 1144 cathedralis.
384 1087 424 1154 (S.
443 1087 478 1141 B.
499 1087 528 1142 C.
546 1091 591 1142 23.
610 1087 682 1156 Sept.
700 1091 780 1142 1820.
803 1096 830 1143 et
848 1093 891 1143 10.
910 1091 977 1145 Joa.

175 1163 266 1226 1852.)
313 1159 426 1228 Dignior
450 1159 494 1212 iile
523 1158 651 1212 ecclesiae
679 1175 734 1213 non
760 1167 856 1226 portat,
878 1162 976 1216 stolam

177 1230 216 1298 (S.
231 1231 266 1286 R.
281 1229 309 1285 Ο.
327 1233 369 1284 16.
389 1230 602 1298 Aoniis1853.)
621 1244 708 1296 neque
722 1230 851 1300 biretnm3
870 1233 976 1286 oscuia-

174 1309 220 1357 tur
238 1301 416 1370 aspersorium
435 1308 462 1355 et
480 1317 573 1356 manus
587 1301 725 1369 Episcopi.
757 1302 856 1369 Episoo
877 1319 910 1358 us
929 1304 975 1358 de·

174 1379 246 1429 tecto
265 1373 352 1442 capite
372 1372 490 1440 aspergit
507 1373 593 1439 primo
609 1373 734 1441 seipsum,
753 1319 974 1428 deindeiircnm·

175 1451 290 1513 stantes;
310 1443 413 1514 dignior
427 1442 555 1497 ecciesiae
573 1444 722 1497 naviculam
736 1444 815 1498 offert
826 1445 974 1517 Episcopo,

175 1516 221 1583 qui
239 1516 375 1570 incensum
392 1514 511 1582 imponit,
531 1521 558 1568 et
576 1515 665 1569 statim
684 1521 757 1570 stans
782 1523 910 1584 cooperto
931 1533 975 1571 ca·

174 1587 230 1658 pite
248 1588 400 1641 incensatur
418 1601 435 1638 a
453 1584 572 1653 digniore
592 1586 728 1640 ecclesiae.

210 1657 315 1713 Deinde
329 1655 477 1726 procedunt
491 1655 525 1710 ad
540 1657 623 1710 altare
644 1656 691 1711 SS.
707 1655 879 1726 sacramenti,
889 1658 909 1727 ¹)
929 1659 975 1712 nbi

177 1729 334 1800 genuflexus
349 1743 431 1798 super
442 1727 560 1800 pulvino,
574 1733 620 1783 aut
633 1727 816 1796 genuflexorio
831 1729 869 1782 ibi
879 1737 976 1798 parato

175 1802 275 1870 orabit3
301 1800 428 1855 sedante
455 1799 551 1853 dictam
574 1797 788 1867 genuflexionem
812 1800 975 1868 genuflectet

174 1873 249 1941 prius
263 1873 291 1925 in
304 1872 385 1940 plano
399 1871 456 1925 solo
471 1870 572 1939 absque
586 1870 704 1939 pulvino,
724 1879 751 1924 et
764 1871 893 1940 similiter,
913 1888 974 1926 cum

174 1943 291 1998 voluerit
309 1941 446 1997 discedere
472 1941 505 1994 ab
525 1942 645 1995 oratione
669 1941 704 1996 ob
727 1944 905 1997 reverentiam
926 1942 974 1999 SS.

176 2013 303 2082 Corporis
318 2013 424 2068 Christi.
457 2011 515 2080 Quo
530 2011 600 2066 iacto
614 2013 663 2066 ibit
682 2019 757 2066 recta
770 2013 804 2066 ad
818 2015 976 2084 sacristiam,

174 2084 271 2139 velud
296 2085 377 2138 alium
402 2085 491 2138 locum
515 2091 705 2152 praeparatum
731 2085 802 2138 intra
826 2086 974 2154 ecclesiam,

174 2155 315 2210 induturus
340 2162 496 2224 paramenta
514 2153 688 2209 Pontificalia.
728 2155 860 2222 (Goerem.
879 2157 974 2224 Epioe.

174 2226 261 2283 Lis.
281 2230 305 2280 5.
326 2229 363 2294 7.)
402 2225 454 2281 Ubi
473 2225 608 2294 dissonui,
636 2225 814 2282 subdiaconus
834 2233 861 2281 et
878 2226 975 2294 reliqui
1052 2265 1053 2286 ,

175 2304 345 2366 sumpersunt
363 2304 520 2366 paramenta
535 2297 641 2364 dempto
659 2297 803 2366 manipulo,
824 2305 851 2352 et
868 2299 897 2351 in
911 2313 974 2351 enn-
1052 2295 1053 2310 ¹

176 2368 236 2422 dem
250 2369 336 2422 iocum
351 2383 410 2422 cum
424 2369 581 2422 reverentiis
596 2368 674 2422 altari
688 2376 715 2423 et
724 2369 860 2436 Episcopo
875 2369 973 2424 debitis

174 2439 288 2508 ingressi
307 2446 376 2508 sunt,
395 2437 574 2494 subdiaconus
588 2439 667 2494 affert
685 2456 720 2494 ex
739 2439 875 2494 credentia
893 2454 977 2510 super

189 2593 209 2647 ¹)
224 2596 305 2644 Quodsi
320 2595 387 2634 tuerit
400 2594 599 2644 Arcbiepiscopne,
620 2595 653 2634 rei
673 2596 730 2636 aiius
751 2599 816 2635 niens
830 2607 903 2644 cruce,
926 2595 976 2646 ipsa

228 2671 281 2700 crux
295 2661 419 2700 immediate
433 2663 484 2700 ente
498 2659 693 2710 Ambiopiscopum
712 2672 752 2710 per
770 2661 865 2710 ediquem
879 2659 974 2710 capella·

227 2736 280 2764 nnm
294 2725 416 2774 deiceretur,
440 2726 536 2774 imagine
557 2727 653 2766 crncifixi
673 2727 700 2766 ad
714 2727 909 2776 Arcbiepiecopnnr
922 2735 972 2765 con-

227 2802 298 2839 versa,
312 2793 369 2831 inter
378 2802 444 2840 quarn
453 2794 475 2830 et
486 2792 677 2841 archiepiscopum
690 2793 764 2832 natine
774 2793 862 2832 omnino
871 2792 973 2841 interim

229 2856 263 2895 eei
277 2856 335 2894 enim
348 2856 434 2903 insigne
447 2855 524 2904 ipsius.
552 2855 652 2905 (caerem.
666 2859 736 2908 Epiro.
750 2859 768 2902 I.
780 2857 811 2900 16.
824 2857 858 2906 2.)
