2128 3228
156 177 196 221 786
311 181 343 222 De
357 181 488 230 quibusdam
502 181 551 220 aliis
566 179 704 220 sacerdotnm
718 179 803 248 omelia.

49 287 51 292 ’
92 295 95 302 ’
157 283 277 351 aspersio
296 297 370 336 more
390 283 477 351 solito,
496 289 558 350 post
576 297 655 350 qnam
669 282 770 350 primns
783 282 898 354 clericus
915 296 980 335 re·-

156 355 233 422 ponit
245 353 356 408 Missale
374 369 457 421 super
473 354 546 422 legili
559 354 586 406 in
601 369 683 408 cornu
696 353 835 426 Epistolae
855 352 962 407 altaris.

159 425 185 494 6)
204 425 313 479 Tertius
338 425 450 479 clericus
475 425 571 492 accipit
590 434 605 478 e
624 424 760 478 credentia
783 424 962 492 manipulum,

159 503 187 550 et
198 493 278 550 illum
297 502 372 563 aptat
386 497 414 548 in
427 495 537 550 brachio
551 495 659 550 sinistro
678 496 845 549 celebrantis.
866 496 893 563 7)
909 494 962 549 Oe·

160 567 268 621 lebrans
277 565 380 620 medius
388 567 459 620 inter
472 567 590 634 clericos,
607 566 684 636 [utin
693 581 803 621 numero
812 565 850 636 4.]
865 581 962 620 aecem

158 637 197 692 dit
215 639 315 704 altare,
343 653 374 691 ac
402 637 468 692 illud
486 639 622 692 osculatur
639 639 667 691 in
685 637 790 705 medi03
814 636 913 691 deinde
931 637 962 691 in

159 725 243 763 cornu
260 709 414 778 Epistulae,
445 710 500 764 alta
517 717 545 763 et
563 709 668 777 aequali
686 724 752 763 voce
771 708 863 777 incipit
881 709 961 762 Anti·

158 781 275 850 phonam
295 781 431 834 Hcsaauo
449 785 505 848 etc,
526 796 605 846 quarn
624 793 683 833 cum
698 780 800 834 clericis
817 780 962 847 prosequi·

80 868 85 882 ·
160 858 212 908 tnr.
250 852 277 919 8)
296 851 376 905 Stans
393 851 491 904 ibidem
511 851 574 904 dicit
592 851 713 906 manibus
731 851 842 905 iunctis:
862 851 962 905 Domi·

158 938 211 976 aue
228 922 370 989 uouemus,
398 930 426 976 et
451 922 547 976 deinde
573 921 740 976 Orationem:
768 922 852 990 Deus,
880 939 962 990 quan

159 994 271 1063 delicere
288 999 333 1048 etc.
373 993 399 1061 9)
419 993 560 1061 Subiungit
577 993 741 1060 Lectionem‚
768 1001 795 1046 et
817 1000 880 1060 post
899 1009 962 1047 eam

159 1064 222 1118 dicit
249 1081 309 1117 cum
333 1064 436 1119 clericis
459 1065 684 1132 Responsorium:
716 1063 884 1133 Gcllepernat
912 1069 961 1119 etc.

161 1137 197 1189 Ic
214 1139 303 1188 monte
322 1134 419 1189 oliveti
436 1141 483 1192 ete.
520 1135 563 1202 10)
589 1136 741 1189 Praemisso
768 1134 863 1190 eodem
881 1135 959 1190 loco:

158 1205 269 1260 Munda
287 1221 333 1259 cor
350 1221 445 1274 meum,
464 1207 529 1274 legit
542 1207 756 1274 Evangelium,¹)
780 1215 807 1260 et
821 1206 961 1260 osculatur
1052 1205 1053 1254 i

157 1283 260 1331 textum
278 1277 305 1329 in
323 1275 390 1345 fine,
418 1287 446 1332 et
463 1276 632 1345 postmodum
658 1277 768 1345 deponit
785 1277 960 1346 manipulum.

160 1348 202 1417 11)
221 1347 325 1402 Deinde
345 1347 422 1403 dicit:
440 1349 576 1403 Dominus
592 1349 736 1416 uobreeam,
754 1347 912 1403 Orationem
932 1355 960 1403 et
1052 1389 1053 1402 ,

159 1419 355 1474 Praefationem
373 1427 468 1475 tenens
487 1435 592 1488 semper
609 1435 703 1474 manns
723 1421 835 1485 iunctas,
853 1427 912 1474 tam
926 1419 961 1474 ad

158 1490 235 1559 haec,
254 1505 334 1559 qnam
352 1489 387 1544 ad
404 1492 597 1559 subsequentes
616 1490 766 1545 Orationes.
799 1491 843 1560 12)
862 1491 960 1544 Olerici
1052 1509 1053 1516 ³

87 1589 89 1594 ·
161 1560 264 1616 dicunt:
285 1561 409 1630 Sanctae,
428 1562 546 1618 Sanaos
564 1570 613 1616 etc.
651 1563 695 1631 13)
716 1561 861 1616 Oelebrans
879 1577 960 1631 prae·

160 1633 241 1688 misso
260 1634 395 1688 Dominus
411 1634 553 1699 uobiscum,
572 1633 708 1700 subiungit
725 1633 792 1688 alias
806 1629 958 1688 Orationes.

165 1705 207 1773 14)
228 1705 338 1759 Interim
361 1706 462 1772 primus
486 1704 598 1759 clericus
622 1705 698 1771 ponit
723 1705 810 1773 ignem
828 1703 856 1756 in
873 1704 960 1758 thuri·
1051 1737 1052 1746 1

161 1775 234 1845 bulo,
253 1784 280 1830 et
298 1776 394 1844 accipit
410 1775 567 1830 naviculam.
601 1775 644 1844 15)
662 1774 733 1828 Dnm
752 1775 847 1830 dicitur
866 1775 961 1843 quinta
1051 1793 1052 1812 ,

162 1846 263 1915 Oratio,
281 1847 376 1902 tertius
390 1847 509 1916 clericus,
527 1846 599 1900 facta
619 1845 805 1914 genuflexione
823 1847 903 1900 altari
918 1863 959 1901 ac-

161 1918 226 1986 cipit
248 1933 263 1972 e
282 1917 419 1972 credentia
435 1933 483 1973 vas
498 1931 584 1986 aquae
597 1917 762 1985 benedictae,
781 1923 809 1971 et
825 1931 881 1970 una
898 1933 959 1972 cnm
1050 1955 1051 1966 ,

160 1988 332 2043 thuriferario
351 1988 454 2044 accedit
471 1988 505 2043 ad
524 1989 710 2043 celebrantem.
748 1989 792 2058 16)
811 1987 960 2044 Oelebrans

160 2059 325 2114 ministrante
353 2060 468 2115 secundo
496 2060 601 2128 clerico,
631 2059 744 2128 imponit
768 2059 906 2114 incensum
931 2060 960 2114 in

159 2131 295 2186 thuribulo
314 2147 373 2185 cnm
391 2130 575 2186 benedictione
600 2137 627 2184 et
645 2130 751 2185 osculis.
791 2131 833 2200 17)
851 2130 959 2186 Deinde

158 2209 201 2257 ter
220 2203 339 2271 aspergit
355 2219 453 2272 ramos,
473 2201 563 2256 dicens
577 2201 709 2257 submissa
725 2216 806 2256 voce:
825 2202 962 2272 Aeperpea

160 2289 210 2341 me,
231 2280 277 2327 etc.
297 2275 354 2328 sine
372 2275 495 2341 Psalmo,
514 2289 546 2327 ac
564 2272 670 2327 demum
689 2272 797 2327 eosdem
814 2271 960 2328 thurificat.

160 2345 205 2414 18)
225 2344 370 2399 Oelebrans
389 2345 453 2400 dicit
470 2345 580 2398 iterum:
605 2345 742 2399 Dominus
759 2344 905 2412 vobtbeam,
933 2352 961 2400 et

160 2423 263 2470 sextam
282 2414 447 2474 Orationem*
464 2415 507 2484 19)
521 2415 627 2469 Primus
646 2416 757 2470 clericus
771 2414 883 2482 deponit
900 2415 961 2470 thn-

159 2487 288 2554 ribulum,
313 2493 341 2541 et
369 2489 464 2542 cenius
487 2485 558 2541 redit
576 2485 611 2540 ad
638 2487 771 2541 sinistram
789 2485 961 2542 celebrantis.

158 2559 203 2626 20)
222 2557 367 2612 Oelebrans
395 2559 492 2614 sedens
516 2571 667 2612 sermonem
690 2557 774 2611 habet
799 2557 962 2612 solemnitati

160 2643 313 2695 congruum.
482 2647 484 2654 ·

173 2749 194 2808 ¹)
208 2749 233 2790 ln
253 2749 404 2790 benedictione
424 2751 517 2792 solemni
540 2751 674 2802 palmarum,
700 2752 718 2791 sl
737 2752 860 2791 celebretur
878 2752 961 2800 absque

211 2803 304 2842 diacono
318 2804 340 2841 et
354 2803 487 2843 subdiacono
506 2805 628 2844 canendum
650 2807 683 2845 ast
697 2805 841 2854 evangelium
854 2805 878 2844 in
893 2815 961 2844 corna
1047 2839 1048 2846 ,

211 2855 328 2905 Epistolaa
358 2855 387 2902 (Β.
403 2857 428 2896 Β.
444 2856 667 2908 c.27.Apr.1697.)
