2152 3234
351 203 384 244 De
398 202 540 243 sacramento
553 202 694 245 bietrlmonil.
879 201 921 245 tet

120 307 232 377 quidam
245 307 376 362 immerito
391 305 492 376 opinati
507 311 576 372 sunt,
597 303 722 360 sacerdos
738 304 857 361 eiusdem
874 309 922 363 mi·

104 379 209 434 'nister
227 379 381 446 exsisterem
404 385 432 433 et
450 377 488 432 sic
505 391 569 445 pars
588 377 723 447 catholica
736 391 828 432 ansam
845 393 923 446 prae-

120 453 170 506 bet
187 450 259 518 parti
276 449 429 504 haereticae
438 448 555 502 violandi
569 447 737 503 sanctitatem
750 447 921 504 Sacramenti.

120 523 272 588 Utrumque
287 527 375 576 autem
390 527 417 575 et
430 520 549 574 illicitum
558 525 586 573 et
595 519 753 586 sacrilegum
762 533 833 586 esse,
844 535 922 576 nemo
986 577 987 582 χ

124 593 239 661 dubitat,
256 591 343 658 inquit
360 591 521 646 Benedictus
539 590 611 644 XIV.
631 589 664 644 dc
682 589 748 659 syo.
767 589 850 644 dioec.
867 591 886 645 i.
897 595 923 649 6.

120 681 183 789 off.
203 666 228 721 5.
246 679 318 716 acm.
333 666 358 721 3.
395 663 445 718 His
459 661 528 716 adde
537 661 662 730 periculo
671 662 861 730 persecutionis,
880 663 923 716 vel

122 753 136 791 s
164 742 218 790 tem
231 734 454 801 indifferentium,
464 733 508 787 vel
515 749 622 801 prauae
632 732 775 792 libcrmtcm
789 732 923 786 educatio

119 809 174 874 air,
201 805 376 858 dissidiorum
400 805 470 859 inter
493 804 613 858 membra
629 803 753 872 familiae,
783 802 855 871 quod
871 804 924 860 illis

123 877 281 944 coniugibus
294 876 328 930 ob
339 875 520 930 diversitatem
530 875 667 943 religionis
676 873 831 943 frequenter
839 875 923 930 immi·

119 954 178 1004 net.
215 947 337 1001 Periculo
354 946 463 1001 tandem
488 947 631 1014 exponitur
654 946 722 1013 tides
743 946 924 1016 Matrimonii,

122 1035 184 1075 cum
202 1035 266 1086 pare
283 1018 421 1072 haeretica
438 1033 472 1072 ex
490 1018 578 1073 causis
596 1017 688 1084 utique
705 1017 847 1072 levissimis
865 1017 923 1072 Ma·

120 1089 241 1146 trimonii
259 1089 392 1143 vinculum
410 1090 515 1145 solvere
535 1096 563 1143 et
581 1088 615 1143 ad
629 1089 695 1144 alins
712 1087 820 1158 nuptias
838 1095 924 1145 bans·

120 1163 163 1216 ite
188 1159 282 1229 possit.
319 1160 384 1230 lmo,
409 1161 432 1214 si
456 1160 509 1215 tale
537 1160 684 1229 periculum
711 1175 808 1229 reapse
835 1161 924 1216 locum

121 1233 231 1302 habeat,
250 1231 369 1286 illicitum
389 1237 430 1286 est
446 1232 501 1286 tole
515 1231 714 1285 Matrimonium
723 1231 782 1300 ipso
800 1232 858 1286 iure
876 1249 924 1286 na·-

120 1304 217 1372 turali3
245 1303 268 1358 si
291 1318 356 1356 vero
382 1301 448 1356 illud
465 1301 571 1356 minime
595 1301 741 1356 timendum
759 1303 794 1358 sit
814 1303 842 1356 in
861 1319 925 1358 casu

121 1373 239 1443 quodam
262 1373 431 1442 particulari,
459 1372 546 1427 adhuc
572 1373 735 1441 prohibitum
758 1373 849 1428 manet
872 1375 924 1429 hoc

120 1445 274 1514 coniugium
291 1446 351 1514 lege
371 1445 552 1499 ecclesiastica
576 1459 593 1498 a
611 1443 735 1498 (lenciliis
761 1451 788 1498 et
807 1444 921 1502 Summis
963 1463 965 1468 ’

123 1515 297 1572 Pontificibus
312 1516 376 1584 lata,
403 1516 460 1571 sine
480 1516 554 1570 cuius
572 1514 650 1583 proin
667 1515 833 1569 relaxatione
851 1516 924 1570 licite

121 1587 185 1642 iniri
202 1603 256 1642 non
273 1594 377 1655 potest;
404 1603 459 1641 non
482 1587 552 1641 enim
575 1585 620 1640 lex
645 1585 777 1653 generalis
803 1585 922 1654 obligare

121 1658 229 1728 desinit,
243 1659 310 1718 ¹licet
327 1658 356 1712 in
373 1673 426 1713 uno
446 1658 565 1712 alterove
589 1671 654 1711 casu
678 1663 768 1711 cesset
792 1656 849 1710 eius
867 1673 924 1712 mo·

120 1729 216 1784 tivum.

160 1801 228 1854 Cum
245 1800 289 1854 hic
307 1805 402 1868 agatur
422 1798 455 1853 de
473 1797 619 1852 universali
637 1797 720 1852 totius
737 1797 866 1851 ecclesiae
885 1795 926 1852 di·

122 1871 237 1941 sciplina
251 1871 363 1940 selega,
378 1871 508 1938 sequitur,
522 1885 652 1924 summum
665 1869 852 1938 legislatorem,
866 1868 884 1922 i.
899 1883 924 1925 e.

123 1943 211 1998 solum
238 1942 387 1996 Romanum
413 1941 569 1996 Pontificem
597 1941 630 1994 ab
661 1939 707 1994 illo
734 1939 923 2008 impedimento

122 2013 285 2083 prohibente
304 2013 460 2080 dispensare
479 2026 575 2080 posse,
602 2011 716 2066 exclusis
734 2011 841 2065 omnino
859 2011 925 2080 Epi·

123 2085 223 2154 scopis‚
248 2084 300 2138 nisi
319 2099 335 2138 a
353 2099 456 2140 summo
475 2081 605 2139 Pontifice
623 2081 796 2151 dispensandi
813 2081 924 2137 iaculte·

121 2163 177 2211 tem
197 2155 367 2210 obtinuerint.

158 2227 213 2283 Ubi
229 2241 325 2297 praece
343 2226 376 2280 ob
397 2226 520 2295 caucam)
550 2224 706 2294 Apostolica
730 2223 815 2279 Sedes
832 2224 924 2280 huius·

127 2317 288 2330 -

136 2351 161 2405 ¹)
178 2352 208 2392 Ut
222 2363 302 2392 musae
316 2355 351 2392 sat
366 2363 444 2402 graves
458 2352 510 2400 sint,
525 2361 552 2390 ex
566 2354 639 2409 mente
654 2349 675 2390 S.
687 2349 748 2390 Sedis
757 2350 812 2390 tales
826 2360 874 2390 esse
888 2349 925 2390 do·

177 2419 242 2468 bont,
268 2429 324 2468 quoe
338 2419 366 2458 od
378 2419 485 2469 poblicum
497 2419 564 2468 mepta
578 2419 652 2458 booten
666 2418 785 2459 conducant.
812 2415 926 2455 lliusmodl
988 2413 989 2418 ’

178 2485 252 2524 iurent
272 2483 294 2535 a)
309 2485 329 2524 si
342 2485 444 2534 princeps
459 2483 596 2523 acatholicus
616 2482 719 2522 exhibitis
734 2481 871 2520 contionibus
885 2479 925 2542 dn-

179 2559 229 2588 cere
243 2549 297 2588 velit
311 2549 448 2597 catholicam,
467 2548 561 2596 indeque
582 2557 663 2595 magna
677 2545 798 2586 catholicae
811 2544 925 2592 reilgioni·

178 2613 294 2653 commoda
309 2614 382 2653 rorent
397 2614 519 2663 sperande;
543 2613 568 2659 b)
582 2611 601 2651 sl
615 2621 665 2659 spes
679 2611 800 2661 probabilis
814 2610 881 2659 adsit,
900 2611 926 2648 nt

178 2679 264 2719 icmllln
277 2679 400 2719 acatholica
416 2679 444 2718 ad
458 2679 522 2718 fidem
536 2688 612 2717 vorem
626 2677 742 2725 inclinans,
757 2685 797 2724 per
811 2675 925 2714 lintrtrno·
992 2666 997 2677 '

178 2747 240 2784 nium
252 2745 346 2784 mixtum
361 2745 389 2785 ad
403 2745 517 2785 ecclesiam
531 2746 668 2793 revertatnr;
688 2743 709 2794 o)
725 2743 743 2782 si
757 2741 926 2781 Matrimonium

179 2813 274 2852 mixtum
289 2813 376 2851 unicum
392 2812 420 2852 sit
435 2811 560 2860 remedium,
575 2813 599 2850 ut
612 2810 677 2849 liberi
690 2810 735 2848 iam
749 2819 776 2847 ex
790 2807 834 2847 alio
849 2807 926 2847 histri·

177 2877 253 2918 monio
272 2877 341 2917 mixto
360 2877 488 2927 procreati,
509 2876 533 2917 ln
546 2875 654 2926 religione
667 2874 779 2916 catholica
793 2873 924 2922 educentem
