2138 3226
154 134 195 178 lat
408 134 466 176 ordo
479 135 539 174 ultae
551 133 700 176 sacerdotalis.

154 238 200 293 ael
216 253 270 292 uno
288 237 417 304 temporis
435 242 543 304 puncto,
562 241 680 291 vestram
697 233 842 303 periclitari
867 241 956 290 aeter·

154 310 265 364 nitatem
283 308 376 375 sinite3
402 307 450 362 sed
475 307 570 361 exinde
596 306 631 360 ad
648 307 797 376 periurium
815 306 956 362 vitandum

155 381 288 436 cautiores
307 387 334 434 et
353 379 497 434 alacriores
521 394 570 433 vos
595 378 741 446 praebete3
767 383 795 432 et
820 378 866 446 sic,
890 379 953 434 Deo

155 451 307 518 adiurante,
326 465 360 504 ex
378 451 447 504 malo
467 456 594 518 exsurget
616 451 725 506 bonum.
761 448 876 516 „Nullus
902 450 956 506 sibi

155 524 277 578 conscius
294 522 414 576 mortalis
432 522 545 590 peccati,
563 521 733 588 quantumvis
752 520 804 574 sibi
822 520 955 576 contritus

154 594 285 662 rideatur,
304 593 405 661 absque
420 593 605 648 sacramentali
615 591 789 646 confessione
802 591 837 644 'ad
847 607 953 646 sacram

153 665 351 720 Eucharistiam
370 663 496 718 accedere
516 664 603 718 debet
641 662 784 730 Quod...
810 662 891 716 etiam
919 663 954 718 ab

153 737 187 792 iis
206 735 397 802 sacerdotibus,
417 735 513 802 quibus
537 749 572 788 ex
599 733 684 789 officio
716 733 866 788 incubuerit
884 734 955 788 cele«

154 808 242 875 brace,
267 807 335 860 baec
361 814 455 860 sancta
480 805 602 875 Synodus
627 809 758 874 perpetuo
791 805 955 860 servandum

156 893 215 933 esse
235 877 362 941 decrevit,
380 876 459 932 modo
474 893 528 930 non
547 876 616 931 desit
624 877 677 931 illis
687 877 765 944 copia
774 875 953 933 confessoris:

155 947 252 1016 quodsi
268 948 427 1002 necessitate
445 955 558 1016 urgente
576 947 702 1003 sacerdos
721 948 821 1014 absque
839 948 954 1015 praevia
1023 946 1028 956 “

156 1019 329 1074 confessione
348 1019 531 1088 celebraverit,
551 1021 750 1087 qaampaamaaa
763 1017 950 1078 confiteatur.“

156 1090 248 1158 (Coae.
265 1089 340 1144 Trid.
354 1089 425 1146 Sese.
443 1094 485 1144 13.
499 1090 537 1144 'de
554 1091 642 1144 Erech.
661 1106 720 1158 cup.
741 1091 779 1158 7.)
798 1089 848 1142 Illa
859 1097 949 1144 autern

154 1160 287 1230 particula
304 1163 501 1230 quamprimum
518 1177 573 1215 non
589 1161 747 1229 intelligitur
765 1177 846 1228 quum
860 1176 950 1216 sacer-

155 1231 204 1288 dos
229 1248 279 1286 aaa
302 1238 418 1300 tempora
445 1227 621 1288 confitebitur.
669 1231 760 1300 (donc.
783 1247 864 1300 praa.
894 1231 950 1286 Gal.

150 1319 217 1373 paq.
235 1305 307 1370 112.)
344 1304 407 1358 Non
424 1311 548 1358 censetur
573 1303 668 1358 deesse
687 1305 766 1372 copta
784 1304 952 1370 coafeasara'q

155 1375 179 1430 si
197 1375 267 1429 absit
283 1375 316 1444 is,
334 1376 377 1429 cui
395 1375 466 1430 soles
485 1381 532 1429 aut
549 1375 624 1444 cupis
635 1373 763 1443 confiteri,
782 1374 827 1428 vel
844 1375 888 1428 cui
906 1374 952 1428 de·

155 1447 244 1501 votius
261 1453 309 1500 aut
325 1447 416 1501 utilius
436 1445 584 1514 confiteris3
612 1446 659 1501 sed
678 1445 759 1500 debet
774 1446 870 1500 abesse
894 1447 952 1513 qui-

151 1517 221 1572 libet
239 1517 411 1586 approbatus.
419 1518 439 1588 1)
467 1547 501 1558 -
527 1518 558 1571 In
575 1517 768 1572 tentationibus
785 1515 953 1584 frequentius

152 1595 186 1644 et
203 1590 387 1644 vehementius
411 1589 488 1644 vobis
512 1588 690 1656 undequaque
716 1603 797 1656 quam
819 1588 896 1642 laicis
914 1589 954 1642 in·

150 1661 319 1730 gruentibus,
339 1660 373 1714 ad
381 1661 477 1729 Deum,
492 1660 526 1714 ad
536 1661 657 1730 Mariam,
677 1658 955 1727 adpiamorationens

155 1747 235 1799 quam
253 1733 379 1787 citissime
397 1731 546 1800 confingite3
572 1732 647 1785 cuius
676 1731 803 1786 orationis
822 1729 955 1797 quaedam

154 1801 292 1872 formulae,
319 1810 351 1857 nt
376 1804 410 1858 sit
434 1819 499 1858 usus
526 1803 675 1871 promptior
700 1809 728 1856 et
751 1800 863 1870 facilior,
893 1808 955 1857 sunt

152 1875 261 1998 fflfis'
278 1881 306 1928 et
320 1873 426 1999 (ὲυίἳῖνηί
436 1874 516 1929 altius
526 1871 881 1999 memor'itaeelrkgmandangae
891 1889 918 1955 a.
928 1889 955 1941 g·

248 1961 371 1998 cauca
425 1961 618 2000 tuameuma
857 1959 947 1998 omaus

101 2055 109 2076 .
151 2014 232 2070 satan
248 2031 306 2084 aas,
319 2017 443 2083 parimas
461 2057 468 2070 .
484 2056 490 2070 .
505 2055 535 2071 ..
555 2017 693 2086 Quomodo
708 2031 821 2084 possam
833 2015 883 2069 boc
897 1985 955 2069 aaa3

153 2087 211 2140 laun
231 2087 329 2153 facere,
355 2092 381 2140 at
398 2103 513 2155 paccare
534 2089 566 2140 a'ra
590 2088 680 2141 Dawm
697 2085 810 2140 meam?
828 2127 834 2140 .
850 2127 857 2140 .
873 2127 879 2140 .
898 2127 904 2140 .
924 2085 958 2141 st

152 2157 234 2211 moda
252 2159 400 2212 moritum
417 2174 506 2226 esem,
534 2175 571 2211 aaa
593 2159 643 2212 boe
665 2155 807 2225 facerem?
823 2157 861 2211 Et
884 2157 954 2211 aliae

153 2229 223 2282 bene
241 2228 349 2296 multae,
376 2245 443 2296 quas
462 2245 543 2298 saepe
560 2229 704 2296 unicuique
722 2229 807 2296 magis
827 2227 956 2283 affectuo-

155 2315 200 2356 sas
210 2299 324 2368 Spiritus
333 2300 386 2354 Dei
402 2300 631 2369 intimesuggerit.
650 2300 692 2354 De
702 2299 832 2356 Passione
847 2299 956 2369 aaran

155 2370 191 2425 de
206 2377 301 2439 morte,
321 2370 354 2426 de
371 2371 478 2440 iudicio,
498 2372 531 2426 de
550 2371 663 2441 bienno,
682 2371 717 2426 de
735 2370 862 2440 paradiso
881 2370 954 2438 cogi·

154 2449 226 2496 tate:
246 2443 400 2496 Memorare
416 2444 564 2497 aoosseima
581 2449 638 2511 tau,
658 2448 683 2496 et
701 2444 732 2496 iat
750 2447 957 2496 addemnatos

150 2513 283 2583 peccabis.
304 2514 402 2581 (Eccli.
422 2516 459 2581 7.)
497 2514 744 2582 (trancatellas,
763 2529 842 2581 quam
861 2511 957 2568 efficax
1062 2531 1065 2548 1

153 2583 302 2639 remedium
321 2585 356 2638 ad
372 2586 535 2640 tentationes
553 2585 728 2654 superandas,
747 2583 821 2652 quod
829 2584 863 2638 ab
883 2585 956 2652 ipso·
1062 2591 1063 2596 ’

154 2663 210 2710 met
233 2655 335 2724 Spiritu
359 2664 451 2713 sancto
469 2657 661 2726 praescribitur
686 2663 713 2712 et
738 2654 958 2712 commendaturi

179 2813 201 2865 ¹)
215 2815 260 2858 dn.
274 2815 356 2856 manat.
370 2815 531 2856 Putaralblstt
543 2823 565 2854 a.
579 2810 638 2854 lats.
652 2823 712 2856 num.
726 2811 748 2858 9.
763 2812 823 2865 (pag.
835 2809 880 2865 99.)
