2138 3226
359 177 416 220 Ordo
429 179 488 220 vitae
502 180 653 221 sacerdotalis.
867 179 907 223 1es

14 219 17 314 ,
108 279 144 334 tia
160 279 241 334 nimis
268 277 407 334 edoctum:
436 281 535 335 Vinum
560 286 585 336 et
606 281 730 335 mulieres
753 287 908 350 apostolom

105 351 213 416 sonent
231 352 375 419 sopientes.
396 351 486 422 (Eccli.
507 352 559 423 19.)
578 353 723 406 Mulierum
741 354 854 408 societas
873 370 906 410 eo

107 422 293 492 periculosior,
319 422 391 489 quod
418 439 435 477 a
458 423 539 478 rebus
565 431 593 479 et
611 423 791 479 iuncdonibus
810 423 906 482 diunis

107 494 268 563 sapientium
293 493 375 548 eorda
392 509 474 562 saepe
499 496 597 550 sensim
623 501 755 564 avertunt,
779 501 806 549 et
825 511 906 564 saepe

108 565 180 633 quod
198 565 290 634 coepit
316 565 418 635 spiritu,
444 581 524 620 carne
543 566 648 622 desinit.
686 565 775 634 Saepe
793 567 906 621 intendi·

106 643 150 690 tur
168 637 244 692 salus
263 636 343 692 nnius
362 637 474 706 animae,
498 644 526 692 et
544 637 613 692 duae
631 643 745 707 pereunt
762 652 905 705 personae.

105 708 245 762 Ecclesiae
255 707 384 763 ministris
392 707 551 763 feminarum
560 710 722 765 consortium
731 709 824 779 pestis,
838 709 905 782 lues,

105 780 247 848 pernicies,
266 795 400 834 venenum
418 795 501 849 supra
520 788 614 836 cuncta
632 780 806 835 mortiienmr.
843 781 907 835 Non

104 851 192 905 minus
211 849 339 905 vitandae
357 851 490 922 mulieres,
509 853 573 919 qnia
590 853 676 907 bonae
694 851 792 907 indolis
811 857 839 906 et
856 853 905 906 ho·

104 929 199 978 nestas
220 923 433 978 conversationis
452 938 511 978 esse
530 923 662 993 videntur,
682 923 730 978 sed
748 931 848 991 quanto
862 938 905 978 re·

103 993 268 1063 ligiosiores,
288 1001 362 1048 tanto
381 995 466 1062 magis
476 994 601 1063 alliciunt,
621 1002 649 1050 et
668 995 716 1050 sub
736 996 825 1063 specie
842 995 904 1049 reli·

103 1065 192 1134 gionis
211 1065 287 1133 viget
309 1065 451 1133 plurimum
475 1066 564 1120 viscus
589 1065 714 1122 libidinis.
752 1066 791 1133 (S.
810 1067 904 1136 Aepu-

102 1138 179 1205 etio.)
215 1137 276 1190 Tua
294 1152 354 1190 cum
372 1137 526 1192 mulieribus
545 1137 678 1205 colloquia
699 1137 744 1191 vel
761 1138 842 1206 nulla,
862 1153 895 1192 ve

102 1208 251 1276 rarissima,
278 1208 322 1262 vel
346 1208 512 1264 brevissima.
539 1208 632 1262 Sermo
652 1209 686 1264 sit
703 1209 802 1278 brevis,
827 1225 905 1263 rarus

104 1287 132 1334 et
150 1286 286 1334 austerus.
306 1279 347 1347 (S.
366 1281 558 1349 Adpastc'oce.)
584 1280 647 1334 Noli
664 1281 692 1333 in
710 1279 806 1334 faciem
824 1281 905 1348 virgi·

102 1352 145 1406 nis
158 1349 309 1420 intendere,
328 1365 363 1405 ne
377 1359 404 1406 te
420 1350 583 1406 scandalizet
595 1351 685 1406 vultus
696 1352 768 1418 eius3
788 1351 903 1404 animum

103 1424 176 1477 enim
195 1423 346 1477 commovet
354 1439 409 1476 non
419 1423 504 1477 solum
521 1422 680 1490 impudicae,
699 1422 747 1476 sed
766 1423 845 1476 etiam
856 1438 905 1490 pu·

103 1493 181 1548 dicae
200 1493 321 1548 mulieris
340 1495 440 1548 oculus.
475 1493 516 1561 (S.
536 1494 759 1563 Otrpsosiomus.)
779 1493 859 1562 „Non
876 1498 904 1548 te

103 1565 216 1620 simules
242 1565 396 1632 simpliciter
426 1565 554 1619 accedere
578 1565 612 1618 ad
637 1565 770 1632 virginum
796 1563 905 1631 domus3

105 1652 157 1691 nec
176 1636 246 1690 velis
265 1652 324 1690 curn
343 1637 381 1691 eis
399 1637 439 1690 uti
456 1636 543 1704 longis
562 1643 589 1690 et
612 1635 779 1690 otiosissimis
797 1633 905 1701 fabulis,

102 1723 137 1763 ne
156 1722 209 1776 per
226 1707 354 1776 plurimas
373 1708 608 1763 sermocinationes
632 1713 806 1773 amorumque
830 1719 907 1759 mens

104 1779 318 1848 polluctum...
337 1778 365 1832 Si
393 1779 426 1832 ad
452 1778 609 1833 feminarum
638 1778 731 1832 domus
753 1777 906 1844 importune

106 1850 256 1905 accesserit
282 1849 409 1918 clericus,
442 1857 470 1905 et
495 1850 572 1918 virgo
606 1851 724 1918 patiatur
754 1845 907 1902 huiusmodi

104 1922 221 1976 introire
244 1919 279 1974 ad
298 1935 335 1988 se,
354 1921 443 1976 statim
470 1922 610 1975 immutant
634 1922 774 1988 pristinam
792 1919 906 1987 dignita·

104 2000 171 2060 tem,
190 1999 218 2047 et
237 1991 310 2058 quod
327 1992 442 2047 Domino
469 1992 579 2060 polliciti
604 2000 673 2060 sunt,
693 2008 743 2046 sua
767 1991 906 2044 voluntate

104 2065 241 2132 amittunt,
260 2077 310 2116 nec
329 2064 399 2117 enim
417 2069 544 2132 poterunt
568 2063 719 2119 huiusmodi
742 2061 907 2116 mansionem

104 2135 133 2190 in
144 2149 175 2190 se
184 2134 302 2189 Domino
315 2149 489 2204 praeparare,
507 2133 556 2189 sed
566 2134 758 2190 desolabuntur
767 2140 797 2188 ut
806 2133 906 2201 lignum

162 2283 223 2322 riosa
236 2281 352 2320 uoluntate
365 2280 460 2328 pendere
474 2281 594 2325 autument,
620 2279 696 2327 Neque
704 2278 805 2318 foeminis
814 2287 906 2322 consan-

160 2334 248 2384 guineis
262 2335 344 2382 aliquid
353 2334 516 2382 indulgendum,
531 2333 589 2382 quod
601 2333 688 2372 domum
698 2331 855 2372 socerdotalem
869 2329 904 2368 de·

160 2389 246 2438 deceat,
260 2390 300 2427 eut
308 2387 446 2436 negotiorum
456 2387 652 2426 ecclesiasticorum
663 2386 760 2429 ordinem
769 2383 906 2434 perturbet*i

161 2441 233 2491 (cene.
244 2453 302 2491 proc.
320 2441 442 2480 Viennensis
456 2453 476 2478 o.
491 2439 552 2482 1858.
566 2441 598 2478 tit.
616 2439 639 2479 V.
653 2451 697 2489 cop.
711 2437 742 2486 6.)
757 2459 781 2468 -
797 2437 906 2487 „Nimiam

160 2495 311 2536 iemiliaritem
332 2497 355 2534 et
368 2495 471 2542 frequens
486 2494 621 2532 consortium
640 2504 688 2532 cum
702 2492 842 2540 mulieribus,
863 2489 906 2540 ptis

105 2591 107 2600 ¹
159 2549 253 2588 licetne
267 2548 351 2588 devotis
368 2547 505 2596 religiosiore
525 2547 613 2586 evitent.
641 2546 725 2586 normis
747 2545 815 2591 casti,
840 2543 906 2582 etism

159 2602 263 2648 religiose
277 2602 399 2649 attendent,
420 2610 447 2639 ne
461 2600 535 2639 fideles
553 2600 636 2648 ineptia
649 2600 766 2638 offendent.
795 2598 865 2644 Quare
878 2603 906 2634 ne

161 2655 213 2705 quis
227 2653 331 2693 famulam
340 2655 375 2694 vol
385 2663 524 2692 oeconomum
541 2665 567 2694 ex
582 2662 717 2702 quacumque
731 2661 798 2690 eausa
811 2655 906 2698 unquam

162 2719 252 2748 mensae
261 2708 296 2747 vel
306 2707 392 2748 itineris
400 2707 435 2745 vel
445 2707 627 2746 deambulationis
637 2707 719 2746 sociam
726 2705 799 2753 iaciat,
813 2703 848 2742 vel
857 2711 907 2741 oum

163 2773 190 2800 ea
200 2761 323 2809 societates,
338 2761 446 2808 convivia,
460 2761 567 2800 nundinas
577 2761 649 2808 adeat,
663 2759 720 2799 serio
734 2752 906 2797 interdicimue.“

161 2814 249 2864 (eoacti.
278 2827 319 2856 roo.
334 2813 402 2856 Coton.
417 2826 437 2853 o.
453 2811 513 2852 1860.
525 2825 575 2863 pop.
590 2813 643 2864 151.)
664 2831 689 2840 -
709 2811 753 2851 cir.
768 2805 905 2850 Lambertinl

166 2869 241 2910 instit.
258 2827 320 2908 edet
333 2865 366 2907 88.
395 2868 428 2907 De
441 2867 490 2915 Syn.
504 2865 572 2909 dioec.
586 2867 623 2909 lib,
638 2863 657 2907 9.
671 2875 718 2912 oap.
731 2861 751 2907 4.

764 2931 800 2986 6*
