2158 3236
303 203 336 244 De
350 203 385 248 ss.
399 203 553 244 Eucharistlao
564 199 717 246 Bacnmeuto.
867 201 909 245 tot

101 305 209 361 ristiam
226 304 323 360 iterato
349 302 455 360 deferre
474 304 509 360 ad
527 312 660 374 aegrotos,
684 307 730 374 qui
748 306 830 362 etiam
847 321 909 376 per·

102 381 247 432 severaute
266 375 361 430 eodem
379 376 465 431 morbi
490 377 618 446 periculo,
636 377 710 431 illam
729 377 837 445 saepius
854 393 904 446 per

101 447 213 503 modum
231 447 335 516 viatici,
354 463 414 501 cum
431 447 552 502 naturale
579 448 706 502 ieiunium
734 462 843 504 servare
860 464 907 504 ne-

103 525 215 588 queant,
233 518 372 587 percipere
392 519 503 587 cupiunt
516 559 523 573 .
534 559 541 573 .
552 558 560 588 ,
573 519 675 572 nullum
692 519 841 574 invenimus
859 519 907 574 ali-

103 591 182 646 cuius
199 589 314 644 nominis
331 589 494 658 theologum,
523 591 568 656 qui
592 595 681 659 neget,
710 596 739 644 et
763 590 863 644 licitum
882 597 910 646 et

103 661 180 730 pium
198 668 226 715 et
242 659 376 714 laudabile
396 675 464 730 esse,
483 660 549 714 illud
563 661 670 729 saepius
688 661 838 728 repetere.“
855 661 908 716 Ra·

103 733 145 787 tio
165 738 214 800 est,
232 731 365 799 quiahoc
383 731 584 786 Sacramentum
608 732 726 800 aegrotis
751 731 830 786 datur
854 747 909 787 non

104 809 210 858 mutum
227 801 262 856 ad
280 799 496 856 satisfaciendum
520 809 674 872 praecepto,
702 802 750 858 scd
775 804 856 857 etiam
873 809 909 858 'et

106 873 252 942 praecipue
272 872 307 926 ad
325 872 491 942 superandas
508 875 680 941 tentationes,
699 888 768 942 quae
787 880 908 942 tempore

104 944 197 1014 gravis
221 944 307 998 morbi
333 945 419 1012 magis
444 951 547 1013 urgent.
590 946 628 999 Et
649 946 701 1000 hoc
725 944 832 1012 quidem
853 961 909 1000 non

104 1015 193 1072 solum
211 1015 234 1070 si
251 1031 350 1070 novum
362 1015 457 1070 redeat
469 1017 624 1084 periculum,
643 1016 692 1071 sed
706 1017 786 1072 etiam
799 1016 822 1071 si
835 1015 907 1070 idem

104 1086 242 1156 perduret,
260 1093 291 1141 ut
309 1086 388 1141 docet
400 1087 537 1155 praefatus
546 1071 671 1142 Pontifex
683 1088 806 1142 incitato
821 1101 904 1156 opere

104 1159 179 1214 hisce
194 1157 291 1212 verbis.
328 1158 467 1226 „lusinnet
491 1159 642 1227 Episcopus
667 1159 800 1229 parochia
824 1175 906 1227 posse

105 1236 134 1284 et
152 1228 251 1284 debere
269 1227 317 1282 SS.
336 1229 469 1283 Viaticum
486 1230 514 1284 in
532 1229 626 1284 eadem
643 1229 795 1284 infirmitate
808 1229 907 1285 iterum

106 1315 140 1354 ac
158 1301 238 1355 tertio
257 1299 443 1369 administrari,
469 1301 627 1368 praesertim
645 1301 669 1355 si
686 1300 793 1368 ipsimet
811 1317 905 1370 aegro-

103 1377 195 1426 tantes
212 1371 309 1426 iterum
326 1371 469 1426 coelestem
482 1372 557 1426 illum
575 1387 672 1440 panem
690 1372 817 1441 esuriant,
837 1380 864 1427 et
882 1373 906 1428 si

104 1441 172 1496 velit
190 1441 367 1512 (Episcopus),
393 1457 508 1510 poenam
527 1443 606 1497 etium
632 1442 758 1498 decernat
781 1444 809 1497 in
827 1459 907 1512 paro·

105 1513 181 1581 chos,
199 1514 245 1580 qui
262 1520 324 1581 post
341 1513 483 1582 plurimum
500 1514 628 1582 temporis
651 1513 846 1568 Eucharistiam
871 1513 907 1569 ad

107 1583 222 1640 eundem
246 1583 377 1638 infirmum
406 1599 465 1639 eam
492 1584 588 1640 devote
612 1583 799 1653 efflagitantem
817 1585 905 1640 denuo

107 1653 214 1710 deferre
224 1655 355 1710 obstinate
365 1655 514 1710 detrectant
526 1655 601 1710 falsis
611 1655 768 1724 quibusdam
777 1662 805 1710 et
818 1671 906 1710 emen·

108 1726 204 1782 dicatis
230 1726 440 1795 praetextibus.“
474 1757 507 1766 -
540 1727 611 1794 Quot
636 1733 725 1782 autem
752 1725 809 1782 dics
836 1728 906 1782 inter

108 1797 313 1852 Communiones
325 1796 491 1852 intercedere
501 1797 624 1867 debeant,
637 1814 692 1854 non
701 1804 774 1852 certo
784 1804 904 1868 constat3

107 1874 227 1923 attamen
245 1876 305 1924 octo
324 1868 382 1923 (lies
401 1867 529 1938 sufficere,
548 1870 693 1924 communis
710 1877 752 1924 est
764 1869 903 1938 theologo-

105 1956 167 1994 rum
185 1940 292 2007 opinio;
315 1939 368 1994 imo
390 1940 531 2008 pauciores
555 1940 613 1995 dies
638 1941 774 2008 assignant
799 1957 859 1994 cum
878 1939 905 1995 S.

106 2011 238 2079 Liguorio
252 2010 334 2079 aliqrri
347 2025 443 2078 graves
458 2018 590 2080 auctores,
608 2012 766 2079 praesertim
776 2011 799 2066 si
812 2027 906 2081 aegro·

106 2087 152 2137 tus
179 2081 214 2136 sit
240 2097 357 2150 persona
374 2081 481 2151 devota,
508 2097 587 2151 quae,
609 2081 672 2136 dum
693 2082 762 2136 bene
787 2083 904 2153 valebat,

108 2153 282 2207 Sacramenta
299 2153 407 2221 saepius
425 2154 561 2222 suscipere
579 2153 691 2222 solebat,
705 2168 736 2208 ac
753 2159 839 2209 morte
856 2155 904 2209 im·

106 2224 224 2278 minente
242 2223 325 2278 semel
350 2223 438 2278 adhuc
456 2233 503 2279 aut
519 2225 616 2278 iterum
633 2224 703 2278 hanc
726 2225 840 2293 gratiam
864 2242 906 2280 ar·

107 2294 203 2349 denter
221 2293 370 2364 desiderat,
390 2302 436 2350 aut
454 2296 542 2364 etiam,
560 2295 583 2350 si
601 2295 767 2363 gravioribus
780 2297 905 2352 tentatio·

107 2365 186 2420 nibus
207 2373 306 2420 vexata
339 2365 463 2435 confidat,
486 2366 554 2435 fore,
584 2373 615 2421 ut
636 2382 686 2436 per
709 2369 905 2437 susceptionem

108 2435 158 2494 SS.
175 2436 362 2492 Eucharistiae
381 2438 415 2492 ab
432 2437 466 2492 iia
492 2438 630 2506 liberetur,
657 2444 704 2492 aut
727 2447 820 2494 contra
844 2439 904 2494 illas

108 2505 239 2564 efficacius
256 2509 398 2563 muniatur.
422 2537 455 2547 —
482 2508 599 2563 Facilius
624 2516 713 2564 autem
731 2510 839 2566 concedi
856 2526 904 2578 po·

106 2586 161 2634 teat
180 2579 334 2635 communio
351 2578 463 2634 infirmis
480 2580 613 2648 religiosis
638 2580 683 2634 vel
704 2581 764 2636 aliis
780 2582 904 2650 personis

106 2650 159 2719 piis
176 2651 205 2706 iu
217 2651 379 2706 monasterio
393 2649 559 2720 degentibus,
578 2651 635 2706 sive
649 2652 703 2706 sint
715 2651 827 2722 ieiunae,
846 2652 903 2708 siv'e

106 2737 169 2790 non,
188 2737 268 2789 quam
286 2723 390 2790 ceteris,
408 2723 472 2789 quia
494 2729 558 2777 tnnc
581 2723 668 2776 minor
689 2722 804 2778 habetur
822 2739 904 2792 appa·

106 2799 183 2848 ratus
200 2793 345 2862 populique
370 2791 523 2862 admiratio,
549 2809 608 2848 oum
633 2809 710 2848 sacra
734 2794 905 2850 Eucharistia

106 2879 162 2918 non
179 2865 214 2919 sit
230 2864 336 2933 publice
353 2879 405 2933 per
420 2865 525 2934 plateas
544 2863 697 2920 deferenda.
716 2863 780 2935 (Cir.
794 2864 823 2923 S.
840 2865 904 2935 Lip.

161 2953 264 2994 Manuale
277 2954 422 2995 sacerdotum.
450 2955 533 3006 (Editio
547 2955 596 3006 VI.)
763 2945 796 3007 15
