2138 3226
156 147 196 192 2⁰6
413 148 470 189 Ordo
483 150 543 190 vitae
557 147 706 192 ssssrnotrtts.

156 253 318 322 quibuslibet
326 252 416 308 verbis
426 253 497 306 male
507 252 671 320 sonantibus,
689 251 871 320 levioremque
889 252 958 308 mali

156 325 273 392 speciem
290 324 459 392 habentibus,
480 322 614 377 aludicris
624 322 821 391 Scripturarnm
838 322 873 376 ad
890 339 956 391 pro·

156 394 220 449 lana
245 395 388 464 allegoriis,
418 395 451 448 eb
481 395 553 449 omni
580 394 753 462 stultiloquio,
783 394 956 464 scurrilitate,

155 465 267 535 facetiis,
286 467 396 535 argutiis
415 466 554 534 dictorum,
573 466 680 534 penitus
694 464 817 534 refugite.
837 465 953 534 „Nugae

156 538 185 592 in
203 553 250 592 ore
267 538 329 591 laici
347 552 434 606 nugae
453 543 530 605 sunt;
548 538 577 590 in
595 551 641 591 ore
661 535 809 591 sacerdotis
825 536 952 605 blasphe-

156 609 235 663 miae.
255 608 425 663 Consecrasti
443 624 473 663 os
492 616 566 662 tuum
589 607 753 676 Evangeli03
777 607 876 663 talibus
901 609 957 662 iam

157 680 262 748 aperire
280 680 409 748 illicitum,
428 693 584 734 assuescere
610 679 778 747 sacrilegium
807 679 875 734 est.“
914 679 956 746 (S.

156 750 337 816 Berocrdca.)

195 821 318 875 XXVIII.
359 820 448 874 Vestes
474 825 500 874 et
523 835 650 874 coronans
670 825 757 874 oestro
782 825 958 889 emigramus

160 891 253 945 ordeni
266 891 374 958 dofme,
383 891 402 960 ¹)
422 898 452 945 nt
464 905 515 958 per
528 891 677 945 decentiam
686 891 793 945 habitus
803 891 956 960 extrinseci,

159 963 398 1017 morumbonestas
412 961 555 1016 intrinseca
565 961 736 1031 ostendatur,
755 970 837 1029 utque
855 963 913 1017 vita
928 971 956 1018 et

158 1041 249 1088 restes
266 1032 294 1086 iu
312 1033 388 1088 vobis
407 1039 470 1101 epte
489 1033 540 1087 sibi
558 1041 718 1102 consonent;
743 1042 771 1087 ct
787 1048 821 1087 ne
839 1049 889 1088 vos
909 1049 955 1101 pe·

158 1104 267 1172 regrina
283 1111 358 1162 veste
382 1103 489 1158 indutos
503 1104 531 1156 in
553 1103 596 1158 die
610 1104 743 1158 vindictae
761 1104 836 1159 Deus
854 1105 954 1174 visitet,

158 1182 314 1243 partemque
334 1191 392 1228 cum
401 1175 547 1243 hypocritis
564 1184 656 1243 ponat
675 1175 773 1229 Mirum
783 1190 856 1244 saue,
871 1174 951 1244 quod,

158 1246 205 1314 qui
222 1246 250 1299 iu
267 1253 339 1300 stetu
357 1246 445 1300 laicali
462 1246 583 1301 vestibus
602 1245 813 1302 sacerdotalibus
831 1246 954 1315 insigniti

158 1323 213 1371 tam
232 1317 465 1385 enixcpostuleut,
485 1332 531 1372 aas
545 1317 955 1386 concessastamcitocbiiciaut,

159 1386 393 1443 stadseeculeres
413 1388 593 1444 saecularibus
610 1390 738 1458 vestibus,
757 1396 785 1442 et
793 1387 863 1442 forte
874 1390 955 1444 etiam

158 1460 277 1523 moribus
294 1459 414 1529 redeant,
441 1459 565 1527 quodque
593 1460 621 1514 in
647 1467 703 1514 tam
721 1459 826 1514 sublimi
843 1459 955 1516 honoris

159 1531 271 1586 cedmiue
289 1532 381 1600 positi,
406 1530 441 1585 ad
458 1529 576 1584 infimum
594 1531 681 1599 plebis
705 1537 803 1586 statum
821 1545 882 1586 sese
900 1538 956 1585 tur-
1058 1521 1060 1532 ⁴

158 1609 229 1727 geter
247 1601 405 1671 depriment.
424 1601 478 1656 Sed
497 1603 520 1658 si
537 1602 643 1657 videtur
652 1617 699 1657 eos
713 1601 861 1670 poenitere,
881 1600 955 1669 quod
1059 1647 1060 1666 ,

186 1674 284 1727 eumin
297 1680 402 1742 partem
419 1680 446 1727 et
458 1681 558 1728 sortem
572 1673 622 1728 sibi
636 1673 774 1741 elegerint,
788 1671 858 1726 forte
868 1673 957 1727 Deum
1059 1677 1060 1680 ’

159 1744 235 1799 brevi
252 1745 408 1814 poenitebit,
432 1744 504 1812 quod
522 1759 569 1800 eos
588 1745 638 1800 sibi
656 1745 684 1798 in
708 1744 843 1798 ministros
865 1743 958 1798 adiuu-

158 1816 237 1872 xerit.
259 1815 310 1897 'Et
335 1817 395 1883 ossis
422 1816 523 1884 poterit
547 1816 697 1884 corrigere,
722 1829 801 1883 quem
818 1814 895 1870 Dens
913 1813 958 1870 de-

160 1886 299 2012 spilxliili?
328 1957 459 2011 Decorem
484 1957 580 2012 domos
603 1957 659 2010 Dei
676 1956 787 2026 diligite.
823 1955 959 2011 Decorcm

160 2025 254 2082 domus
271 2027 324 2080 Dei
343 2035 370 2082 et
387 2029 439 2083 loci
457 2029 629 2083 habitationis
648 2028 749 2096 gloriae
769 2028 827 2082 eins
846 2026 959 2097 diligite,
1059 2047 1060 2070 ι

160 2105 188 2152 et
206 2113 247 2166 ea,
266 2113 334 2164 quac
354 2099 388 2154 ed
408 2100 465 2154 eius
479 2108 663 2154 ornamentum
681 2107 708 2153 et
717 2099 887 2166 splendorem
896 2114 961 2167 pos·
1059 2101 1060 2128 l

160 2176 222 2224 sunt
240 2167 369 2238 conferre,
397 2169 538 2239 diligenter
563 2169 711 2238 providete.
747 2169 792 2223 Ad
810 2177 913 2224 statues
932 2177 962 2224 et

158 2240 287 2308 imagines
307 2240 472 2310 Sanctorum,
491 2241 526 2296 ed
543 2242 661 2310 parietes
671 2248 698 2295 et
713 2241 904 2309 pavimentum,
924 2240 961 2294 sd

159 2310 255 2365 ulans
273 2319 301 2365 et
319 2319 482 2381 ornamento,
502 2314 616 2366 maxiure
629 2312 664 2365 ad
673 2313 828 2366 linteamina
837 2311 960 2366 studiose

159 2380 369 2438 animadvertite.
407 2383 535 2438 Omnibus
562 2384 712 2438 astantibus
728 2383 895 2451 modestiam,
915 2397 959 2436 re-

158 2453 314 2521 verentiam,
334 2453 504 2509 devotionem
521 2454 607 2508 verbo
627 2461 655 2508 ct
672 2455 794 2522 exemplo
814 2454 959 2508 insinuate.

159 2523 405 2580 Scientiamcantus
422 2526 595 2580 ecclesiastici
613 2524 755 2594 diligenter
773 2524 911 2594 addiscite,
930 2530 963 2578 ut

155 2633 321 2645 ..u-n·-

181 2690 201 2746 ¹)
216 2694 280 2738 conc.
293 2695 351 2738 Trid.
365 2693 421 2739 sess,
432 2692 464 2734 14.
475 2705 494 2735 o.
503 2691 523 2740 a,
537 2695 564 2735 de
577 2693 617 2736 rei.
628 2711 654 2723 -
664 2693 729 2734 Oouc.
738 2669 799 2743 pros,
808 2691 852 2734 col.
868 2703 888 2736 ιι.
899 2687 961 2736 leuc.

211 2770 262 2809 pag.
276 2756 322 2802 158.
340 2779 364 2789 -
379 2760 574 2806 Beued,X1V.de
590 2759 643 2810 syn.
657 2759 726 2803 dioec.
739 2758 777 2799 lib.
793 2755 827 2798 ll.
842 2767 889 2807 cap.
904 2754 924 2798 8.
939 2757 963 2796 et

210 2824 309 2866 eiusdem
322 2826 394 2870 instit
409 2823 443 2870 71.
