2146 3234
149 175 191 220 tet
324 179 356 218 De
370 177 561 220 sacramentorum
574 177 773 218 administratione.

151 280 248 348 quibus
266 279 444 336 confessarius
469 280 562 336 sedulo
579 282 760 349 poenitentem
782 280 952 349 interrogare

150 351 239 407 debet.
259 351 446 407 dimitteris
465 352 690 421 dispensationum
708 351 832 420 legantur
848 351 949 408 verba:
1035 364 1053 408 ὣ

153 423 298 494 Quatenus,
316 424 342 477 ei
358 424 399 477 s'tu
416 439 471 477 esec
484 439 536 492 per
554 423 706 493 detegentem
732 422 857 477 &cteris
885 439 950 478 επα-
1053 487 1054 492 ¹

150 495 325 548 minutionem
342 495 482 562 incurerre,
506 495 558 549 hoc
584 509 697 549 examen
720 493 842 550 absolute
867 493 951 550 debet
1054 528 1055 568 3

150 566 268 635 muas,
287 566 353 621 alias
370 581 425 619 non
442 565 514 620 valet
532 565 704 634 dispensatio.

188 641 220 691 2·
232 636 369 692 Audita
386 637 481 705 prius
500 637 577 692 eius
595 636 847 702 sacramentali
867 636 951 691 Con·
1055 608 1056 642 ³

150 698 325 776 sessione,
352 707 490 763 Confessio
509 709 579 763 enim
597 708 796 764 sacramentalis
809 706 951 776 dispensa·

151 779 218 835 tioni
235 780 387 834 necessarie
406 787 448 833 cst
464 778 666 847 praemittenda.
685 778 758 849 „Sed
768 779 815 848 (ait
826 777 952 834 Cossum
1057 783 1058 788 ’

151 851 180 906 in
204 850 367 919 Compendio
393 849 435 904 ed.
454 854 485 904 5ιι
507 867 569 920 pag.
588 853 649 906 250.
667 866 693 904 n.
712 851 783 919 258.)
809 849 952 906 difficultas

151 927 201 991 est,
216 937 251 976 an
269 920 381 976 sufficiat
399 937 581 990 quaecumque
603 920 751 990 Confessio,
769 937 805 975 au
822 936 889 976 vero
907 936 951 975 re-

152 991 280 1061 quiratur,
299 1000 330 1047 ut
347 994 407 1060 ipsa
426 993 557 1048 absolutio
572 993 768 1061 subsequatur;
787 997 814 1046 et
833 991 898 1060 quid
910 992 951 1046 di·

152 1063 272 1131 cendum,
291 1064 314 1118 si
332 1063 471 1119 Confessio
491 1065 526 1120 sit
542 1062 616 1118 nulla
633 1072 660 1119 et
678 1063 831 1131 sacrilega?
850 1064 894 1118 Elx
908 1079 952 1119 re-

152 1134 295 1201 sponsione
314 1133 340 1188 S.
359 1135 584 1190 Poenitentiariae
609 1134 690 1205 (apud
710 1133 854 1202 Compesce)
873 1135 952 1189 irrita

150 1221 205 1260 non
224 1206 275 1260 erit
292 1204 464 1276 dispensatio,
492 1207 596 1262 etiamsi
614 1207 749 1275 contingat
766 1207 950 1274 poenitentem

150 1275 259 1330 nullius
288 1284 316 1331 et
340 1279 469 1346 sacrilege
500 1277 621 1333 confiteri
651 1284 679 1332 et
705 1277 901 1332 absolutionem
933 1293 950 1332 a

150 1347 267 1415 peccatis
297 1349 427 1417 recipere.
477 1349 580 1416 Quodsi
610 1347 788 1404 confessarius
816 1347 948 1403 advertat

150 1419 332 1487 poenitentem
350 1435 384 1474 ex
402 1435 452 1475 sua
468 1420 670 1489 indispositione
684 1435 701 1474 a
713 1419 832 1488 peccatis
843 1419 949 1474 absolvi

150 1490 202 1544 rite
220 1506 274 1546 non
291 1507 380 1560 posse,
400 1491 481 1546 debet
497 1507 551 1546 una
569 1508 629 1546 cum
653 1491 820 1546 absolutione
839 1489 950 1545 diffem

151 1559 384 1632 dispensationem,
403 1563 454 1618 nisi
472 1562 541 1618 forte
566 1578 664 1631 urgens
687 1562 778 1630 aliqua
800 1562 949 1618 necessitas

151 1632 264 1688 suadeat
281 1633 507 1706 dispensationem
525 1634 702 1692 accelerare.“

186 1707 220 1759 3⁸
233 1705 383 1760 Sublata
401 1706 588 1760 occasione
607 1712 670 1773 etc.;
689 1703 950 1772 quaclausulacon·

150 1774 264 1832 fessarie
281 1776 446 1846 prohibetur,
465 1791 499 1830 ne
513 1776 653 1831 Oratorem
671 1775 802 1844 absolvat,
820 1773 950 1842 quamdin

150 1847 179 1900 in
197 1849 336 1903 occasione
354 1848 476 1916 proxima
493 1857 624 1917 versetur,
641 1864 669 1900 v.
688 1863 713 1914 g.
732 1846 819 1900 adhuc
836 1844 950 1900 familia-

150 1931 208 1972 rem
225 1919 326 1974 nutriat
343 1919 572 1975 conversationem
589 1934 650 1972 cum
668 1925 799 1986 consorte,
827 1917 872 1971 vel
889 1933 950 1972 cum

150 1987 161 2041 i
180 2003 211 2044 sa
227 1989 256 2042 in
273 1990 367 2044 eadem
385 1989 463 2045 domo
481 1990 592 2045 habitet
605 1989 643 2054 ,Id
664 1989 755 2056 itaque
780 1988 855 2056 prius
870 2003 951 2057 ageu

169 2075 222 2127 um,
247 2067 278 2113 ut
295 2061 363 2115 haec
380 2061 507 2129 peccandi
526 2061 630 2116 occasio
648 2061 692 2115 vel
710 2061 816 2114 omnino
836 2058 950 2128 desinat,

151 2128 175 2184 si
187 2127 247 2183 fieri
259 2139 362 2200 potest;
381 2133 404 2188 si
418 2140 507 2187 autem
525 2132 630 2187 occasio
648 2132 684 2186 sit
701 2131 861 2199 necessaria,
885 2146 947 2185 con·

151 2197 280 2256 fossarius
298 2201 379 2258 debet
396 2219 540 2272 suggerere
552 2203 647 2272 media,
666 2203 762 2270 quibus
777 2209 949 2258 convertatur

151 2272 336 2327 inremotam.
528 2287 531 2294 ’

206 2396 285 2446 dietus,
299 2398 334 2438 vel
348 2401 466 2449 antequam
478 2400 519 2440 ilat
533 2399 561 2440 ab
571 2399 688 2449 episeopo,
702 2399 738 2438 cui
751 2408 766 2439 a
777 2398 883 2439 Pontinos
893 2407 951 2438 com·

205 2461 273 2501 missa
286 2463 360 2514 inerit,
374 2468 446 2504 cessat
464 2465 612 2514 dispensatim
631 2464 650 2504 si
668 2466 741 2504 autem
757 2473 824 2503 cauas
838 2463 951 2512 dispensa·

204 2526 271 2567 tionia
285 2531 361 2579 cesset,
381 2530 543 2580 dispensatione
562 2531 606 2570 iam
619 2529 729 2579 expedita,
751 2531 773 2568 et
790 2529 850 2568 facta
870 2529 898 2568 ab
917 2529 950 2568 in·

206 2590 289 2642 feriori,
303 2594 388 2634 etianrsl
402 2599 473 2636 cusat
485 2598 536 2635 ante
556 2596 725 2636 celebrationem
749 2593 892 2646 Matrimonii,
907 2605 951 2635 non

206 2660 278 2698 cessat
291 2658 432 2710 dispensatio,
447 2661 499 2710 qula
512 2672 551 2712 per
560 2661 743 2711 dispensationem
753 2661 798 2700 lam
810 2661 897 2701 tollltur
910 2661 951 2700 im·

205 2721 359 2773 pedlsnentnsn,
374 2725 420 2764 slve
434 2726 469 2766 lex
483 2727 603 2775 relaxatur,
617 2727 680 2766 cuius
690 2726 797 2776 obligatio
812 2727 916 2776 mincia,
931 2727 951 2766 ai

205 2789 277 2891 {32¹2ss
289 2790 367 2836 postea
385 2799 459 2837 causa,
481 2792 569 2830 minime
589 2791 707 2835 reviviscit.
735 2789 764 2842 (d.
779 2791 827 2842 dig.
843 2791 879 2834 su.
893 2790 915 2832 d.
929 2803 952 2831 s.

261 2853 278 2899 ·)
