2098 3222
154 173 196 219 808
306 179 339 218 De
353 179 483 228 quibusoam
497 177 548 219 ultis
562 167 699 218 moruorum
713 177 800 218 omotts.

156 268 480 406 umm'iudulyeniioot
498 295 517 334 o
529 280 620 335 Paulo
637 279 668 334 V.
687 295 839 335 conoessum
857 281 963 336 lucrati

154 368 170 405 o
245 393 251 405 .

192 435 226 490 Si
240 435 303 502 fieri
311 439 408 502 potest,
427 431 793 502 scapulare'benedt'eettdum
806 440 846 488 est
864 435 905 490 ad
923 436 962 490 al·

158 513 218 561 tore
236 507 404 560 beaturimoe
421 505 542 575 Virqt'ttt'e
553 505 665 559 Mariae
677 505 710 558 de
723 510 813 559 moute
827 505 960 573 Cornucio,

157 577 262 632 duobus
280 579 361 631 cerere
379 578 505 630 oeeeneee.

192 659 324 715 Sacerdos
337 659 558 729 superpelliceum
574 659 625 725 (uel
642 659 767 730 requiete
775 659 909 730 pallium)
921 663 960 716 ιἰι-

158 731 226 786 duat
243 747 301 786 uteo
318 747 378 785 eum
396 731 466 784 ποῖα
486 729 543 784 etti
560 731 664 788 ootorte.

309 939 310 942 Ἴ
390 891 409 930 1.
429 885 452 932 dt
466 903 519 932 uetus
533 893 559 931 sit
573 892 711 942 reeipiendus.

93 967 95 976 '
155 969 960 1101 dlfflGeoufleuo‚quilmbduotrecepit,sooerdoeeiout

174 1065 184 1100 2
239 1065 244 1077 .

195 1116 372 1185 Suseepimus,
391 1116 476 1185 Deus,
499 1115 707 1170 misericordium
732 1123 806 1171 tuom
824 1116 853 1169 in
871 1114 959 1170 medio

157 1188 250 1256 templi
262 1187 310 1255 tui,
330 1187 478 1242 secundum
491 1201 589 1242 nomen
601 1195 684 1256 tuum,
693 1187 787 1255 ·Deuo‚
806 1187 845 1241 sie
864 1187 959 1242 etism

157 1266 204 1314 tue
221 1259 249 1311 in
266 1257 334 1312 fines
352 1265 455 1326 terrae3
480 1258 582 1314 iustitis
605 1258 687 1327 plens
705 1267 747 1314 est
765 1258 881 1324 dexteru
905 1265 959 1314 tut

193 1330 276 1398 Kyrie
296 1328 405 1398 eleison,
425 1329 531 1384 Christe
550 1328 660 1398 eleison,
678 1329 760 1398 Kyrie
780 1327 893 1384 eleison.

192 1401 276 1456 Pater
292 1408 385 1455 noster
403 1407 453 1454 ete.
714 1451 717 1460 ,
805 1401 807 1406 ’

200 1471 231 1526 V.
250 1472 288 1526 Et
305 1486 339 1526 ne
357 1487 407 1526 nos
424 1470 535 1526 indueus
547 1471 581 1536 ¹in
598 1471 781 1540 tentationem,
799 1479 852 1527 ete.

200 1543 231 1598 V.
250 1543 360 1598 Salvum
385 1543 504 1612 (selvam)
529 1541 573 1598 foe
598 1557 705 1597 servum
729 1549 806 1598 tuum
824 1542 959 1610 (medinm

159 1615 250 1684 tuum).
269 1643 303 1654 -
321 1614 357 1670 R.
374 1614 450 1668 Deus
468 1629 544 1669 meus
563 1620 716 1682 sperantem
732 1614 760 1668 in
777 1621 814 1668 te.

197 1686 227 1740 V.
247 1685 325 1740 Mitte
344 1685 378 1753 ei,
396 1685 519 1753 Domine,
539 1685 667 1740 auxilium
683 1684 717 1740 de
735 1691 837 1754 emoto,

192 1757 227 1813 R.
246 1757 284 1811 Et
302 1756 336 1810 de
355 1755 420 1810 Sion
437 1768 514 1810 tuere
533 1771 593 1812 oum
610 1755 697 1824 (eum).

197 1829 227 1883 V.
246 1827 321 1882 Nihil
338 1826 461 1896 proficiat
477 1827 599 1882 inimicus
616 1827 645 1881 in
663 1842 695 1881 eo
714 1825 775 1895 (eo).

192 1899 227 1953 R.
246 1899 284 1953 Et
300 1898 371 1954 filius
389 1899 537 1966 iniquitatis
553 1913 608 1952 nou
625 1904 745 1967 opponet
761 1911 861 1952 nocero
879 1897 913 1954 οἱ

197 1971 227 2026 V.
245 1970 368 2038 Domino,
387 1969 485 2024 exaudi
503 1969 651 2024 orationem
669 1983 763 2037 meum,
783 1975 834 2024 eto.

191 2040 224 2095 V.
242 2041 373 2098 Dominus
390 2041 537 2110 vobiscum,
555 2049 606 2098 ete.

194 2121 312 2178 Oremue.
331 2122 465 2192 Suscipiat
482 2130 511 2178 te
525 2123 648 2178 Christus
666 2121 694 2176 in
707 2136 819 2177 numero
836 2121 956 2178 fidetium

158 2211 281 2264 suorum;
300 2201 328 2248 et
344 2209 402 2264 nos,
421 2195 485 2248 licet
501 2193 611 2264 indigni,
629 2202 657 2250 te
672 2195 830 2263 suscipimus
849 2195 876 2247 in
896 2207 956 2248 oro·

155 2267 272 2321 tionibus
290 2266 396 2324 nostris.
434 2265 570 2320 Gonoedst
586 2266 636 2320 tibi
653 2265 728 2321 Deos
753 2279 804 2335 per
828 2265 957 2336 Unigeni-

155 2343 212 2390 tum
226 2354 302 2391 suum
316 2335 490 2390 mediatorem
503 2338 554 2392 Dei
569 2343 596 2392 et
609 2336 752 2405 hominum,
766 2343 873 2405 tempus
887 2337 956 2392 bens

155 2407 271 2476 vivendi,
289 2409 377 2463 locum
394 2407 463 2462 bene
482 2407 587 2477 egendi,
613 2408 788 2463 constentiam
806 2407 876 2462 bene
894 2423 955 2476 per·

156 2477 306 2548 serenandi,
325 2485 353 2534 et
370 2478 406 2533 ad
424 2486 551 2534 aeternus
564 2480 637 2534 vitoe
650 2479 827 2534 hereditatem
840 2479 956 2534 feliciter

156 2549 349 2618 perveniendi3
368 2557 396 2604 et
414 2549 483 2605 sieut
499 2566 550 2606 nos
563 2550 644 2606 hodie
657 2549 776 2606 fraterne
793 2551 892 2606 caritas
902 2549 955 2620 spi-

156 2619 290 2674 ritualiter
307 2621 393 2688 iungit
411 2623 439 2674 in
456 2621 544 2691 torris,
563 2621 601 2678 ito
619 2621 710 2676 divino
722 2621 818 2691 pietus,
836 2635 907 2690 quse
917 2619 955 2674 di·

154 2689 276 2744 lectionis
295 2698 338 2745 est
355 2693 459 2745 uuouix
477 2700 505 2748 et
523 2693 645 2761 ameum,
669 2709 719 2748 nos
744 2707 803 2748 oum
830 2691 955 2747 fidelibus

156 2759 211 2814 suis
237 2761 398 2828 coniungere
424 2762 549 2831 dignetur
572 2765 600 2818 in
626 2765 716 2820 coelis.
757 2763 812 2818 Per
840 2763 955 2818 eundem

156 2829 289 2884 Christum
307 2831 451 2886 Dominum
468 2843 598 2891 nortuum.
615 2863 650 2876 -
667 2835 702 2891 R.
720 2834 815 2890 Amen.
