2124 3230
158 166 203 209 358
320 170 352 210 De
366 171 513 210 celebratione
526 170 564 211 88.
577 171 659 212 acuas
672 172 780 215 racmilcli.

156 271 280 341 procedit
297 271 332 326 ad
351 271 450 340 deme,
469 272 661 329 subdiaconum
680 276 801 343 sequitur
818 275 961 344 acolythus

157 344 280 398 urceolos
299 343 354 396 vini
374 351 401 396 et
419 359 504 410 aquae
523 352 648 414 portans,
675 346 714 400 ita
730 353 761 400 ut
779 345 874 400 eodem
891 355 961 400 tem-

157 430 224 483 pore
243 431 302 468 cum
319 415 455 483 Episcopo
474 414 509 468 ad
527 416 611 470 altare
629 418 803 485 perveniant,
828 417 874 471 ubi
893 418 958 471 sub-

157 485 285 540 diaconus
304 486 412 540 calicem
439 503 499 540 cum
525 494 625 554 patena
642 489 720 557 ponit
743 489 771 541 in
790 503 873 543 cornu
892 489 959 557 Epi·

157 557 251 625 stolas,
269 564 372 611 remoto
390 557 461 611 volo.

193 629 262 682 Tum
289 627 416 682 diaconus
444 634 569 696 patenam
596 645 656 682 cum
683 630 774 684 hostia
799 628 834 682 ad
861 643 958 684 manus

156 699 285 768 Episcopi
304 716 363 752 cum
376 699 467 754 osculo
481 700 602 768 porrigit,
622 700 718 755 deinde
735 701 849 769 imponit
867 701 961 755 viuum

147 771 185 824 ‘iu
202 771 319 838 calicem,
339 777 466 837 quantum
484 770 603 839 sufficiat,
629 771 765 840 Episcopo
783 772 959 841 inspiciente,

156 841 337 896 subdiaconus
355 856 420 895 vero
439 842 575 896 urceolum
594 857 681 910 aquae
698 858 843 911 parumper
860 857 957 898 versus

157 913 322 980 Episcopum
340 912 456 980 elevans,
476 913 551 967 dicit:
579 913 742 982 Benedicitc,
766 915 851 968 Pater
875 914 959 968 Reue-

157 983 321 1048 rcudcecc'me,
340 991 397 1036 tum
411 983 526 1038 infundit
539 985 682 1052 pauculum
695 1000 781 1052 aquae
794 985 823 1038 in
837 984 958 1042 calicem

157 1054 294 1109 Diaconus
314 1053 410 1108 deiude
428 1056 543 1124 porrigit
559 1056 694 1124 Episcopo
713 1057 822 1110 calicem
836 1071 896 1109 cunr
914 1071 958 1112 os·

156 1125 225 1180 culis
245 1124 342 1179 debitis
361 1132 388 1179 et
407 1142 466 1179 cum
493 1141 526 1180 eo
553 1126 616 1180 dicit
640 1127 794 1182 Orationem
815 1125 959 1193 Offcmmua

157 1196 215 1262 tibi,
233 1196 359 1262 Domina,
379 1197 488 1250 calicem
506 1203 556 1251 etc.
580 1213 633 1265 qua
651 1198 723 1252 dicta
741 1197 868 1252 diaconus
887 1198 960 1266 palla

158 1267 279 1334 cooperit
298 1268 406 1321 calicem
422 1283 504 1336 supra
517 1269 657 1337 corporale
676 1269 709 1322 ab
724 1269 860 1337 Episcopo
875 1269 958 1337 depo·
1054 1251 1055 1294 ³

157 1339 255 1407 situm,
282 1345 338 1392 tum
357 1339 465 1407 capiens
484 1347 623 1408 patenam,
650 1341 722 1394 illam
740 1341 816 1408 pouit
833 1341 861 1393 iu
878 1356 959 1393 manu
1054 1349 1055 1394 ἲ

158 1409 271 1464 dextera
290 1409 454 1479 subdiaconi,
474 1426 505 1464 ac
524 1411 691 1466 extremitate
709 1412 763 1465 veli
781 1412 814 1465 ab
830 1426 863 1464 ea
880 1419 958 1478 parte
1054 1421 1055 1490 ᾗ

158 1481 299 1549 pendentis
327 1483 456 1550 contegit,
488 1497 567 1548 quum
593 1481 771 1536 subdiaconus
799 1489 873 1536 stans
898 1488 960 1550 post

157 1551 321 1621 Episcopum
341 1559 369 1606 et
387 1552 527 1606 diaconum
551 1553 638 1621 spatio
665 1553 820 1621 congruenti
845 1554 960 1608 sustinet

159 1624 291 1678 elevatam
308 1639 393 1691 nsque
412 1623 447 1677 ad
464 1625 549 1678 Pater
566 1629 663 1678 mater.

194 1696 369 1762 Prosequitur
388 1694 484 1749 deiude
502 1695 654 1763 Episcopus
672 1695 783 1749 Missam
795 1701 831 1748 ut
847 1694 876 1748 iu
894 1694 958 1750 Mis·

50 1745 52 1748 ·
158 1767 217 1821 sali.
246 1767 386 1821 Incensato
406 1773 495 1820 autem
513 1767 599 1834 altari,
619 1765 681 1820 dum
694 1765 783 1820 reddit
795 1765 960 1820 thuribulum

158 1836 279 1906 diacono,
295 1837 391 1905 accipit
403 1838 509 1891 mitram
518 1837 664 1904 pretiosam
678 1852 695 1890 a
707 1838 793 1904 primo
808 1837 959 1906 assistente,

157 1915 187 1962 et
204 1907 373 1963 thurificatur
400 1909 428 1962 iu
447 1909 541 1964 eodem
564 1907 624 1962 loco
649 1915 723 1963 stans
748 1923 765 1961 a
783 1907 895 1962 diacono
913 1909 959 1962 tri·

159 1979 222 2047 plici
241 1979 338 2047 ductu,
366 1986 395 2034 et
413 1980 503 2034 statim
520 1978 594 2033 lavat
618 1995 711 2034 manus
729 1994 803 2033 more
822 1979 902 2033 solito
921 1978 959 2032 di-

159 2065 222 2104 ceus
235 2051 372 2105 Psalmum
388 2050 509 2116 Laudic,
528 2051 694 2106 ministrante
711 2051 866 2118 mappulam
883 2065 958 2118 pres-

158 2121 252 2189 bytero
273 2122 423 2176 assistente.
459 2122 596 2176 Diacouus
614 2137 679 2176 vero
697 2122 804 2176 interim
821 2120 957 2176 thurificat

158 2192 314 2260 Praelatos,
342 2193 506 2261 Dignitates,
535 2192 698 2261 canonicos,
726 2193 902 2261 Magistratus
930 2199 957 2246 et

157 2263 278 2318 aliosde
297 2264 387 2331 choro,
405 2279 479 2318 more
499 2265 641 2318 ordinario.

193 2334 340 2402 Postquam
365 2335 517 2402 Episcopus
550 2335 616 2390 lavit
642 2351 736 2388 manus
768 2341 796 2388 et
823 2333 956 2401 abstersit,

160 2403 280 2459 aufertur
298 2406 324 2459 ei
341 2406 421 2459 mitra
445 2407 479 2460 ab
505 2406 663 2475 assistente,
692 2413 719 2460 et
737 2412 828 2460 cetera
845 2403 910 2458 iacit
928 2419 959 2457 ac

159 2477 293 2545 observat,
311 2484 393 2544 prout
406 2477 453 2531 alii
468 2477 630 2546 sacerdotes,
649 2478 700 2532 uisi
714 2475 828 2544 quadiu
842 2475 959 2543 canone,

158 2547 212 2601 ubi·
223 2548 268 2601 alii
287 2547 392 2601 dicunt:
414 2548 456 2602 Et
472 2548 603 2602 anamim
621 2554 712 2602 norbo
730 2547 777 2614 N„
795 2547 855 2614 ipse
874 2545 958 2600 dicat:

158 2619 200 2672 Et
216 2635 257 2672 me
274 2617 386 2687 iudicato
404 2633 479 2672 cerco
497 2625 553 2674 tuo.
590 2621 668 2673 Dicto
688 2619 819 2683 Solemus,
846 2624 897 2672 etc.
915 2616 960 2670 vel

158 2689 282 2757 incoepto
298 2689 414 2757 (laneus,
430 2698 552 2758 quatuor,
571 2706 628 2760 sex,
646 2698 692 2744 aut
705 2689 741 2744 ad
754 2705 884 2744 summum
899 2695 960 2742 octo

158 2760 280 2828 ministri,
299 2760 377 2815 cottis
390 2760 484 2829 induti,
503 2760 618 2816 afferunt
631 2760 742 2816 totidem
759 2759 862 2814 funalia
879 2771 957 2814 cerae

158 2831 236 2886 albae
255 2845 375 2899 accensa,
394 2839 422 2885 et
433 2830 511 2887 iactis
525 2831 622 2890 debbis
639 2832 806 2901 reverentiis,
825 2831 958 2886 couocaut
