2098 3222
166 191 207 236 882
509 195 629 246 Appendtx.

164 305 206 354 tes
221 297 317 354 emisso
330 298 480 353 iuramento
494 297 639 352 affirmasse
653 311 684 350 ao
699 295 887 365 spopondisse,
903 309 958 352 seso

165 370 281 438 allegam
298 385 353 425 non
361 369 525 425 commisisse
538 384 587 437 spe
600 367 703 423 facilius
721 367 908 436 impetrandae
925 367 959 422 di·

166 441 346 511 sponsationis
360 441 463 509 ductos,
481 455 532 494 nec
548 441 614 494 talia
632 438 759 508 deinceps
772 438 831 494 fore
846 439 963 494 commis·

166 529 253 582 suros,
271 527 360 579 neque
380 511 605 567 committentibus
619 510 766 578 consilium,
786 510 963 564 auxilinmvel

166 582 288 639 favorem
306 583 492 651 praestituros.
518 582 593 650 Quae
612 598 671 636 cum
688 581 728 636 ita
745 581 806 650 sint,
825 581 963 649 plurimun

126 703 129 709 .
166 655 343 710 reverendam
359 654 525 722 Dignitatem
544 654 668 708 Vestram
686 654 768 707 etiam
786 659 868 721 atque
888 653 964 708 etiam

166 742 242 795 rogo,
261 733 291 780 ut
310 723 454 794 suprafatis
468 724 635 864 Oratosffbus,
654 724 701 792 qm
713 724 832 792 separati
851 731 922 793 sunt,
940 731 964 778 et

166 812 216 866 per
233 813 275 852 me
293 798 399 851 veniam
427 796 534 852 contriti
576 803 711 865 necentur,
736 795 912 863 Apostolioae
929 794 964 849 di·

167 868 346 938 spensationis
364 868 477 937 gratiam
495 867 611 936 benigna
628 865 796 936 impertire1)
816 865 950 935 dignetur.

194 989 231 1032 28.
251 983 376 1029 Permula
390 983 494 1039 petendi
508 983 727 1039 dispensaflonem
741 994 821 1038 super
835 953 942 1042 bipedi·

349 1051 435 1093 mento
449 1047 614 1105 cognationis
628 1048 784 1103 spiritualis.

202 1130 299 1184 Peons
316 1129 351 1182 N.
379 1135 406 1183 et
430 1130 509 1183 Anna
526 1128 570 1199 N,
595 1129 752 1196 parochiani
776 1129 838 1198 mei,
865 1129 894 1184 in
917 1128 965 1184 fide

167 1201 299 1256 catholica
317 1199 405 1255 debite
419 1201 549 1269 instructi,
568 1201 680 1268 cupiunt
696 1200 767 1254 inter
785 1215 814 1254 se
828 1199 966 1256 Matrimo-

167 1272 241 1326 nium
257 1271 341 1340 inire;
372 1271 421 1326 sed
439 1288 499 1326 oum
516 1272 605 1328 obstet
629 1271 848 1340 inpedimentum
873 1288 967 1342 cogos-

166 1341 247 1397 tionis
261 1343 408 1410 spiritualis
422 1357 503 1398 exeo
517 1351 613 1412 ortum,
627 1341 699 1410 quod
711 1359 827 1411 sponsus
842 1341 876 1397 de
892 1360 966 1399 sacro

166 1412 241 1470 tonte
258 1413 433 1482 Baptismatis
451 1413 550 1468 levavit
567 1413 672 1482 prolem
689 1413 776 1468 dictae
794 1415 902 1485 Annae,
920 1416 967 1468 hn-

167 1485 265 1540 militer
283 1485 434 1554 supplicant
451 1501 500 1554 pro
520 1485 718 1554 dispensatione
733 1501 815 1555 super
830 1485 903 1542 dicto
922 1487 968 1540 im·

166 1556 328 1627 pedimento,
348 1557 494 1625 allegantes
512 1573 562 1625 pro
576 1572 659 1612 causa
690 1597 877 1611 .....
892 1620 898 1634 ἱ
917 1597 925 1612 .
962 1597 969 1610 .

146 1642 247 1700 ⁴quam
265 1643 380 1698 causam,
405 1635 487 1698 prout
513 1628 652 1698 allegatur,
678 1627 826 1684 subsistere
846 1627 970 1684 existimo

167 1706 310 1759 attestor.

194 1821 231 1862 aa.
249 1815 373 1862 Formnln
386 1815 492 1872 petendi
505 1815 725 1871 dispensationem
738 1827 818 1872 super
831 1815 944 1872 impedi·

372 1884 458 1926 monto
471 1882 593 1936 publicae
606 1880 760 1927 honestatis.

204 1962 270 2017 Cum
287 1963 407 2018 Joannes
425 1963 459 2016 N.
479 1970 506 2018 et
519 1963 608 2018 Maria
620 1963 664 2033 N,
682 1963 840 2032 parochiani
858 1965 915 2020 mei
933 1965 971 2020 ia·

99 2077 101 2082 s
166 2033 278 2089 tendant
295 2033 494 2088 Matrimonium
518 2035 569 2089 rite
588 2035 658 2089 inter
676 2049 705 2090 se
724 2035 895 2106 contrahere,
922 2051 972 2092 neo

129 2123 133 2131 ¹
166 2105 218 2160 hoc
237 2120 329 2160 eorum
353 2104 515 2160 desiderium
539 2105 684 2174 adimplere
702 2105 819 2174 valeant,
843 2107 899 2162 nisi
926 2107 972 2163 ob

98 2223 101 2234 .
167 2183 242 2232 tenta
260 2177 458 2244 dispensatione
477 2191 558 2245 super
569 2175 759 2245 impedimento
776 2177 906 2245 publicae
924 2179 973 2236 ho-

166 2248 280 2303 nestatis
299 2263 333 2302 ex
349 2247 484 2316 prioribus
502 2248 680 2316 sponsalibus,
699 2263 768 2315 quae
786 2247 886 2304 babuit
899 2249 974 2306 idem

167 2319 265 2375 Petrus
283 2335 342 2374 cum
360 2325 444 2374 matre
464 2319 516 2388 (vel
535 2320 636 2388 sorore)
650 2319 764 2389 Mariae,
781 2318 845 2376 ideo
866 2323 975 2392 suppli·

167 2396 230 2445 cant
250 2406 300 2459 pro
318 2390 434 2460 benigna
452 2389 649 2458 dispensatione
674 2405 756 2459 super
778 2389 825 2446 illo
856 2391 976 2462 impedi·

167 2467 256 2515 mento
274 2478 324 2530 pro
343 2477 425 2517 causa
442 2461 589 2530 allegantes
619 2463 801 2530 (enpmmctar
819 2477 913 2518 cama
933 2465 976 2520 ds·-

166 2533 334 2600 speoeande'),
353 2549 433 2602 quam
451 2548 543 2588 eorum
565 2531 752 2602 allegationem
777 2533 898 2590 veritate
926 2537 979 2592 niu¹

167 2607 289 2657 attestor.

181 2729 204 2783 ¹)
218 2731 299 2778 Quodsi
313 2743 380 2783 snper
399 2737 500 2796 tempore
513 2735 600 2784 clauso,
624 2734 659 2774 vel
677 2743 744 2785 snper
757 2733 985 2784 proclamationibus

219 2797 383 2845 dispensatione
398 2809 454 2849 opus
469 2801 510 2850 stt,
534 2801 570 2841 ilc
584 2801 702 2841 inserenda
716 2802 750 2841 est
764 2800 869 2843 canoni·
883 2814 984 2847 cene*

219 2871 281 2906 nens.
660 2879 667 2888 ¹
