2138 3226
163 189 205 232 ata
331 193 363 233 De
377 191 523 232 celebratione
537 191 573 234 SS.
587 190 670 232 Missae
684 176 793 230 seorlllill.

166 295 256 363 tistea,
282 294 309 349 S.
334 295 456 364 losephi,
482 295 506 350 si
527 295 547 348 ii
565 295 618 350 rint
642 292 749 362 patroni
772 293 816 347 vel
834 292 968 363 titulares,

167 373 304 435 ponuntur
322 375 384 420 anta
411 366 459 423 SS.
483 366 629 435 Apostolos
658 364 698 432 (S.
717 364 753 419 R.
774 362 802 418 O.
820 368 863 418 13.
882 363 965 426 Febr.

164 440 266 505 1666).
286 437 315 491 Si
333 437 380 492 SS.
406 438 525 506 Angelis,
553 437 579 490 S.
605 437 704 491 Joanni
728 435 866 502 Baptistae
892 441 920 490 et
938 435 967 489 S.

165 509 286 578 losepho
305 509 373 562 alins
383 508 496 563 Sanctus
514 516 642 576 tanquam
659 514 788 575 patronus
799 522 884 574 aeque
894 506 968 574 prin·

170 581 263 648 cipalis
282 579 451 648 adjungatur,
469 580 575 634 illorum
593 578 739 634 nominatio
763 576 795 632 fit
812 585 875 632 ante
893 580 968 645 Apo·

166 652 258 720 stolas,
277 652 356 705 hrains
371 651 462 704 Sancti
480 659 569 705 autem
587 665 661 704 more
680 649 759 704 solito
777 650 968 716 postAposto·

167 723 217 778 los.
246 721 285 788 (S.
312 721 348 777 R.
376 722 405 776 0.
430 725 471 774 11.
489 723 689 788 Μα111743.);
715 718 853 788 praecedit
877 727 969 775 autern

166 793 281 849 tinssaris
299 800 449 860 patronum.

202 865 232 918 Si
249 864 363 918 eeclesia
381 863 487 917 omnino
505 879 560 917 non
578 869 620 931 est
638 869 803 930 consecrata,
822 876 872 916 nec
885 861 969 916 bene·

167 934 246 1003 dicta,
272 935 336 988 item
354 935 381 987 in
400 935 518 988 oratorio
536 934 642 1002 privato
660 935 704 988 vel
722 933 828 1002 publico
847 949 902 987 non
921 932 968 988 de-

167 1006 264 1074 dicato,
282 1004 458 1060 nominandus
483 1012 525 1060 est
542 1013 672 1073 patronus
699 1005 813 1060 civitatis
837 1004 882 1058 vel
906 1004 970 1073 loci,
1061 1033 1062 1040 .

168 1093 224 1131 non
241 1091 306 1130 vero
324 1084 454 1144 patronus
471 1076 516 1130 vel
525 1076 640 1130 titularis
654 1076 784 1131 ecelesiae
797 1075 971 1144 parochialis,

170 1149 242 1202 intra
259 1148 335 1202 cuius
352 1147 449 1202 limites
468 1148 520 1202 sita
538 1155 600 1202 sunt
618 1148 743 1216 oratoria,
770 1162 821 1200 nco
838 1154 971 1214 patronus

169 1218 307 1286 ecclesiae,
326 1219 369 1272 cui
387 1218 526 1273 celebrans
539 1217 688 1286 adscriptus
698 1227 741 1274 cst
749 1237 758 1285 ς,
776 1218 900 1286 subiungi
913 1233 970 1272 non

167 1296 258 1358 potest
275 1304 372 1343 nomen
389 1291 496 1358 patroni
515 1290 634 1356 capellae
659 1291 794 1359 propriae,
822 1289 846 1344 si
868 1289 971 1344 habeat

169 1360 210 1428 (S.
228 1360 263 1415 R.
283 1360 311 1415 0.
330 1364 373 1414 12.
392 1360 464 1429 Sept.
482 1364 574 1428 1840.)

207 1431 236 1486 Si
254 1432 346 1500 plures
365 1441 427 1486 sunt
443 1432 551 1500 patroni
578 1446 664 1498 aeque
681 1431 850 1500 principales,
876 1445 970 1485 omnes

172 1510 235 1558 sunt
252 1503 418 1571 nominandi3
438 1519 515 1558 secus
533 1510 637 1558 tantum
654 1503 827 1570 principalior
845 1500 884 1569 (S.
895 1501 931 1560 R.
943 1501 974 1556 0.
1061 1493 1062 1504 ²

174 1578 218 1629 23.
237 1575 318 1630 Febr.
336 1578 414 1629 1839.
433 1581 461 1629 et
477 1578 519 1630 11.
537 1575 622 1628 Mart.
641 1575 742 1641 1843).

206 1647 236 1713 k)
253 1646 285 1699 ln
309 1645 437 1700 Oratione
461 1647 489 1700 A
516 1645 595 1700 domo
619 1645 714 1698 melius
739 1645 851 1712 legitur:
878 1650 973 1699 tran·

83 1784 85 1790 1
171 1717 551 1784 quillitatibuahuius
577 1723 725 1783 optatae
751 1715 974 1770 consolatio-

169 1789 238 1858 nis,
257 1804 349 1855 quam:
369 1787 657 1855 tranquillitatis
683 1787 790 1842 huius
816 1794 969 1854 optatae
1011 1833 1015 1848 ,

169 1860 427 1915 consolatione
448 1859 487 1925 (S.
505 1858 540 1913 R.
561 1858 590 1914 O.
608 1861 650 1913 16.
669 1857 742 1926 Sept.
761 1859 861 1925 1865).

204 1930 223 1999 l)
242 1931 335 1985 Oratio
355 1931 482 2000 Ooaeede,
501 1945 570 1997 quae
588 1929 696 1996 saepius
714 1944 764 1997 per
783 1943 881 1982 annum
899 1926 971 1982 desi·

170 2009 276 2070 gratur,
293 2017 348 2055 non
366 2008 408 2056 est
427 2016 467 2070 ea,
487 2015 557 2068 quae
574 2001 662 2068 prima
679 2001 750 2054 inter
771 1999 914 2054 Oratim
931 1997 971 2052 od

169 2073 278 2127 dicero
294 2073 436 2141 invenitur,
462 2072 510 2126 scd
530 2071 564 2126 de
582 2072 613 2125 B.
632 2071 670 2128 la
689 2071 723 2127 V.
751 2078 778 2126 et
802 2071 918 2126 habetur
941 2070 971 2124 in

79 2193 82 2202 .
170 2144 275 2198 Missafi
292 2151 355 2211 post
371 2143 538 2197 Dominicam
554 2143 583 2197 in
600 2143 684 2198 Albis.

204 2215 240 2284 m)
259 2216 290 2268 ln
300 2212 471 2269 Orationibus
490 2215 648 2282 cognomina
666 2219 694 2266 et
712 2213 802 2280 patria
810 2211 971 2266 Sanctorum

169 2301 224 2340 non
242 2293 304 2340 sunt
322 2285 505 2353 exprimenda,
529 2301 553 2338 e.
579 2301 605 2352 g.
630 2284 656 2338 S.
675 2284 750 2338 Petri
777 2283 893 2338 Nolaeoi
916 2285 971 2351 (31.

169 2357 309 2425 ianuarii),
330 2357 357 2410 S.
376 2356 455 2412 loon.
475 2357 508 2410 de
524 2357 625 2410 Matho
643 2354 678 2423 (8.
696 2355 797 2424 Febr),
816 2353 843 2408 S.
862 2352 972 2422 Marga-

169 2428 237 2482 ritae
257 2426 291 2481 de
310 2427 429 2480 Cortona
447 2429 500 2498 (27.
515 2427 615 2495 Febr),
634 2426 661 2480 S.
671 2426 808 2480 Francisci
826 2425 860 2478 de
877 2424 973 2478 Panlo

170 2498 206 2566 (2.
224 2497 328 2567 April.)‚
354 2497 381 2551 S.
400 2499 442 2552 Pii
468 2498 564 2568 Quinti
588 2499 622 2567 (5.
640 2497 726 2566 Maii),
753 2497 780 2550 S.
805 2495 972 2563 Margaritae

169 2568 310 2623 Scotorum
323 2569 375 2638 (10.
386 2570 479 2639 Jtmii),
499 2569 527 2625 S.
538 2569 650 2624 Joannis
661 2567 803 2623 Gaalbaa
816 2565 868 2636 (12.
878 2566 972 2636 Junii),

170 2638 197 2694 S.
211 2639 330 2708 Philippi
347 2641 454 2694 Beaitii
471 2639 523 2709 (23.
542 2640 632 2710 Aua),
647 2640 674 2695 S.
683 2638 834 2708 Raymnndi
844 2636 975 2692 Nonaoti

170 2709 223 2778 (31.
243 2710 332 2781 Aua),
358 2711 385 2766 S.
409 2711 547 2766 Francisei
570 2711 690 2780 Borpioa
718 2713 772 2778 (11.
791 2707 905 2778 Oeten).
934 2737 970 2748 -

168 2779 347 2849 Exeipinntur
360 2789 450 2836 tamen
464 2780 606 2836 Orationes
625 2782 652 2835 S.
662 2781 775 2836 loannis
787 2779 971 2849 chrysostomi

171 2851 224 2920 (27.
242 2852 322 2922 lan),
343 2852 369 2908 S.
388 2853 463 2908 Petri
481 2853 627 2907 Coelestini
645 2852 698 2920 (19.
717 2852 795 2920 Maii)
813 2857 840 2906 et
859 2851 885 2904 S.
897 2849 973 2906 Petri
