2138 3226
304 177 382 216 Preces
397 177 425 216 ad
438 177 555 219 lucrandas
568 175 723 226 indulgentias.
879 145 920 218 lii

114 263 246 346 gremium
261 275 404 334 confluant.
423 277 445 331 Ο
459 285 553 346 pastor
566 279 644 347 boue,
658 279 703 346 qui
717 277 831 334 animam
843 285 917 335 tuam

115 365 165 418 pro
185 349 282 405 ovibus
302 349 355 403 tuis
377 350 505 418 posuisti,
535 365 643 418 gregem
667 357 743 404 tuum
760 355 872 418 protege
891 359 919 407 et

114 427 210 474 contra
226 420 282 472 vim
299 419 463 488 insidiasque
482 436 575 476 eorum
593 420 714 489 defende,
742 421 788 487 qui
808 422 918 478 veniunt

113 493 143 544 in
159 491 329 546 vestimentis
348 491 452 561 ovium,
479 492 638 547 intrinsecus
666 498 755 545 autem
782 499 844 546 sunt
860 493 918 562 lupi

113 577 237 630 rapaces.
274 562 339 629 Fac,
358 569 389 617 ut
405 579 487 616 uuum
504 577 596 618 omues
614 570 751 633 pastorem
769 562 917 634 admittant,

112 641 143 688 et
156 649 240 687 unum
255 633 372 686 omnium
386 634 421 688 sit
435 634 513 688 ovile.
539 635 620 690 Mane
634 634 779 702 nobiscum,
793 633 916 704 Domine,

114 706 243 772 quoniam
262 704 366 759 dixisti:
394 705 475 775 Ecce,
494 720 544 773 ego
563 706 701 760 vobiscum
719 721 777 760 sum
795 705 917 761 omnibus

111 776 211 830 dicbus
229 791 315 842 usquc
335 775 370 829 ad
388 777 642 831 consummationem
660 776 767 831 saeculi.
799 776 917 832 Ostende

113 847 258 902 ecclesiam
278 854 352 900 tuam
372 846 539 901 aedificatam
558 863 617 903 csse
637 862 718 916 super
742 854 861 917 petram,
891 855 920 902 ct

112 925 208 987 portas
227 916 306 972 interi
324 933 379 972 non
396 919 554 986 praevalere
573 919 702 974 adversus
721 933 787 974 earn.
822 920 918 974 Amen.

151 990 235 1043 Pater
252 996 346 1043 noster
364 994 414 1044 etc.
451 989 509 1044 Ave
527 990 615 1044 Maria
633 997 683 1044 etc.

156 1061 187 1114 V.
206 1060 249 1114 Ne
267 1059 360 1115 medas
378 1061 472 1116 bestiis
491 1061 592 1116 animas
611 1061 768 1116 confitentes
786 1063 844 1131 tibi,

113 1203 120 1215 ι
150 1132 186 1256 ΙΞ.
206 1131 245 1186 Et
263 1132 366 1186 animas
383 1146 534 1201 pauperum
558 1140 666 1188 tuorum
689 1147 723 1187 ne
750 1134 916 1190 obliviscaris

110 1219 142 1256 rn
179 1218 249 1257 nem.

152 1273 272 1328 Oramus.
290 1273 429 1328 Ecclesiae
447 1279 519 1341 tuae,
539 1288 699 1340 quaesumus
712 1275 834 1344 Domine,
852 1290 913 1344 pre·

110 1360 160 1400 ces
178 1345 302 1412 placatus
321 1344 445 1412 admitte3
464 1351 494 1398 ut
510 1344 651 1400 destructis
665 1345 871 1402 adversitatibus
886 1353 914 1402 et

111 1417 252 1471 erroribus
266 1416 406 1484 universis,
425 1430 521 1470 secura
533 1417 583 1470 tibi
596 1418 697 1472 serviat
707 1417 840 1473 libertate.
859 1419 913 1473 Per

114 1488 253 1542 Christum
270 1487 424 1542 Dominum.
459 1488 553 1541 Amen.

319 1583 339 1625 3.
363 1581 437 1626 oratio
450 1582 478 1626 sd
492 1581 594 1634 Spiritum
608 1585 711 1635 anctum,

263 1649 304 1688 pro
323 1639 440 1678 concordia
454 1640 623 1678 christianorum
637 1641 767 1688 principum

151 1699 174 1753 0
194 1706 287 1754 sancte
306 1699 433 1769 Spiritus,
463 1698 577 1768 Spiritus
596 1701 693 1754 amoris
712 1707 741 1754 et
757 1699 840 1768 pacis,
868 1700 914 1766 qui

111 1777 154 1826 tot
171 1777 282 1838 umque
302 1771 422 1826 diverses
440 1778 534 1838 gentes
558 1772 587 1824 in
604 1772 706 1826 unitate
723 1770 788 1825 fidei
805 1785 917 1838 congre·

112 1843 197 1910 gasti3
215 1842 315 1910 largire
330 1842 481 1897 christianis
497 1843 670 1911 principibus,
689 1856 834 1909 eorumque
853 1858 916 1896 con·

113 1913 222 1968 silisriis
241 1913 430 1968 abunduntiam
447 1920 510 1967 tuae
531 1915 641 1982 gratiae,
664 1928 788 1981 novoque
805 1913 851 1968 illo
871 1927 914 1968 ca-

113 1984 202 2039 ritatis
216 1984 351 2053 mandato,
366 1984 439 2052 quod
453 1985 574 2040 Christus
593 1985 685 2040 abiens
704 1999 737 2039 ex
751 1986 804 2039 hoc
815 1984 914 2039 mundo

112 2054 253 2122 discipulis
267 2056 322 2110 suis
341 2055 421 2123 dedit,
440 2070 533 2110 eorum
553 2056 636 2110 corda
647 2057 744 2125 imbue,
762 2063 793 2110 ut
811 2071 845 2110 ex
862 2056 915 2110 hoc

112 2141 207 2181 omnes
227 2133 381 2195 agnoscant,
405 2141 452 2182 eos
469 2127 497 2180 in
515 2142 626 2182 numero
645 2128 790 2182 electorum
807 2134 914 2182 tuorum

111 2196 277 2266 censendos,
296 2205 324 2252 ct
342 2197 486 2252 christiano
504 2199 611 2252 nomine
630 2197 724 2267 dignos
743 2213 812 2254 csse.
847 2199 912 2267 Fac,

112 2284 147 2322 ne
165 2269 224 2324 ulla
240 2284 359 2336 unquam
376 2268 521 2336 cupiditate
540 2268 654 2338 abducti,
677 2270 821 2337 quidquam
837 2269 913 2324 moli·

111 2346 209 2408 autur,
238 2339 311 2407 quod
338 2339 443 2394 divinae
476 2347 539 2394 tuas
571 2341 672 2410 gloriae
702 2340 912 2407 concordiaeque

111 2410 244 2465 ccclesiae
263 2410 433 2480 adversetur,
461 2410 509 2466 sed
528 2413 673 2466 coniunctis
697 2413 787 2481 potius
811 2411 912 2465 viribus

111 2481 147 2534 ad
164 2482 241 2550 pacis
261 2488 387 2537 aeternae
399 2481 537 2550 visionem,
556 2482 591 2536 ad
605 2482 748 2538 coelestem
762 2482 913 2537 Jerusalem

112 2553 243 2678 ffi'fflm
271 2552 322 2608 sibl
340 2552 488 2608 subiectum
513 2567 603 2608 secum
619 2554 766 2622 perducere
784 2554 912 2608 uitentur.

164 2638 208 2677 cn.

145 2695 231 2748 Pater
247 2702 340 2750 noster
358 2701 408 2750 etc.
444 2693 503 2749 Ave
521 2695 610 2750 Maria
627 2702 679 2754 etc.

150 2765 182 2820 V.
200 2765 265 2820 Fiat
280 2781 336 2834 pax
352 2765 381 2818 in
398 2766 496 2821 virtute
514 2772 570 2834 tua,

145 2835 183 2890 R.
201 2836 240 2890 Et
257 2836 422 2892 abundantia
438 2837 466 2890 iu
483 2838 602 2892 turribus
621 2837 683 2892 tuis.
