2124 3230
148 136 190 182 802
320 141 353 180 Da
368 141 515 196 wintone
528 140 565 184 stt.
579 141 663 184 Mlsm
675 141 785 184 numen

151 241 959 325 ·1)Ad0raoacs,tamenante1³oterooatcrpriusnon

148 320 431 453 midudtdrbomtuus
447 386 592 453 cohaesio,
611 385 646 443 ad
665 385 793 456 populum
810 405 920 448 versus.

184 455 210 526 3)
229 455 273 510 Ad
294 455 375 514 &ata
389 458 498 525 fratrea.

147 552 182 608 D.
201 553 328 610 Manus
346 555 447 623 prius
466 561 635 610 extensae
655 555 720 626 (non
734 557 874 628 elevando]
890 545 958 614 ante

197 634 292 693 pectus
310 626 470 694 iunguntur:
491 627 583 696 (Rubr.
602 626 678 682 Miss.
696 628 737 682 tit.
758 630 782 682 5.
800 645 828 685 n.
848 629 882 699 1).

186 714 211 784 1)
230 715 297 770 Post
316 713 458 772 Orationes
477 714 512 770 ad
532 715 632 770 verba:
650 715 706 770 Per
717 717 755 770 D.
768 717 806 772 N.
818 717 846 772 J.
865 715 894 773 0.
909 718 958 774 vel

148 785 177 840 in
195 786 249 840 alia
267 787 435 841 conclusione
453 788 484 840 ic
501 789 612 844 unitate.

186 856 212 926 2)
231 857 299 912 Post
315 857 405 912 Praei.
432 857 467 912 ad
485 857 602 912 Sanctus
619 874 704 926 usque
727 854 761 912 ad
778 857 957 916 Benedictus.

186 927 212 998 3)
231 928 298 984 Post
320 927 550 984 Commuciocutes
568 927 603 982 ad
621 929 704 984 verba
720 929 774 984 Per
792 929 915 985 mudum.

186 999 213 1068 4)
232 999 299 1054 Post
312 999 395 1054 Hunc
408 1002 492 1069 icitur
506 997 637 1055 ad‘verba
650 999 705 1056 Per
717 1000 854 1056 cortuum
865 1001 905 1058 1).
914 1001 955 1056 N.

187 1069 213 1140 5)
232 1070 299 1125 Post
317 1069 474 1126 Orationes:
494 1071 635 1140 Supplices
650 1101 682 1110 -
695 1073 830 1126 Menecto
844 1103 880 1112 -
895 1071 955 1128 Νο·

153 1140 194 1196 bis
222 1157 328 1210 quoque
349 1143 545 1212 peccatoribus.
581 1141 646 1211 (cn.
674 1141 746 1199 Ordo
764 1137 803 1197 M.
822 1150 851 1198 et
867 1144 956 1200 Rubr.

149 1211 225 1266 Miss.
244 1213 285 1267 tit.
305 1217 330 1268 9.
348 1231 376 1272 n.
396 1217 420 1267 1.
438 1214 466 1266 in
483 1211 556 1282 fine.)

150 1308 184 1366 E.
203 1309 327 1365 Manus
348 1317 514 1365 extensae
535 1317 798 1365 tenenturante
821 1318 952 1382 pectus,

206 1382 264 1436 scil.
277 1382 323 1448 ita,
342 1388 372 1435 ut
390 1383 480 1449 palma
491 1381 570 1436 unius
585 1397 679 1436 manus
690 1383 818 1451 respiciat
829 1383 953 1454 alteram,

205 1460 233 1508 et
246 1452 335 1521 digitis
350 1453 427 1508 sitnm
439 1453 543 1520 iunctis,
565 1468 678 1520 quornm
698 1453 835 1508 summitas
857 1455 952 1508 hume·
1052 1445 1053 1470 ³

207 1540 299 1578 rorum
322 1523 489 1579 altitudinem
511 1523 717 1592 distantiamque
740 1541 796 1579 non
820 1525 950 1582 excedat:

205 1595 298 1665 (Rubr.
316 1595 392 1650 Miss.
410 1596 451 1649 tit.
471 1597 496 1648 5.
514 1611 541 1648 n.
561 1595 595 1664 1.)

189 1693 213 1766 1)
232 1693 315 1760 Infra
333 1691 474 1747 Orationes
488 1707 577 1746 omnes
596 1693 651 1748 scil.
666 1691 806 1762 deflectas,
826 1692 952 1750 Secretas

151 1764 429 1820 Postoommunionem
447 1778 532 1830 usqne
552 1761 586 1816 ad
604 1763 659 1817 Per
676 1763 712 1817 D.
735 1765 782 1832 N„
808 1765 832 1820 si
856 1781 954 1820 nomen

150 1836 218 1891 Jesu
237 1834 366 1904 occurrit,
392 1835 436 1889 vel
462 1849 547 1901 usque
567 1833 601 1888 ad
618 1836 649 1888 ia
666 1837 785 1904 coitate,
815 1837 838 1891 si
855 1852 954 1894 nomen

152 1907 219 1961 Jesu
235 1921 290 1960 non
309 1907 424 1960 occurrit
440 1905 469 1960 in
487 1905 614 1960 clausula.

186 1976 213 2046 2)
231 1978 287 2031 Per
303 1983 388 2031 totam
406 1975 616 2044 Praefatiocem.

188 2048 214 2118 3)
232 2049 307 2104 Inter
326 2049 461 2104 canonem
479 2047 536 2104 fere
556 2061 669 2117 semper,
693 2047 745 2102 nisi
764 2047 888 2120 exceptio
906 2064 950 2104 ex·

150 2119 289 2187 primatus.

150 2215 183 2271 F.
206 2217 331 2272 Manus
351 2224 528 2272 extensae
547 2231 656 2285 super
674 2215 789 2272 altare
803 2225 953 2288 ponuntur:

212 2289 278 2360 (Cir.
296 2289 381 2344 Rubr.
399 2288 475 2342 Miss.
493 2289 534 2343 tit.
553 2292 578 2342 4.
597 2304 623 2342 n.
645 2291 668 2342 1.
689 2294 716 2342 et
732 2287 772 2342 tit.
792 2291 817 2344 9.
836 2305 863 2344 n.
884 2289 917 2359 1).

190 2378 215 2446 1)
235 2377 347 2444 Quoties
365 2375 500 2430 celebrans
517 2376 656 2430 osanam
673 2376 768 2430 attare.

188 2447 534 2518 2)Q10tiesstecttt9euu
559 2447 597 2500 cd
623 2447 848 2516 altareexoepta
872 2463 953 2517 genu·

152 2517 268 2574 flexione
287 2516 438 2571 immediate
457 2525 518 2571 ante
536 2517 641 2572 hostiae
661 2518 846 2579 elevationem.

189 2589 215 2660 3)
234 2587 277 2642 Ad
290 2587 375 2642 verbe
387 2587 578 2642 Praefationis:
598 2589 653 2642 Per
668 2590 759 2643 omnio
777 2622 803 2630 —
818 2589 953 2646 Dominae

150 2661 293 2714 cucusum.

188 2733 217 2798 4)
235 2729 306 2784 Ante
325 2726 409 2782 Pater
426 2733 516 2782 aona
534 2729 568 2784 ad
586 2729 641 2786 Per
658 2731 750 2786 omnic
768 2737 819 2789 etc.
943 2793 946 2800 ,

191 2801 217 2871 5)
236 2801 311 2854 Inter
328 2799 491 2869 Epzstolcm,
512 2799 651 2856 &adacte
670 2810 697 2858 et
710 2801 884 2874 sequentiam
899 2818 952 2862 mt-
