2152 3234
327 153 360 193 De
373 153 410 197 88.
424 153 577 194 Eucharistiae
590 153 739 198 sacramento.
891 151 933 196 487

131 253 243 322 maiori,
269 253 314 308 vel
336 254 366 308 in
390 253 481 323 alio,¹)
508 251 581 322 quod
604 253 771 309 venerationi
798 261 826 310 et
850 255 932 312 otritui

132 326 202 381 tanti
220 324 385 380 Sacramenti
403 324 567 380 commodius
590 341 621 380 ao
645 324 783 381 decentius
800 327 932 397 videatur,

132 398 168 452 sit
187 397 360 466 collocatum,
387 396 426 451 ite
443 403 474 451 ut
491 397 592 450 nulium
612 397 671 452 aliis
691 397 774 452 sacris
791 395 933 452 fnnchoni·
1004 441 1005 446 ι

132 469 193 538 bus,
220 474 267 522 ant
285 467 471 523 ecclesiasticis
491 466 586 523 officiis
603 467 820 536 impedimentum
838 467 951 528 effera,

133 546 188 596 tur.
219 539 371 608 Lampades
385 554 475 594 coram
489 554 521 594 eo
535 539 635 608 plures,
648 539 692 593 rei
706 539 876 610 saltemuna,
891 539 935 595 die

133 617 268 678 noctuque
276 611 297 680 2)
315 618 447 679 perpetuo
462 611 606 679 colluceat3
621 610 777 679 curabitque
791 611 934 680 parochus,

134 688 166 737 ut
185 683 274 736 omnia
292 681 327 735 ad
343 682 428 750 ipsius
448 681 611 736 Sacrameuti
630 682 729 736 cultum
747 682 877 752 ordinata,
896 682 936 736 in·

134 760 214 822 tegra
231 752 383 820 mundaque
401 753 461 822 sint,
481 759 509 807 et
526 760 725 811 conserventur.

168 827 195 878 7.
214 823 402 879 Sanctissimae
430 825 616 880 Eucharistiae
641 825 785 894 particulas
810 823 933 892 frequen-

130 893 203 966 tari)
217 895 366 952 renovabit
397 895 510 950 Hostiae
523 911 598 966 vero,
616 911 665 950 seu
678 897 827 965 particulae
841 909 934 950 conse·

185 1045 216 1084 sit
229 1054 269 1084 rae
282 1045 376 1094 tiorum,
395 1046 429 1084 vei
443 1046 495 1094 quid
510 1047 592 1096 simiis,
616 1047 674 1096 qnod
693 1045 830 1095 praedictum
844 1043 936 1092 occupet

187 1111 299 1162 osticium,
314 1112 410 1161 imagine
424 1112 512 1152 Domini
525 1113 597 1152 nostri
610 1113 633 1154 iu
644 1113 719 1152 eodem
728 1111 854 1162 insculptai
878 1110 898 1153 S.
908 1110 934 1149 B.

186 1177 209 1223 0.
222 1177 259 1221 22.
274 1179 324 1218 Jaa.
338 1177 396 1227 1701,
415 1189 472 1227 resp.
486 1179 600 1228 pagatim
619 1188 683 1228 posse
697 1181 772 1218 tamen
785 1178 809 1217 in
822 1175 936 1216 humiliori

189 1246 212 1283 et
226 1243 346 1283 decentiori
360 1243 415 1288 ioco.

150 1308 172 1362 1)
186 1309 230 1350 Sed
242 1310 266 1349 in
279 1321 323 1350 unc
337 1312 424 1350 tantum
437 1311 503 1350 alteri
516 1311 651 1360 designando
666 1312 694 1351 ab
703 1311 819 1360 apocope.
836 1309 866 1362 (S.
877 1311 903 1350 B.
913 1309 936 1353 0.

189 1376 225 1418 21.
240 1375 376 1428 1ιι1ιι1696.)
387 1399 411 1408 -
426 1377 449 1418 Si
463 1378 499 1421 88,
513 1377 678 1418 Sacramentum
690 1377 713 1416 in
727 1378 795 1418 uitari
808 1377 887 1417 maiori
901 1387 937 1417 as·

188 1443 273 1482 serrari
285 1444 389 1492 nequeat,
403 1452 447 1482 non
462 1442 601 1481 custodiatur
614 1441 713 1481 inaltari
722 1441 840 1490 amoribili,
855 1441 899 1480 sito
912 1440 936 1479 in

188 1507 260 1546 medio
274 1508 389 1559 ecciesiae,
411 1507 450 1548 sed
462 1507 582 1547 collocetur
602 1507 625 1546 in
647 1507 720 1555 aliquo
741 1506 827 1546 decenti
847 1505 936 1554 sacello,

189 1574 247 1622 quod
260 1583 305 1614 uon
319 1575 349 1614 sii
363 1585 374 1614 c
389 1576 508 1624 conspectu
521 1573 584 1613 chori
597 1573 626 1621 (S.
643 1573 668 1612 Β.
680 1573 701 1616 0.
715 1571 748 1611 14.
762 1571 824 1611 Jsaii
837 1570 909 1619 1845.)

149 1636 171 1692 ²)
185 1639 311 1680 Generatim
324 1642 430 1682 utendum
443 1651 491 1681 esse
510 1638 559 1680 olco
583 1639 703 1688 olivarum
724 1639 763 1678 ubi
783 1647 836 1676 vero
856 1637 935 1677 haberi

189 1710 292 1757 nequeat,
307 1708 461 1748 remittendum
471 1718 518 1748 esse
528 1706 657 1756 prudentiae
665 1706 833 1755 iipiscopornm,
847 1706 872 1742 ut
882 1704 936 1744 lam·

188 1773 256 1822 pates
270 1773 398 1813 nutriantur
407 1785 435 1813 cx
445 1773 495 1813 aliis
511 1772 572 1822 cleis,
585 1774 692 1821 quantum
706 1772 754 1811 iteri
762 1770 834 1820 pessit
846 1773 936 1818 vegeta·

186 1838 277 1887 bilibus,
285 1838 382 1878 decrerit
395 1839 416 1883 S.
425 1839 451 1882 R.
461 1839 483 1882 0.
498 1839 532 1877 die
546 1834 565 1882 9,
581 1839 595 1879 J
597 1837 635 1876 uiii
648 1834 709 1878 1864.
724 1835 859 1885 Lampadem
872 1845 936 1885 prse-
979 1831 980 1834 ’

189 1905 282 1944 arandi
300 1905 401 1944 humoris
416 1915 483 1945 causa
496 1905 548 1945 iicet
561 1905 611 1944 velo
626 1905 746 1954 cooperire.
773 1904 802 1955 (S.
817 1904 841 1945 ii.
859 1903 881 1943 0.
902 1901 934 1944 16.

187 1968 242 2020 sept.
258 1968 325 2020 1866.)

146 2033 171 2088 ἃ)
185 2037 296 2086 Praecipit
313 2037 368 2076 haec
381 2037 479 2077 Robrica
492 2039 580 2087 nostra,
603 2039 629 2078 nt
649 2037 776 2086 hequenter
796 2023 931 2076 renoventur

187 2101 316 2150 particulae,
330 2113 358 2142 ne
371 2103 488 2153 ianyxide
501 2104 524 2142 st
537 2103 560 2142 iu
573 2104 718 2146 tabernaculo
732 2103 821 2142 clausae
835 2111 932 2140 corrum-

186 2169 270 2216 pantur
283 2168 306 2205 et
320 2167 351 2206 sic
366 2165 532 2208 Sacramentum
545 2180 589 2208 non
603 2169 697 2219 amplius
711 2168 776 2217 adsit,
793 2164 935 2219 quiaicorru·

187 2233 232 2282 ptis
245 2233 310 2282 panis
324 2233 447 2283 speciebus,
462 2237 535 2274 cessat
549 2243 596 2274 esse
611 2234 696 2284 corpus
710 2234 800 2274 christi.
828 2232 934 2274 chaenic-

186 2299 244 2339 ainis
253 2300 353 2350 Epiruma
368 2301 404 2342 ιιι.
418 2300 436 2340 1.
447 2311 491 2350 cap.
506 2299 525 2342 6.
534 2311 589 2344 num.
604 2299 625 2344 2.
639 2300 706 2340 semei
721 2301 800 2342 saitem
816 2301 839 2340 in
852 2299 934 2338 hebdo-

187 2367 253 2404 mada
265 2366 383 2406 mutandas
396 2369 418 2405 et
431 2367 568 2406 renovandae
582 2377 630 2406 esse
643 2366 704 2406 dicii.
737 2366 758 2406 S.
767 2367 794 2406 B.
806 2365 828 2409 0.
844 2362 866 2408 ³.
877 2365 935 2415 Sept.

187 2427 247 2474 1672.
256 2431 363 2472 decrevit:
377 2432 420 2483 „In
430 2431 579 2480 renovatione,
593 2443 664 2480 quae
680 2432 816 2482 quolibet
830 2433 934 2471 octarc
981 2461 986 2468 .

187 2495 234 2535 dis
253 2496 323 2536 itari
343 2497 428 2537 debet
446 2489 484 2536 de'
500 2497 711 2545 angustissimo
729 2497 935 2537 Eucharistiae

187 2560 387 2611 sacramento,
402 2562 500 2602 consumi
515 2563 580 2604 debet
593 2566 640 2602 tum
649 2563 730 2612 hostia,
743 2567 791 2602 tum
804 2563 871 2601 etiam
884 2571 934 2610 par·

186 2625 276 2677 ticuias,
298 2637 354 2677 quae
368 2629 466 2668 enatant
480 2628 503 2668 iu
515 2629 664 2679 tabernaculo,
683 2631 735 2678 post
749 2629 899 2678 sumptionem
912 2626 933 2666 s.

187 2692 375 2742 Sanguinis-aute
394 2694 591 2744 purificationem·
623 2693 745 2734 Martenius
764 2694 787 2734 in
806 2703 871 2742 opere
892 2692 934 2742 „dc

187 2760 283 2809 antiquis
298 2760 401 2802 ecciesiae
420 2760 515 2800 ritibus“
539 2760 579 2802 iib.
592 2757 615 2799 1.
635 2770 682 2810 cap.
695 2757 715 2803 d.
734 2770 793 2802 nunu
811 2755 832 2799 3.
847 2759 934 2798 intinite

186 2829 342 2876 propemodum
354 2827 419 2867 aiicrt
432 2827 568 2876 testimonia,
583 2826 662 2875 quibus
677 2825 816 2876 comprobat,
831 2826 934 2864 constan·
