2124 3230
174 183 216 230 tut
342 187 375 228 De
388 186 535 227 celebratione
549 185 586 229 SS.
599 185 682 226 numo
694 184 803 228 seomdrli.

212 289 364 357 Antequam
382 286 562 344 subdiaconus
580 293 670 342 contet
682 285 833 354 Epistolem
852 285 934 341 citou
951 295 982 343 ct

175 361 313 431 Episcopo
326 359 444 414 debitam
456 358 635 413 reverentiam
647 357 720 426 iecit,
739 371 825 425 euque
844 355 923 412 finite
937 373 982 413 cc·

176 432 248 488 cedit
265 447 325 487 cum
339 431 436 486 debitis
449 429 607 484 reverentiis
622 428 656 483 sd
668 429 842 498 Episcopum,
861 429 911 483 nbi
923 445 983 484 mo-

176 521 241 560 num
259 503 316 558 eius
335 517 417 572 super
429 501 526 555 librum
539 501 654 568 positum
668 499 812 568 osculetur,
832 506 861 555 et
879 501 915 555 ob
935 517 983 556 eo·

177 575 239 632 dem
247 572 421 642 benedicitur,
435 579 463 628 ct
478 571 552 626 iectu
564 572 589 625 ei
600 571 691 626 debito
703 571 857 625 reverentis
865 571 982 627 recedit

213 633 359 702 Diocouus'
368 643 490 712 deposito
516 643 584 698 libro
602 642 811 711 Evangeliocum
839 657 926 711 supra
945 645 985 698 oi·

177 725 249 787 ture,
278 715 381 772 secedit
399 714 434 770 sd
450 715 616 784 Episcopum
641 721 669 768 et
686 713 821 770 osculetur
847 714 908 770 cius
925 730 986 770 mu·

177 806 250 857 num,
267 795 325 842 tum
342 786 487 842 revertitur
507 785 542 840 ed
554 785 647 853 dcem,
667 792 694 841 et
712 784 783 839 dicto
801 784 917 839 Mundo
936 803 986 842 cer

177 876 266 916 moon
284 866 335 913 etc.
352 857 465 914 resumit
476 857 574 911 librum
593 855 626 910 de
644 856 731 923 uiuri
750 863 855 910 etcum
873 863 986 926 tempus

179 928 635 999 uu

180 1073 247 1127 Gum
265 1078 389 1126 cunutus
405 1071 542 1125 Donum
559 1069 701 1136 miscam,
726 1069 879 1137 Episcopus
900 1070 986 1140 depo·

181 1145 235 1200 sito
251 1143 332 1197 mitro
349 1143 442 1211 surgit,
464 1149 493 1196 ct
510 1147 620 1209 eccepto
638 1139 734 1194 baculo
752 1141 884 1209 postorali
902 1158 988 1196 msnu

180 1214 297 1282 sinistre,
315 1213 404 1282 signet
417 1228 446 1268 se
462 1212 574 1267 dextero
586 1212 615 1265 in
628 1210 716 1266 fronte
730 1218 782 1269 eto.
818 1211 890 1266 Tum
909 1221 988 1268 tenet

179 1285 304 1340 beculum
320 1286 505 1340 intermunus.
534 1283 623 1338 Finito
636 1282 785 1350 Evangelio
799 1282 986 1341 subdiaconus

180 1357 255 1412 nulls
271 1355 344 1412 fecte
361 1355 514 1412 reverentie
531 1353 610 1410 offsrt
631 1354 729 1408 librum
746 1353 885 1422 Episcopo
906 1371 986 1411 oscu-

180 1427 297 1498 lendum,
327 1443 379 1496 quo
397 1425 468 1482 facto
487 1425 587 1480 claudit
598 1425 695 1479 librum
717 1431 745 1479 ct
761 1425 902 1494 Episcopo
921 1426 988 1482 fucit

180 1500 367 1556 reverentiam.
405 1498 549 1552 Celebrens
566 1511 622 1552 non
639 1496 775 1552 osculetur
791 1495 907 1568 librum,
934 1513 987 1552 uec

181 1570 246 1628 dicit
263 1571 318 1626 Per
335 1570 488 1639 csoupele'oo
506 1568 579 1622 dieto
597 1575 657 1635 eto,
675 1581 725 1621 neo
742 1567 907 1637 incensetur,
933 1570 987 1626 nisi

182 1642 245 1699 dum
257 1642 410 1711 Episcopus
420 1640 522 1695 assistit
530 1655 585 1694 non
593 1644 713 1708 perotus,
727 1653 780 1706 quo
795 1653 860 1694 cusu
869 1640 987 1709 Episco-

182 1730 234 1784 pus
248 1713 384 1770 osculetur
396 1711 501 1779 librum‚
516 1709 565 1765 sed
577 1709 717 1766 celebrans
731 1709 805 1765 solus
818 1710 986 1768 incensetur.

220 1784 413 1852 Subdioconus,
425 1789 569 1850 postquem
582 1781 710 1836 discemus
722 1781 881 1849 imposuerit
893 1783 989 1838 vinum

184 1861 213 1910 st
226 1856 344 1924 culicem,
358 1855 447 1909 elevet
458 1854 488 1907 in
496 1869 580 1908 cornu
590 1853 730 1921 Epistolce
743 1851 889 1920 empuilum
898 1868 989 1922 equoe

184 1941 274 1980 corum
291 1926 427 1995 Episcopo
453 1932 481 1979 et
505 1931 587 1994 ceput
607 1922 740 1992 profunde
765 1924 897 1980 inclinans
922 1925 989 1980 dicit

184 1996 347 2064 Benedicite,
361 1997 446 2051 Pater
458 1994 694 2050 Reocrmdseeimc.
719 1994 865 2052 celebrans
878 1997 989 2052 iuterim

185 2064 312 2190 deffimore
331 2065 395 2122 dicit
407 2067 492 2136 Deus,
511 2067 559 2135 qui
570 2065 707 2120 tumaces
721 2072 781 2135 etc,
800 2065 850 2122 sed
863 2067 922 2122 sine
942 2067 988 2123 be·

184 2151 219 2192 ne
239 2137 345 2195 'suone

221 2206 264 2262 Ad
283 2208 460 2263 elevationem
474 2208 627 2277 Episcopus
644 2223 705 2261 cum
722 2207 779 2262 suis
796 2208 988 2265 tussientibus

186 2277 309 2348 deposita
327 2280 406 2334 mitro
424 2279 578 2348 genuflectit
596 2293 678 2348 super
691 2278 837 2334 cutellum
851 2287 915 2336 unte
931 2295 988 2335 me·

185 2349 260 2404 dium
273 2349 381 2419 elteris3
394 2350 573 2406 subdiaconus
587 2347 742 2418 genuflectit
754 2350 783 2404 in
795 2349 887 2406 infimo
902 2352 988 2421 gredo

185 2435 281 2476 versus
305 2435 389 2476 comu
405 2422 561 2491 Evangelii..
591 2421 678 2476 Fecte
702 2421 853 2476 elevetione
873 2421 987 2491 Episco-

186 2507 238 2560 pus
257 2499 330 2546 stens
349 2500 456 2562 sumpto
477 2493 557 2547 mitra
583 2491 653 2546 redit
671 2491 706 2546 ed
724 2491 816 2547 sedem
834 2508 920 2564 suem,
942 2493 988 2549 ubi

187 2560 311 2630 deposito
335 2563 414 2618 mitre
432 2570 487 2618 stst
502 2563 574 2619 nudo
593 2563 690 2632 cupite.
727 2561 756 2617 Si
775 2563 905 2621 assistens
924 2565 987 2636 Epi-

188 2633 263 2702 scopi
281 2642 390 2689 nonest
406 2635 569 2704 Gunonicus3
589 2633 767 2690 subdiaconus
785 2650 881 2704 putem
899 2653 917 2694 c
934 2637 988 2692 dis·

188 2719 256 2760 cono
274 2712 411 2774 occeptum
430 2705 518 2762 defert
535 2705 571 2762 sd
587 2705 761 2775 Episcopum.
772 2705 791 2777 ¹)

203 2863 226 2916 ¹)
241 2865 321 2906 Utrum
334 2865 358 2904 in
371 2865 442 2906 Misso
456 2864 556 2916 roismrd,
570 2877 627 2916 once
640 2877 714 2908 corum
734 2867 845 2918 Episcopo
858 2867 986 2915 ubbretur.
1044 2882 1048 2933 ι
