2106 3228
354 189 476 230 lleditandi
489 189 612 235 methodus,
872 182 887 231 'i

92 291 128 340 est
144 286 216 341 nimis
232 286 442 359 immorandum,
467 305 553 358 nsque
571 291 610 345 ita
627 289 820 362 laborandum,
849 297 882 348 ut

91 365 160 425 eaput
176 359 360 430 obtundamus,
378 361 494 429 ideoque
512 363 598 430 ipsam
610 363 810 418 meditationem
831 363 882 418 im·

90 429 230 496 pediamus,
256 431 306 486 sed
323 441 388 486 tunc
405 432 458 487 hoc
474 433 588 502 primum
605 433 773 503 praeludium
790 435 883 490 consi·

89 500 176 554 stetin
192 502 250 556 sola
265 503 455 558 recordatione
472 506 608 574 materiae,
627 505 661 559 de
680 520 734 572 qua
746 505 880 560 meditan-

90 569 145 625 dum
160 579 207 628 est.
236 573 363 629 (laterum
380 575 434 628 iam
452 575 480 628 in
496 577 704 644 praeparatione
718 581 881 645 punctorum

88 657 133 708 pro
148 643 196 697 hoc
212 645 299 713 primo
318 645 459 713 praeludio
476 647 563 716 imago
582 655 624 702 est
642 646 804 715 quaerenda.
831 647 880 702 Se-

89 713 169 780 quitur
183 716 408 784 praeludium
426 718 625 786 secundnm,
644 719 662 773 i.
676 733 700 774 e.
711 718 880 787 postulamus

88 786 189 851 uadem
206 803 261 842 non
278 789 334 842 iam
360 788 395 842 ad
412 789 481 843 bene
504 789 653 844 faciendam
671 789 881 859 meditationem,

89 856 144 922 quia
158 857 208 912 hoc
224 859 280 912 iam
297 858 400 914 factum
418 861 505 914 estin
523 859 650 916 Oratione
668 861 884 931 praeparatoria,

87 926 130 981 sed
146 927 179 982 ad
191 929 370 985 obtinendum
379 931 454 984 illum
463 930 585 1002 farctum,
605 947 683 1000 quem
695 933 749 986 iam
763 933 791 986 in
804 947 883 1001 prae·

88 1001 218 1066 puerone
237 1007 401 1070 punctorum
425 1017 460 1056 ex
483 1001 530 1058 illa
547 1003 719 1058 meditatione
737 1004 882 1073 decerpen-

88 1067 145 1124 dum
165 1073 242 1127 nobis
266 1074 468 1142 proposuimus.
504 1073 589 1130 Totus
613 1075 657 1129 hic
674 1074 810 1143 ingressus
828 1091 884 1131 non

87 1141 142 1209 plus
158 1145 288 1212 temporis
298 1159 432 1212 occupare
442 1145 530 1215 debet,
548 1161 629 1214 quam
642 1153 765 1216 quatuor,
783 1153 831 1201 aut
848 1145 884 1202 ad

87 1227 209 1268 summum
227 1216 348 1282 quinque
366 1217 476 1271 minuta.

121 1284 233 1340 ltadium
248 1302 300 1341 seu
322 1301 492 1356 progressus
508 1285 693 1355 complectitur
702 1287 791 1355 ipsum
799 1287 884 1344 veluti

87 1369 178 1424 corpus
186 1357 380 1426 meditationis,
395 1373 491 1426 nempe
500 1359 561 1428 ipa
568 1365 676 1427 puncta,
690 1374 803 1426 quorum
812 1373 883 1413 com·

88 1427 195 1482 maniter
211 1428 278 1483 bina
296 1429 341 1482 rel
358 1435 445 1498 terna,
464 1437 510 1484 aut
529 1431 610 1484 etiam
627 1429 706 1498 plura
723 1436 819 1498 parata
836 1431 883 1484 ha·

88 1495 147 1553 bere
164 1507 280 1570 oportet,
301 1500 329 1553 in
348 1500 444 1568 quibus
457 1499 653 1568 perpendendis
667 1509 695 1555 et
710 1500 882 1568 ruminandis,

90 1574 115 1621 et
128 1570 155 1624 in
172 1570 330 1639 quaerendo
350 1586 384 1625 ex
400 1571 454 1626 illis
467 1571 567 1626 dictum
578 1571 692 1626 fructum
711 1572 883 1641 spiritualem,

90 1642 189 1708 proprie
208 1642 335 1698 consistit
351 1643 412 1711 ipsa
429 1642 574 1700 meditatio.
592 1644 624 1697 In
642 1643 753 1710 singulis
770 1643 883 1713 punctis,

89 1711 160 1767 modo
177 1714 319 1783 provoluti
336 1713 364 1766 in
382 1728 477 1782 genua,
495 1715 576 1770 modo
594 1713 729 1783 sedentes,
748 1719 795 1767 aut
813 1719 884 1768 stan·

88 1787 139 1852 tes,
163 1793 210 1840 aut
227 1801 262 1840 eo
282 1800 335 1839 nos
353 1793 542 1852 componentes
561 1786 629 1854 situ,
657 1800 710 1853 quo
736 1799 884 1854 speramus,

87 1851 148 1924 iore,
159 1864 189 1911 ut
200 1856 311 1911 facilius
319 1855 348 1909 id
357 1871 559 1926 consequamur,
578 1856 649 1925 quod
657 1864 788 1925 optamus,
801 1857 884 1912 oculis
923 1899 927 1908 .

86 1925 126 1978 vol
142 1927 248 1997 clausis,
267 1926 315 1980 vel
331 1927 360 1980 in
377 1927 519 1996 imaginem
535 1927 668 1996 crucifixi,
686 1928 718 1982 B.
733 1928 771 1981 M.
784 1927 817 1982 V.
837 1932 885 1982 aut

87 1995 191 2054 dicmur
200 1999 297 2053 Sancti
314 1997 417 2066 defixis,
436 2013 523 2067 neque
538 2000 591 2054 huc
605 2006 632 2053 et
644 1999 707 2053 illuc
721 1998 808 2068 motis,
827 2004 884 2053 tres

87 2067 183 2123 animae
200 2069 346 2124 facultates
360 2069 487 2125 videlicet
495 2071 657 2138 memoriam,
676 2069 839 2124 intellectum
855 2076 884 2125 et

87 2139 244 2196 voluntatem
270 2140 449 2208 applicamus3
478 2157 531 2209 qua
554 2143 582 2195 in
599 2157 629 2196 re
652 2141 722 2195 bene
741 2140 881 2196 adverten-

88 2206 144 2264 dum
161 2221 202 2266 est
222 2213 253 2266 1⁰
272 2212 344 2279 quod
363 2210 483 2267 sideris
506 2212 618 2281 genibus
643 2212 687 2266 rel
710 2212 763 2266 alio
789 2211 885 2280 quovis

87 2279 135 2335 situ
151 2284 207 2338 von·
226 2289 366 2351 compotes
384 2281 494 2353 fiamus,
518 2285 599 2338 alium
617 2284 696 2338 situm
713 2299 768 2336 non
787 2282 885 2338 debea-

87 2365 140 2407 mus
156 2361 282 2422 tentare3
310 2355 341 2407 20
365 2352 438 2422 quod
463 2354 491 2408 in
508 2363 622 2424 puncto,
649 2355 750 2422 inquo
770 2354 885 2409 assecuti

86 2419 207 2480 insumus
226 2425 377 2493 quaestam
391 2424 568 2496 devotionem,
586 2425 774 2493 conquiescere
788 2425 885 2480 debea-

85 2507 158 2615 ἔιιιιε,Ι
167 2497 226 2551 eine
241 2495 445 2552 transcurrendi
455 2498 598 2568 anxietate,
618 2496 702 2552 donec
719 2497 797 2553 nobis
808 2497 885 2552 satis·

95 2579 229 2624 eoenmus.

120 2635 214 2693 Dictae
233 2645 324 2693 autem
342 2637 482 2708 potentiae
500 2639 603 2692 animae
616 2639 655 2694 ita
671 2643 837 2706 exercentur,
855 2643 886 2693 ut

86 2711 240 2765 memoria
257 2710 408 2778 recolatur,
436 2708 563 2776 quidquid
579 2711 608 2763 in
625 2726 679 2764 uno
697 2717 796 2778 puncto
816 2709 885 2778 (aliis

85 2781 202 2836 omnibus
220 2782 357 2852 sepositis)
377 2781 536 2848 continetur,
555 2781 697 2849 phantasia
716 2780 803 2834 eidem
821 2779 883 2833 subb

86 2851 218 2922 veniente,
246 2869 300 2921 quo
320 2851 428 2907 facilius
446 2851 658 2906 intellectus
683 2849 718 2904 ad
736 2849 886 2902 discurren-
