2130 3242
153 149 195 196 368
328 155 360 196 lle
373 155 564 196 immantatum
577 155 772 197 administratione.

154 257 248 328 verba,
276 271 346 326 quae
364 257 399 312 ad
416 257 487 313 illius
504 257 617 312 formam
635 264 663 313 et
679 256 855 312 ministerium
873 258 959 326 perti·
1002 313 1006 320 ,

155 335 227 396 nent,
247 334 356 399 attente,
371 328 503 399 distincte,
518 336 546 384 et
558 330 611 398 pie,
630 335 711 397 atque
726 329 798 382 clara
811 343 879 383 voce
893 344 960 397 pro·

154 399 295 456 nuntiabit.
306 400 326 470 1)
364 399 490 455 Similiter
515 407 543 455 et
569 401 635 456 alias
654 401 789 454 orationes
814 407 842 454 et
859 415 960 468 preces

156 471 254 528 devote
273 487 305 526 ac
322 471 448 540 religiose
467 470 552 540 dicet3
570 487 619 535 nec
638 472 790 540 memoriae,
811 485 881 538 quae
899 471 959 539 ple·

154 557 267 611 rumque
291 541 404 612 labitur,
434 540 511 596 facile
537 541 668 611 confidet,
701 541 749 597 sed
774 543 864 595 omnia
889 542 959 597 reci·

154 614 223 670 tabit
240 629 275 669 ex
292 614 369 668 libre.
404 613 531 682 Reliquas
545 620 696 682 praeterea
720 613 902 668 caeremonias
922 629 956 668 ao

154 686 224 740 ritus
237 686 276 740 ita
285 683 410 739 decenter
419 685 547 754 gravique
559 685 662 740 actione
676 690 796 753 peraget,
807 691 837 738 ut
847 683 957 739 adstan-

154 763 197 812 tes
216 755 251 810 ad
269 755 423 810 coelestium
445 772 536 811 rerum
554 756 742 825 cogitationem
766 755 852 824 erigat
870 763 898 810 et
917 762 958 811 at·
1011 775 1018 788 ’

155 834 245 884 tentos
265 826 370 881 reddat.

193 901 235 953 12.
254 897 297 952 Ad
311 896 514 952 ministrandam
525 897 682 967 procedens,
700 897 749 966 rei,
764 911 844 965 quam
857 903 958 952 tracta·

154 977 232 1026 turus
250 975 299 1038 est,
330 969 448 1024 intentis
466 970 509 1038 sit,
539 983 589 1024 nec
607 969 677 1024 de'
658 985 701 1038 us,
729 983 798 1037 qnae
817 967 878 1022 ad
869 983 958 1052 ipsam

155 1055 211 1096 non
228 1009 370 1110 pertinent,
397 1040 542 1109 quidquam
560 1055 620 1094 cum
644 1041 697 1095 alio
716 1039 957 1108 colloquatur3in

155 1111 269 1180 ipsaque
280 1110 507 1168 administratione
517 1112 648 1166 canalem
663 1111 838 1166 attentionem
854 1110 958 1166 habere

156 1180 277 1251 studeat,
305 1183 350 1236 vel
368 1183 462 1237 saltem
481 1183 637 1252 virtualem,
665 1199 725 1236 cum
749 1182 898 1237 intentione
916 1182 957 1238 ia-

156 1252 251 1323 ciendi,
270 1252 343 1320 quod
359 1254 388 1308 in
406 1268 439 1309 eo
457 1253 521 1308 iacit
539 1253 686 1323 ecclesiae

90 1379 97 1394 ,
193 1327 236 1383 13.
253 1323 323 1378 Illud
334 1341 415 1392 porro
430 1325 571 1394 diligenter
588 1332 691 1394 caveat,
709 1337 743 1378 ne
756 1325 785 1379 in
799 1323 957 1379 Sacramen-

155 1401 243 1450 tarum
262 1395 488 1452 administratione
516 1395 617 1464 oliqrrid
642 1396 737 1479 quavis
759 1395 793 1450 de
812 1411 896 1452 causa
912 1395 958 1451 vel
1063 1407 1064 1410 ’

156 1467 311 1536 occasione,
339 1465 439 1522 duecte
457 1467 502 1522 vel
519 1467 662 1537 indirecte,
691 1468 781 1535 exigat
798 1473 846 1521 ant
863 1473 956 1537 petat3

156 1537 205 1594 sed
223 1553 257 1594 ea
273 1538 357 1608 gratis
376 1539 514 1608 ministret,
538 1546 566 1595 et
584 1539 617 1593 ab
636 1537 708 1594 omni
725 1539 854 1594 simoniae
873 1545 957 1607 atque

156 1610 286 1666 avaritiae
305 1609 463 1678 suspicione,
482 1579 580 1664 nedum
598 1610 715 1678 crimine,
732 1607 889 1677 longissime
909 1610 956 1664 ab·

155 1682 199 1738 sit.
237 1681 266 1736 si
284 1681 348 1749 quid
373 1695 437 1736 vero
456 1681 576 1736 nomine
581 1681 780 1750 eleemosynae,
808 1687 856 1734 aut
873 1680 957 1736 devo·

155 1751 236 1808 tionis
260 1751 362 1822 studio,
390 1758 500 1822 peracto
526 1753 580 1806 iam
608 1751 794 1821 Sacramenta,
824 1759 958 1819 spontea

155 1821 279 1879 fidelibus
298 1823 442 1893 offeratur,
468 1822 497 1877 id
514 1823 585 1878 licite
603 1821 654 1892 pro
673 1793 864 1878 consuetudine
882 1823 957 1878 loco·

155 1911 215 1950 ram
233 1894 354 1963 accipere
371 1894 479 1963 poterit,
503 1895 555 1950 nisi
573 1895 651 1950 aliter
667 1893 804 1963 Episcopo
822 1893 956 1949 videatur.

195 1967 237 2020 14.
256 1963 394 2021 Fidelibus
420 1965 524 2020 alienae
548 1966 693 2036 parochiae
712 1965 885 2020 Sacramenta
902 1981 959 2020 non

155 2035 329 2105 ministrabit,
356 2036 408 2092 nisi
425 2037 593 2093 necessitatis
611 2053 705 2107 causa,
732 2037 777 2091 vel
795 2036 829 2091 de
847 2035 957 2092 licentia
1061 2079 1062 2082 ,

154 2106 274 2176 parochi,
293 2121 342 2162 aea
360 2105 501 2162 Ordinarii.

193 2179 235 2232 15.
254 2176 353 2233 Omnes
363 2185 461 2248 autem,
475 2194 520 2247 qiu
512 2177 704 2233 Sacramenta
718 2179 874 2248 suscipiunt,
896 2177 958 2234 loco

156 2255 185 2303 et
200 2255 322 2318 tempore
340 2256 491 2318 opportuno
505 2249 631 2317 monebit,
649 2256 680 2304 ιιι
692 2255 797 2304 remoto
815 2249 889 2303 inani
903 2249 958 2304 col·

153 2319 260 2391 loquio,
287 2327 316 2376 et
332 2320 426 2376 habitu
444 2328 558 2389 actuque
575 2319 717 2390 indecenti,
745 2321 790 2389 pie
808 2335 841 2374 ac
859 2320 959 2376 devote

158 2487 191 2554 Δ1)
206 2507 311 2550 Parochla
326 2506 481 2548 atrocioribus
491 2507 631 2556 prohibemus
641 2509 737 2555 strenuo,
751 2516 780 2546 ne
793 2505 817 2546 ln
827 2506 959 2548 Sacramen-

208 2573 239 2614 ιιι
254 2573 433 2614 administrandis
447 2583 487 2622 pro
495 2573 572 2622 bagua
585 2572 656 2612 latina
669 2571 897 2622 utantur-vernacula,
911 2571 956 2614 nlrl

208 2640 232 2679 ln
245 2639 290 2679 lilla
302 2639 411 2688 partibus,
433 2637 513 2688 qulbus
526 2638 566 2687 illl,
586 2638 623 2686 qul
638 2637 753 2684 assistunt,
775 2636 902 2687 alloquendi
917 2639 958 2677 ant

209 2703 317 2753 quaedam
325 2703 402 2742 iisdem
411 2701 542 2750 explicanda
550 2705 607 2746 sunt.
621 2700 691 2753 (donc.
704 2711 762 2752 pne.
773 2701 844 2742 Golota
859 2713 880 2742 c.
895 2700 957 2747 1860.

169 2829 192 2884 ¹)
207 2767 343 2878 &digessit
359 2829 418 2870 XIV.
433 2831 464 2870 De
478 2831 553 2883 ΕΜ.
568 2831 633 2872 «licea
647 2831 682 2872 lic.
697 2831 717 2873 7.
731 2843 778 2883 cup.
791 2829 813 2874 4.
