2098 3222
313 189 430 230 Orationes
443 189 551 238 quaedam
564 189 672 242 publicos,
852 187 892 231 777

90 261 162 346 aiter
179 307 344 359 quocumque
357 291 408 362 die,
426 292 494 346 dora
512 298 537 347 ci
554 293 620 362 loco,
646 299 671 348 et
684 309 768 348 causa
788 293 826 348 cd
845 311 890 350 cr-

90 363 202 416 bt'tca'um
219 362 360 431 Episcopi.

253 499 291 545 14.
310 501 448 546 Orationes
462 503 589 556 quaedam
602 502 731 558 publicae.

331 571 350 622 l)
365 571 471 610 Inuocott'c
485 571 662 620 Spiritus,snucti.

126 635 238 704 Aattpiu
258 635 334 705 Veni,
351 642 443 699 sancte
462 635 585 704 Spiritus,
603 637 679 705 reple
692 637 890 692 tuorumcorda

90 705 221 776 fidelium,
241 713 268 761 et
281 707 321 760 tui
335 707 433 762 amoris
446 707 475 761 in
488 708 527 762 eis
540 707 629 776 ignem
643 707 766 763 accende.
798 709 838 778 V,
851 709 887 764 R.

91 786 119 834 ct
138 778 285 832 orationem
302 778 364 832 cido
381 794 467 847 supra
480 795 546 848 pay.
566 782 627 834 628.

321 872 323 876 '
358 873 383 924 2)
398 875 430 914 De
444 875 477 918 DS.
491 875 630 916 sacramento.

125 938 238 1007 nuspa.
259 937 281 992 0
301 953 405 993 sacrum
424 940 574 993 convivium
593 945 644 994 etc.
666 939 706 1007 V.,
725 937 760 994 R.
780 947 807 994 et
825 937 890 994 Ora-

89 1009 190 1064 tionem
207 1009 269 1064 cide
286 1025 372 1078 supra
385 1026 451 1079 puy.
471 1013 529 1064 716.
550 1016 575 1064 et
594 1012 655 1064 717.

255 1105 279 1154 8>
292 1107 387 1156 Hymnus
402 1107 435 1146 SS.
450 1107 588 1146 asturcones
602 1107 721 1156 Aupusttui.

89 1241 108 1295 S
129 1171 159 1224 V
178 1171 372 1311 Be31edicamus
398 1171 506 1225 Patrem
533 1177 560 1224 et
586 1169 684 1224 Filium
712 1186 772 1225 cum
795 1177 887 1226 sancto

109 1241 218 1309 piritu,²
925 1289 926 1292 ,

125 1311 161 1368 R
179 1311 331 1366 Laudemus
350 1317 377 1365 et
395 1311 623 1380 superexaltemus
643 1313 749 1367 eumin
768 1313 885 1368 saecula.

130 1382 161 1440 V.
180 1382 341 1437 Benedictus
360 1397 397 1452 es,
416 1383 563 1450 Domine,'
555 1399 583 1436 m
596 1381 762 1438 firmamento
777 1385 852 1452 coeli,
897 1447 900 1460 Ι

91 1525 98 1536 ο
125 1453 161 1507 R.
179 1454 226 1578 Eg]
234 1453 376 1509 laudabilis
404 1461 432 1509 et
458 1454 590 1522 gloriosus
618 1461 646 1508 ct
673 1455 887 1522 superexaltatus

89 1541 118 1578 ιιι
136 1539 198 1578 saec
228 1540 251 1581 a.

132 1595 162 1650 V.
182 1596 304 1664 Domine,
323 1594 420 1649 exaudi
439 1595 586 1650 orationem
603 1609 698 1665 mcum,
752 1597 759 1674 {

125 1666 160 1720 R.
178 1667 217 1721 Et
233 1667 333 1721 clamor
350 1681 425 1721 meus
444 1666 478 1720 ad
495 1674 523 1720 te
541 1668 640 1722 veniat.

130 1737 161 1792 V.
179 1738 310 1793 Dominus
327 1738 473 1821 vobiscum,

125 1809 160 1864 R.
179 1809 293 1864 Etcum
312 1809 407 1877 spiritu
425 1816 480 1864 tuo.

128 1879 246 1935 Oremcs.
283 1881 372 1949 Deus,
400 1881 475 1935 cuius
493 1879 690 1936 misericordiae
708 1894 763 1933 non
781 1884 823 1933 est
839 1893 887 1932 uu·

88 1965 187 2034 nepus,
206 1958 233 2006 et
246 1952 372 2006 bonitatis
385 1951 504 2007 infinitus
523 1958 564 2007 est
577 1953 734 2019 thesaurum
752 1949 886 2019 piissimae

88 2023 223 2078 maiestati
248 2029 310 2077 tuae
335 2039 385 2090 pro
416 2023 519 2078 collatis
545 2023 622 2078 donis
646 2023 746 2091 gratias
774 2021 886 2089 agimus,

2 2093 3 2096 ’
87 2100 162 2147 tuam
181 2109 287 2162 semper
304 2095 470 2149 clementiam
489 2102 645 2150 exorantes:
664 2100 702 2161 ut,
728 2093 773 2160 qui
790 2098 885 2160 poten-

2 2195 3 2216 .
87 2163 159 2220 tibus
177 2166 314 2233 postulata
331 2165 468 2232 concedis,
491 2165 600 2221 cosdem
618 2181 672 2220 non
691 2164 825 2232 deserens,
851 2162 885 2216 ad

87 2238 207 2304 praemia
231 2236 322 2292 futura
340 2236 475 2305 disponas.
518 2238 572 2292 Per
591 2237 724 2292 Christum
741 2235 885 2289 Dominum
928 2235 930 2244 '

88 2315 216 2363 nostrum.
236 2339 270 2349 -
289 2308 324 2364 R.
342 2310 436 2362 Amen.

391 2416 586 2464 QMDMK

147 2495 190 2534 Pro
204 2496 332 2536 diversitate
344 2495 449 2544 temporis
464 2494 579 2535 Orationes
592 2494 702 2535 habentur
715 2505 765 2544 pag.
780 2491 827 2539 715.

129 2577 152 2623 6)
169 2578 240 2618 Oratio
251 2583 299 2630 post
313 2579 389 2618 Psuim.
400 2578 544 2629 poenitemini.
559 2582 648 2629 tenpore
662 2579 842 2628 Qnudrapeutmaa.

124 2647 159 2772 ζ.
177 2647 305 2720 Domine,
329 2665 384 2704 non
402 2648 546 2704 secundum
563 2655 675 2718 peccata
691 2656 784 2704 nostra
800 2647 884 2704 facias

87 2734 124 2773 no
143 2729 889 2775 1s.'

89 2809 251 2830 ..ιιι-ιαὼ-

103 2856 124 2910 1)
139 2857 193 2898 Vide
207 2861 281 2898 notam
295 2854 315 2902 2,
331 2869 381 2908 pag.
397 2856 443 2900 717.
