2138 3226
158 166 199 208 244
325 169 357 210 De
371 168 517 208 celebratione
532 168 567 210 SS.
581 167 663 208 Missae
677 167 785 210 sacrificii.

160 278 213 339 tur,
233 269 485 338 contemplationem
503 269 678 325 excitentur.“
717 269 756 336 (S.
775 269 813 323 D.
832 269 870 324 N.
889 269 964 324 Piae

158 342 216 396 ΡΡ.
235 342 290 394 ΙΧ.
309 341 339 394 ia
356 341 505 410 &melica
523 341 549 395 d.
569 341 596 394 d.
615 345 640 395 3.
659 339 734 394 Moti
750 342 840 407 1858.)
969 379 971 381 -

194 412 280 479 Quam
298 413 375 468 triste
394 428 458 481 ergo
478 419 520 468 est
538 419 566 467 et
584 411 784 480 deplorandum,
804 413 841 466 ait
854 411 958 466 Beller-

157 485 253 553 minus,
275 483 368 537 videre
388 483 554 538 sacerdotem
573 483 663 537 divina
680 483 808 552 mysteria
825 497 958 551 peragen-

157 563 220 623 tem,
239 555 403 623 Angelorum
421 555 510 610 choris
528 553 645 623 undique
664 562 777 623 septum,
796 554 842 622 qui
862 553 897 607 ad
916 569 960 621 aa,

158 641 229 695 quae
248 632 376 694 operatur
394 633 422 680 et
445 626 578 695 loquitur,
606 633 715 693 stupent
740 641 772 679 ac
794 631 912 679 oemunt
931 633 961 679 et

157 713 224 767 prae
243 697 418 752 admiratione
442 697 564 765 ingentes
589 697 718 752 clamores
737 697 867 764 excitant,
896 695 960 750 dum

157 770 216 837 ipse
235 767 360 824 sacerdos
383 768 412 822 in
437 767 526 822 medio
549 768 668 836 positus,
695 775 768 822 totus
791 766 904 835 frigidus
932 774 961 822 et

158 840 235 907 quasi
253 838 384 907 stupidus,
400 854 456 894 non
473 839 594 909 attendit,
613 838 677 906 quid
695 847 766 908 agat,
789 854 845 893 non
861 838 960 893 intelli-

159 910 213 980 git,
241 910 306 977 quid
323 911 464 978 loquatur,
488 917 517 964 et
533 910 572 966 ita
595 919 724 978 properat
748 909 895 978 adfinem,
920 910 961 964 ita

161 982 237 1049 signa
250 981 370 1049 involvit,
388 981 427 1034 ita
439 980 524 1035 verba
536 983 704 1050 praecipitat,
719 981 796 1048 quasi
808 980 959 1036 latronibus

157 1069 175 1108 a
191 1060 269 1120 tergo
295 1052 497 1119 insequentibus
515 1060 665 1121 urgeretur.
703 1052 771 1119 (Osa.
789 1051 961 1106 Lambri-tini

158 1124 249 1178 Instat.
267 1125 310 1178 34.
330 1123 355 1193 ξ.
374 1125 411 1190 6.)
431 1153 465 1162 -
485 1121 508 1176 Ο
526 1124 620 1192 ingens
633 1124 796 1192 perversitas
814 1123 959 1178 multorum

157 1193 328 1249 clericorum!
358 1193 514 1262 producitur
532 1211 655 1264 somnus,
682 1194 839 1264 producitur
856 1209 959 1263 mensa,

158 1264 342 1334 producuntur
361 1265 549 1335 recreationes,
568 1266 752 1336 producuntur
767 1264 960 1320 confabulatio·

156 1351 213 1405 nes,
231 1337 316 1405 lusus,
333 1351 421 1404 nugae
439 1352 586 1406 nugarum,
615 1338 698 1392 solius
716 1350 857 1404 supremae
876 1336 958 1390 maie·

157 1407 235 1463 statis
253 1408 340 1464 cultus
359 1423 469 1476 summa,
488 1424 543 1476 qua
555 1416 653 1478 potest,
673 1408 810 1462 celeritate
826 1407 959 1476 deprope-

156 1486 240 1547 ratur,
257 1479 344 1534 luride
363 1479 524 1534 absolvitur!
792 1481 795 1486 ‘

193 1550 344 1606 clamamus
362 1551 390 1604 in
408 1551 580 1606 Sacramento
606 1548 697 1604 altaris
717 1549 852 1604 Christum
869 1549 958 1618 ipsum

158 1637 218 1678 esse
236 1629 415 1690 praesentem,
441 1629 469 1676 et
485 1622 591 1676 interim
609 1621 729 1676 nonnulli
746 1622 786 1675 ita
803 1636 833 1675 se
852 1627 957 1689 gerunt,

156 1693 195 1748 ita
213 1710 290 1750 saera
300 1700 417 1748 damant
434 1694 569 1762 mysteria,
588 1693 665 1760 quasi
682 1692 749 1746 nihil
761 1691 849 1746 minus
863 1707 957 1746 verum

157 1779 218 1819 esse
230 1771 364 1834 putarent.
392 1763 437 1817 Ad
450 1765 534 1819 altare
548 1771 604 1818 tam
618 1763 715 1831 exiguo
729 1769 859 1831 tempore,
876 1762 958 1818 adeo-

157 1850 210 1902 que
227 1843 285 1890 tam·
300 1834 475 1903 incomposite
494 1835 660 1902 detinente,
689 1840 719 1888 ut
740 1834 842 1888 nullam
858 1834 957 1902 ,animo

156 1905 321 1974 religionem,
335 1907 435 1960 nullam
447 1907 538 1961 verbis
550 1921 581 1960 ac
594 1905 727 1974 precibus,
742 1920 811 1973 quae
826 1903 860 1958 ad
875 1905 957 1960 sacri-
1062 1903 1063 1926 ¹

157 1975 247 2030 ficium
264 1977 412 2046 pertinent,
440 1978 614 2032 attentionem
632 1977 733 2030 habere
758 1977 853 2044 procul
877 1975 959 2030 dubio

157 2046 307 2103 videantur.
340 2048 435 2103 Nonne
451 2047 634 2104 sacerdotibus
648 2047 779 2102 eiusmodi
795 2047 862 2101 illud
876 2048 958 2115 aptis·

157 2119 225 2176 sinte
237 2120 370 2186 convenit,
385 2118 457 2187 quod
472 2119 534 2174 olim
547 2119 736 2188 Tertullianus,
751 2135 811 2173 cum
824 2118 959 2172 diversam

156 2204 215 2244 rem
227 2197 412 2260 pertractaret,
431 2191 592 2258 postulavit:
612 2189 755 2256 demittent
773 2186 962 2244 animabat?

192 2261 279 2328 Quam
292 2276 403 2330 gravem
417 2262 630 2329 obiurgationem
643 2268 673 2316 ut
687 2277 704 2314 a
716 2268 743 2315 te
759 2268 874 2330 avertas,
888 2260 958 2314 bene

158 2331 294 2401 observes,
307 2347 377 2400 quae
389 2334 418 2387 in
430 2333 606 2400 sequentibus
620 2332 751 2400 capitibus
765 2338 959 2402 proponentur.

146 2473 149 2478 ·
356 2441 377 2494 l.
415 2439 526 2495 summa
546 2441 730 2496 rubrloarum.
741 2439 761 2509 ¹)

184 2519 204 2564 1.
228 2517 265 2564 De
279 2520 402 2575 pertibus
414 2519 556 2564 mobilibus
570 2519 664 2564 lilssae
679 2519 767 2564 officio
781 2518 932 2564 conformis.

195 2591 218 2641 1.
255 2587 378 2642 Psalmns
406 2587 509 2643 Jadica
533 2603 589 2657 me,
615 2587 693 2641 Deras
717 2587 745 2640 in
777 2587 848 2641 omni
874 2587 962 2642 Missa

157 2657 261 2728 dicitur,
288 2659 407 2727 exceptis
436 2659 528 2714 Missis
552 2659 585 2714 de
608 2659 750 2713 Dominica
777 2665 805 2712 et
833 2658 866 2713 de
891 2657 961 2714 seria

178 2782 200 2831 1)
212 2784 343 2824 Benedictus
356 2784 416 2826 XIV.
436 2782 473 2833 (de
486 2782 535 2826 dac.
552 2783 613 2826 bilsa.
628 2785 681 2822 sect.
701 2780 721 2826 ἣ
741 2779 822 2833 §.1⁰2
843 2782 876 2826 ed.
892 2781 959 2834 laos.)

211 2849 279 2899 „Ipsa
299 2849 420 2890 communia
442 2848 561 2897 omnlnm“,
584 2849 663 2898 lnquit,
687 2849 813 2898 ,sententia
826 2849 899 2898 dccet,
922 2859 959 2890 ru·
