2130 3242
335 157 368 197 De
381 157 524 200 sacramento
537 159 693 202 Poenitentiae.
874 155 915 198 lie

130 221 132 224 ⁵
177 259 201 302 a
226 259 259 302 oo
273 257 428 313 memmi
442 271 490 302 um
503 256 694 302 musaeu·
707 259 730 301 u
743 255 849 302 mutua

141 334 400 381 donmemdinarlm
422 329 519 384 dieitur
542 330 588 397 qui
611 329 697 396 prima
719 329 777 383 viee
795 329 915 384 habitum

102 400 244 470 peoeundi
263 400 419 469 confltetur3
447 401 522 470 sive,
553 400 599 468 qui
621 400 840 455 consuetudinem
858 402 916 456 sive

102 473 234 527 habitum
253 472 383 541 peeoandi
410 473 438 525 in
462 479 536 529 certo
561 485 659 540 genere
683 472 787 539 peceati
812 487 846 525 ex
863 471 915 526 fre·

105 544 250 612 quentatis
264 544 322 598 eius
333 543 436 598 antibus
450 544 591 612 contraxit,
605 557 686 610 quam
698 542 916 598 consuetudinem

105 629 160 671 seu
178 615 307 669 vitiosum
324 614 444 668 habitum
461 614 578 668 nondum
592 613 787 669 emundandum
804 615 916 672 curavit.

145 686 280 740 Nonnulli
297 685 407 740 uadum
423 685 544 754 regulam
562 685 722 754 generalem,
747 684 917 740 eonsuetudi-

106 757 220 812 nan'um
235 757 324 825 prima
340 757 399 810 vioe
426 756 529 811 absolvi
553 771 650 826 posse,
669 757 720 812 etsi
738 755 811 810 nulla
829 765 923 810 emen¹¹

108 827 188 882 datio
207 828 394 896 praecesserit,
408 826 485 895 'quod
498 843 563 882 sano
582 844 615 882 eo
632 835 737 883 tantum
749 843 830 882 sensu
849 827 916 882 aoei-

15 915 16 918 ’
108 899 243 968 piendum
263 906 312 967 est,
331 898 403 966 quod
420 899 448 967 ii,
461 899 513 968 ‹qui
532 899 661 954 accedunt
679 897 804 954 diuturno
822 898 916 954 habitu

109 969 235 1039 sordidi,
265 971 384 1038 peccatis
413 985 498 1037 usque
525 969 560 1024 ad
584 970 778 1025 consensionem
801 971 917 1038 turpiter

108 1041 228 1110 iteratio,
255 1041 418 1109 primariae
436 1048 499 1095 tune
516 1042 619 1096 absolvi
637 1048 757 1111 possunt,
787 1043 810 1096 si
828 1048 917 1098 osten·

112 1112 182 1184 dant
198 1111 342 1167 manifesta
359 1111 498 1181 quaedam,
523 1113 643 1180 quamvis
661 1113 796 1167 ordinaria
813 1120 917 1168 tantum

113 1183 218 1240 doloris
237 1184 321 1252 signa,
340 1191 369 1238 et
386 1182 597 1238 emendationem
616 1185 686 1239 serio
704 1191 864 1252 proponant.

150 1255 196 1308 Ex
215 1255 333 1322 peccatis
350 1255 493 1310 lethalibus
507 1255 561 1310 alia
579 1261 641 1310 sunt
658 1256 759 1324 mavia,
778 1263 809 1309 ut
821 1255 917 1310 frando

112 1325 208 1380 ieiunii
219 1326 264 1380 vel
279 1325 463 1394 abstinentiae,
483 1325 621 1394 detractio,
639 1325 747 1394 furtum,
761 1325 917 1382 delectatio-

113 1411 163 1453 nes
176 1411 310 1463 morosae,
328 1397 412 1451 verba
431 1396 579 1465 obseoena3
599 1397 652 1452 alia
664 1399 797 1468 graviora,
816 1404 847 1452 ut
862 1413 916 1451 am·

114 1468 212 1536 plexm
238 1482 273 1521 ex
295 1467 421 1536 libidine;
449 1468 504 1522 alia
520 1468 691 1537 gravisum,
718 1475 750 1522 ut
766 1467 916 1538 fornicatio,

115 1539 252 1608 mollities,
276 1539 402 1608 incestus,
422 1539 589 1606 adulterium,
613 1534 769 1605 bestialitas,
788 1539 916 1608 sodomia,

114 1609 278 1678 incendium,
295 1610 474 1666 homicidium.
515 1609 701 1665 Confessarius
726 1609 808 1677 igitur
829 1609 917 1678 primo

116 1681 228 1736 audiens
247 1681 508 1736 consuetudinarium
537 1681 679 1750 diligenter
700 1681 853 1748 percontari
872 1679 917 1733 de·

115 1752 163 1807 bet
181 1767 216 1806 an
234 1753 341 1821 gravia,
369 1754 494 1820 graviora
519 1759 566 1808 aut
583 1752 741 1821 gravissima
765 1765 800 1805 ex
823 1751 917 1805 habitu

116 1821 237 1878 facinora
249 1825 405 1892 patraverit,
424 1839 441 1876 a
459 1839 512 1890 quo
526 1829 656 1892 tempore,
676 1823 780 1892 quoties
795 1823 823 1876 in
837 1837 917 1890 auno,

117 1894 145 1948 in
162 1909 268 1963 mense,
295 1895 340 1948 vel
358 1895 386 1948 in
404 1895 587 1965 hebdomada,
615 1911 650 1949 an
668 1911 718 1949 sua
736 1902 839 1963 sponte,
868 1907 917 1948 eeu

119 1981 198 2020 eausa
217 1973 329 2020 externa
345 1965 469 2020 mduotus
486 1967 630 2035 prolapsus
649 1967 700 2034 sit3
729 1981 764 2019 an
783 1965 917 2033 continuo,

119 2042 164 2090 aut
179 2037 343 2105 interrupte,
369 2053 403 2090 au
421 2052 506 2104 usque
525 2037 560 2092 ad
579 2037 772 2092 confessionem
790 2049 916 2105 perseve-

119 2108 224 2176 raverit,
248 2123 283 2161 an
301 2108 336 2162 sit
353 2107 443 2162 indole
460 2107 538 2163 fortis
557 2115 585 2164 et
603 2115 736 2175 constans,
755 2117 802 2164 aut
821 2107 917 2162 debilis

122 2184 147 2233 et
162 2179 222 2232 vilis
241 2178 337 2248 animo,
361 2193 395 2233 an
412 2177 505 2233 firmae
524 2187 571 2234 aut
589 2179 685 2234 dubiae
703 2178 775 2234 fidei.
811 2180 856 2233 Ex
873 2177 917 2232 bis

120 2249 254 2318 intelliget,
274 2256 375 2317 quanta
389 2249 425 2304 sit
437 2249 518 2318 plaga
536 2251 693 2320 confitentis,
713 2257 741 2304 et
757 2250 821 2318 quid
835 2249 869 2304 ab
882 2263 917 2303 eo

123 2335 226 2389 sperare
245 2321 339 2389 possit.

156 2391 182 2445 Si
199 2391 447 2447 consuetudinarius
470 2393 523 2445 iam
548 2391 582 2445 ab
608 2392 697 2459 aliquo
714 2400 835 2461 tempore
855 2398 918 2446 ante

125 2463 312 2518 oonlessionem
325 2477 438 2531 peceare
453 2462 571 2532 desierit,
591 2470 618 2518 et
637 2463 743 2518 aliunde
757 2463 861 2517 firmum
874 2477 916 2517 re·

124 2533 231 2602 sipierdi
248 2533 372 2588 videatur
400 2533 500 2588 habere
518 2534 693 2603 propositum,
720 2535 812 2602 utique
831 2535 918 2603 prima

124 2606 178 2659 viee
195 2605 299 2660 absolvi
316 2612 423 2674 potest3
443 2606 610 2662 cessantibus
629 2606 698 2660 enim
715 2606 840 2674 peccatis,
860 2619 917 2660 ees-

125 2683 163 2732 sat
178 2677 238 2745 ipsa
255 2675 429 2731 consuetudo.

157 2747 205 2814 Qui
223 2761 308 2815 usque
328 2747 362 2801 ad
380 2746 574 2803 confessionem
591 2747 721 2816 paooavit,
749 2747 772 2802 si
789 2759 840 2800 noe
857 2759 917 2814 gra-

125 2818 201 2887 viora,
219 2833 270 2872 neo
283 2817 466 2886 unguendum
478 2826 592 2888 peceato
607 2819 776 2887 commiserit,
795 2817 818 2871 si
831 2817 919 2885 prima
