2128 3228
169 167 209 212 m
322 171 354 211 De
368 171 499 221 quibusdam
513 171 564 210 allis
577 171 717 212 sacerdotum
745 169 815 212 filcile.

167 274 243 328 ioris.
282 272 307 342 1)
332 272 408 328 Calin
431 279 542 341 paclus
567 289 618 342 pro
643 273 743 342 Missa,
771 289 831 327 cnm
854 272 916 328 velo
941 281 971 328 et

169 345 250 399 bursa
268 345 365 399 coloris
383 344 503 399 violacei.
531 345 558 414 2)
577 345 731 412 Monipnlns
748 352 776 399 ec
788 345 899 412 planeta
911 345 971 400 vio·

167 415 252 470 lacea.
279 418 306 484 3)
322 415 498 470 Thuribulum
516 424 544 471 et
557 417 681 470 navicula
693 432 752 470 cum
764 416 852 470 thure.
871 417 898 485 4)
913 415 972 471 Vas

165 501 257 555 aquae
281 486 437 540 benedictae
463 503 522 541 cum
546 487 724 555 aspersorio(
745 486 772 556 5)
799 487 890 542 Pelvis
908 502 972 542 cunr

168 558 286 612 medulla
304 559 391 626 panis,
410 569 438 612 ec
454 574 522 616 vasa
539 558 575 612 ad
592 557 721 614 lavandas
739 574 832 613 manus
850 565 916 626 post
934 559 971 613 ci-

168 643 263 684 nerum
285 628 506 684 distributionem.
543 631 569 698 6)
592 629 798 698 Manucergium.
835 631 862 698 7)
880 629 971 684 Pelvi·

168 700 230 756 cula
247 715 307 756 cum
325 701 448 768 ampullis
460 701 516 754 vini
529 707 557 755 et
570 716 665 770 aquae,
684 707 713 755 ct
725 700 852 769 mappula
865 700 901 754 ad
915 716 971 756 ma·

168 787 219 827 nus
236 771 389 840 tergendos.

204 844 228 897 b.
246 843 284 896 Ic
301 840 393 899 abaci.
419 845 446 909 1)
459 842 551 898 Altare
570 859 630 898 oum
647 843 730 911 pallio
744 843 872 910 violaceo,
891 859 971 898 cruce

169 920 198 968 et
222 912 388 969 candelabris
417 930 477 968 cum
502 915 602 982 coreis,
636 915 738 982 absque
764 914 838 968 vasis
861 912 970 970 florum.

169 987 197 1053 2)
216 985 327 1039 Missalo
345 986 373 1038 in
391 1001 474 1040 cornu
491 985 631 1054 Epistolae
656 1001 739 1054 super
755 985 866 1054 pulvino
884 985 970 1040 viola·

168 1070 226 1124 ceo,
244 1066 291 1109 auc
308 1056 389 1123 legili.
427 1056 453 1125 3)
472 1057 529 1112 Vas
542 1063 705 1126 argenteum,
724 1058 768 1112 vel
785 1070 820 1110 ex
838 1056 893 1110 alia
911 1057 970 1124 pul-

168 1127 234 1181 chra
250 1129 370 1194 maceria,
390 1143 450 1181 cum
463 1128 596 1183 cineribus
606 1143 648 1182 ex
660 1129 740 1183 ramis
754 1129 782 1181 in
794 1127 970 1195 praecedenti

167 1197 308 1252 Dominica
325 1197 477 1254 Palmarum
494 1198 649 1268 benediciis,
668 1199 820 1266 combustis,
839 1205 868 1252 et
885 1199 969 1254 subti-

167 1268 230 1323 liter
248 1269 385 1338 cribreris,
411 1277 439 1324 et
457 1270 547 1340 aridis,
558 1271 577 1340 ¹)
605 1280 760 1339 coopertum
778 1269 822 1324 vol
840 1270 969 1338 operculo

167 1340 308 1466 {onmlffi
325 1340 369 1394 vel
387 1341 448 1396 velo
466 1342 595 1410 violaceo,
623 1342 693 1396 inter
710 1341 821 1397 Missale
839 1349 867 1396 ot
885 1357 970 1396 cornu

194 1411 265 1479 pisto
311 1451 318 1465 .
735 1424 742 1442 “

205 1497 227 1536 c.
254 1483 291 1536 Ira
308 1483 441 1538 corolla.
480 1485 505 1553 1)
525 1484 590 1538 Tria
607 1483 802 1552 superpellicea
819 1498 870 1551 pro
890 1482 968 1538 oleri·

169 1552 216 1608 cis.
253 1553 280 1623 2)
298 1554 426 1623 Anicius,
455 1555 524 1624 alba,
550 1555 692 1624 cingnum,
717 1554 787 1610 stola
804 1562 832 1608 et
849 1554 968 1624 pluviale

169 1625 267 1680 coloris
284 1625 406 1682 violacei.
437 1628 464 1693 3)
483 1627 600 1682 Fooulus
618 1642 679 1680 oum
696 1625 857 1680 carbonibus
875 1641 969 1680 accen·

169 1697 207 1754 sis
225 1705 253 1751 ec
269 1695 380 1764 forcipe.
1050 1739 1051 1748 ,

204 1772 273 1822 Art.
292 1771 321 1822 2.
347 1771 395 1820 De
412 1769 630 1821 bencdictione
648 1771 803 1822 cinerum:
815 1768 837 1836 2)
876 1767 902 1836 1)
920 1767 968 1822 Di·
1050 1767 1051 1770 ’

169 1839 279 1908 opositis
298 1839 428 1906 omnibus,
452 1847 482 1893 ut
501 1853 583 1907 supra
600 1855 650 1907 per
669 1839 779 1894 clericos
797 1838 906 1894 indutos
925 1853 969 1894 sn·
1050 1847 1051 1877 l

168 1911 345 1979 perpellioeis,
364 1911 432 1964 hora
444 1925 571 1978 congrua,
590 1911 669 1965 solito
684 1925 873 1978 campanarum
890 1909 968 1978 signo

168 1988 331 2036 convocetur
348 1982 464 2049 populns
483 1981 518 2036 ad
536 1981 684 2037 ecclesiam.
720 1982 746 2051 2)
775 1981 922 2036 Celebrans
940 1981 968 2034 in

168 2051 300 2120 sacristia,
317 2052 380 2108 lotia
398 2053 528 2120 manibus,
546 2067 596 2120 per
613 2069 708 2108 manus
721 2052 832 2108 secundi
852 2059 881 2106 et
894 2051 969 2106 tertii

167 2123 259 2178 cleriei
269 2125 366 2193 accipit
374 2137 456 2192 super
466 2131 565 2178 cottam
577 2124 709 2194 amictum,
719 2124 815 2192 albam,
824 2123 968 2192 cingulum,

168 2195 274 2263 stolum,
294 2203 321 2249 ct
332 2195 449 2263 pluviale
463 2195 560 2250 coloris
573 2195 695 2250 violacei.
726 2197 752 2264 3)
770 2195 877 2250 Primus
891 2193 969 2248 cleri·

167 2282 216 2321 cus
234 2265 355 2320 accendit
368 2265 493 2322 candelas
506 2281 588 2334 super
606 2267 700 2335 altare,
719 2273 747 2320 et
764 2264 861 2322 deinde
878 2266 908 2319 in
926 2279 968 2322 sa-

168 2337 285 2392 cristiam
303 2337 381 2392 redit.
404 2338 432 2406 4)
450 2337 615 2408 Procediccr,
634 2337 706 2393 facta
723 2337 877 2393 reverentia
895 2336 969 2392 eruo

166 2447 325 2470 -—l-

182 2513 203 2563 ¹)
217 2515 266 2554 Non
284 2515 365 2555 debent
387 2528 435 2557 esse
454 2527 511 2567 aqua
530 2518 612 2557 madldl
630 2518 654 2558 ln
672 2519 759 2559 modum
780 2518 828 2560 luti.
858 2517 889 2568 (8.
905 2519 931 2562 R.
946 2517 968 2560 0.

219 2577 257 2619 aa.
273 2578 331 2620 araca
344 2579 417 2632 roca)

180 2641 202 2694 Ι)
217 2645 244 2683 In
257 2647 364 2692 paroeciis
378 2648 498 2688 maioribus
512 2659 598 2690 aninmo
618 2660 682 2689 mane
700 2649 782 2698 allqulu
798 2649 915 2700 presbyter
929 2659 967 2700 po·

220 2711 265 2748 cest
278 2710 382 2758 privatim
396 2714 481 2754 cinereo
495 2714 635 2764 benedicere,
655 2715 767 2756 recitando
787 2715 857 2754 selum
870 2719 968 2764 quatuor

219 2775 336 2816 Orationes
350 2777 455 2830 merallu,
469 2784 491 2819 ot
506 2782 643 2831 aspergendo
657 2781 748 2831 cineres,
763 2792 789 2821 ac
802 2791 840 2822 eos
854 2781 967 2831 imponere

218 2841 302 2882 christi
315 2842 423 2894 fidelibus,
436 2847 475 2896 qul
488 2847 570 2888 Missae
583 2848 676 2889 solem
688 2859 734 2889 non
747 2857 841 2898 poenum
854 2849 966 2894 mlum
