2128 3228
159 143 200 187 ‘lbi
313 146 345 186 os
359 146 488 195 quibusdam
502 146 552 186 allis
565 147 703 188 mosrdotum
718 147 801 190 omens.

161 265 206 320 Vl.
226 267 265 318 ue
279 267 322 331 ils,
332 280 404 334 qnae
417 267 588 346 observanda
601 268 665 321 sunt
678 267 802 322 sabbato
812 269 924 324 saneto.
937 269 959 338 ¹)

196 358 264 410 Art.
282 355 302 408 1.
338 357 385 406 Ds
402 356 629 418 praeparandis
645 357 700 416 iis,
727 370 808 419 quae
827 355 869 408 ad
887 357 963 408 inn-

161 429 282 478 otionss
300 427 394 477 huius
413 427 476 477 disi
494 429 673 478 necessaria
692 432 773 479 sunt.
810 441 836 478 a.
865 425 964 480 Extra

156 502 268 565 portum
287 497 475 566 principalem.
519 498 545 564 1)
570 496 666 550 Mensa
691 513 750 551 enm
767 496 870 550 mantili
889 497 964 569 albo,

163 576 190 622 et
202 583 284 636 super
298 583 370 622 eam:
396 569 422 638 2)
437 567 529 636 Legile
542 583 655 636 parvum
665 584 725 621 oum
737 567 849 622 Missall.
869 569 897 636 3)
911 569 964 622 Pa-

161 646 221 693 tera
235 645 362 706 argentea
380 654 439 692 eum
454 640 569 706 quinque
582 639 697 708 globulis
714 639 823 694 incensi.
842 641 871 707 4)
889 639 965 694 Thu·

161 709 278 763 ribulum
305 717 331 763 et
362 710 485 763 navicula
512 727 571 764 eum
598 711 685 764 thure.
736 710 762 780 5)
791 710 846 764 Vas
875 725 965 780 aquae

162 780 318 835 benedictae
337 796 397 834 cum
415 781 575 849 aspersorio.
612 781 638 850 6)
657 780 818 850 Manipulus‚
847 782 919 836 stola
938 789 966 838 et

162 851 304 907 dalmatica
328 851 381 905 albi
406 852 511 906 eoloris.
553 853 579 922 7)
602 851 740 906 Lanterna
764 869 822 906 oum
841 851 964 921 candela.

162 924 189 994 3)
208 925 283 992 Item,
300 931 538 991 'prope'mensam,
563 922 647 991 tripes
667 939 727 976 oum
745 921 843 990 loculo,
861 923 891 976 in
909 939 964 992 qno

163 995 293 1050 carbones
320 993 482 1048 accendendi
505 1009 555 1062 pro
580 1009 651 1048 novo
675 994 744 1062 igne.
782 995 808 1062 9)
831 993 964 1062 Foreipes

162 1065 274 1120 ier'reae.
312 1064 355 1134 10)
374 1064 485 1119 Arundo
504 1072 599 1119 ornata
616 1081 676 1119 oum
693 1065 778 1120 tribus
798 1063 918 1121 candelis
936 1067 965 1120 in

163 1138 322 1193 summitate.
409 1151 413 1159 ·

198 1208 222 1261 b.
240 1208 276 1260 In
294 1207 379 1260 ultori
395 1207 501 1260 maiori.
522 1205 546 1276 1)
561 1205 654 1260 Altare
673 1222 732 1260 oum
746 1221 831 1276 cruos,
852 1214 880 1262 et
900 1223 962 1262 oan-

163 1278 279 1333 delabris
297 1277 409 1334 festivis.
445 1280 472 1344 2)
497 1277 605 1345 Duplex
622 1278 650 1331 in
669 1293 702 1332 eo
721 1278 846 1349 pallium,
872 1279 964 1333 album

163 1349 271 1418 subtus,
291 1357 318 1403 et
335 1349 483 1402 violaceum
502 1347 626 1416 desuper.
663 1348 690 1418 3)
709 1349 762 1404 Pes
779 1350 893 1418 ligneus,
920 1350 964 1404 val

162 1420 235 1476 basis
260 1435 409 1474 marmorea
436 1421 463 1472 in
487 1420 572 1474 latere
590 1420 732 1488 Evangelii
755 1435 805 1488 pro
832 1419 965 1475 firmanda

154 1491 302 1548 manime.
333 1491 359 1561 4)
379 1491 471 1558 Legile
489 1507 539 1559 pro
558 1491 715 1546 Praeconio.
752 1494 779 1560 5)
800 1491 901 1548 cereus
919 1492 964 1547 be·

163 1562 339 1632 nedioendus‚
365 1568 472 1630 aptatus
496 1563 523 1615 in
542 1562 702 1618 candelabro
728 1576 824 1630 magno
844 1578 861 1616 a
878 1563 965 1618 latere

163 1635 319 1704 Evangelii,
348 1649 407 1688 oum
439 1633 570 1702 ellychnio
598 1634 754 1688 concinnato
780 1632 815 1686 ad
840 1643 966 1704 prompta

164 1705 298 1761 flammam
315 1703 505 1775 recipiendum,
533 1720 592 1758 oum
611 1705 727 1772 quinque
745 1702 921 1762 foraminibus
938 1707 966 1760 in

164 1778 272 1834 modum
290 1777 384 1831 crucis.
420 1777 448 1844 6)
466 1775 619 1844 Lampeties
638 1776 811 1845 compositae.

201 1865 223 1904 e.
250 1849 286 1902 Io
308 1843 391 1900 obuio
416 1845 513 1900 altario
530 1847 650 1901 maioris.
694 1847 719 1916 1)
742 1846 839 1902 Mensa
862 1847 967 1902 mantili

164 1919 227 1974 albo
247 1925 382 1987 cooperta.
418 1917 445 1987 2)
463 1917 574 1971 Missale
593 1933 644 1987 pro
661 1917 809 1972 Praeoouio
828 1921 857 1972 et
871 1918 966 1978 Missa

118 2011 120 2016 ·
166 1991 193 2060 3)
212 1990 288 2044 Galix
306 2005 366 2042 oum
387 1990 550 2044 ornamentis
567 1989 665 2044 eoloris
684 1989 746 2046 albi.
783 1989 810 2060 4)
828 1989 968 2046 Pelvieula

163 2076 225 2116 oum
243 2060 358 2128 urceolis
375 2060 431 2112 vini
450 2067 477 2114 et
497 2075 591 2130 aquae,
610 2069 638 2114 et
654 2059 830 2128 manutergio.

201 2132 228 2186 d.
259 2132 295 2185 Ia
317 2132 451 2185 sacratos.
501 2130 526 2200 1)
551 2131 674 2198 Quatuor
697 2131 893 2200 superpellicea
918 2147 968 2201 pro

165 2203 277 2274 olorinis,
303 2203 422 2270 amiotus,
442 2201 515 2269 alba,
539 2201 680 2271 cingulum,
708 2202 785 2270 stola,
805 2207 833 2255 et
849 2202 969 2272 pluviale

164 2275 262 2330 eoloris
280 2273 405 2341 violacei3
430 2272 588 2343 manipulus,
608 2274 685 2342 stola,
710 2279 738 2327 et
754 2273 864 2342 planeta
881 2273 967 2328 viola-

165 2359 223 2400 oea.
260 2348 288 2413 2)
313 2344 476 2414 Manipulus,
502 2344 580 2412 stola,
605 2353 633 2398 et
659 2345 769 2414 planeta
787 2343 885 2398 eoloris
905 2345 967 2402 albi.

165 2416 192 2486 3)
211 2416 307 2469 Velum
331 2431 380 2484 pro
405 2415 523 2469 humeris
548 2415 601 2469 albi
625 2416 730 2470 eoloris.
767 2417 794 2484 4)
819 2415 899 2470 Cerei
916 2431 968 2484 pro

165 2488 349 2556 asportatione
368 2485 482 2554 pyxidis.

201 2575 222 2612 e.
241 2558 277 2611 Ia
288 2557 452 2626 baptisterio,
471 2555 589 2610 sindolt.
617 2554 640 2624 1)
654 2553 750 2611 Mensa
762 2563 891 2625 cooperta
904 2555 965 2612 albo
1046 2601 1047 2628 )

166 2629 268 2682 mantili
285 2643 335 2695 pro
355 2627 446 2682 abaco.
473 2628 499 2698 2)
518 2626 689 2696 Manntergia
707 2626 768 2681 duo.
796 2627 822 2697 3)
842 2627 898 2683 Vas
916 2643 967 2697 pro
1046 2633 1047 2669 l

166 2713 240 2766 aqua
257 2696 404 2767 benedicta,
423 2706 451 2753 et
468 2697 656 2768 aspersorium.
688 2698 715 2770 4)
734 2697 807 2754 Vasa
826 2697 861 2752 ad
880 2711 969 2755 extra·

171 2787 325 2800 μ

181 2822 202 2875 ι)
219 2822 411 2870 cremamus,
424 2819 579 2864 rauranum
