2146 3234
396 193 555 241 Exsequimm
570 193 630 232 ordo.
870 187 912 232 665

147 301 173 353 6.
197 297 241 365 iis,
268 295 416 365 dequibus
435 295 541 364 publice
559 303 672 365 constat,
691 294 763 363 quod
781 296 864 350 semel
881 296 909 350 in

110 385 180 425 suno
209 384 263 423 non
286 373 462 436 susceperunt
483 367 656 421 Sacramenta
675 366 856 422 Confessionis
882 373 911 422 et

112 438 310 496 communionis
328 439 356 492 in
374 439 487 508 Pascha,
513 445 540 494 et
558 438 660 506 absque
677 439 733 493 ullo
752 438 828 506 signo
847 453 909 492 con·

110 512 226 568 tritioms
245 511 375 565 obierunt.

147 587 172 640 7.
191 581 339 636 Iniaubbus
357 580 469 636 mortuis
489 581 590 648 absque
607 579 763 648 Baptismo:

147 657 172 708 8.
191 654 244 709 Ubi
261 667 327 707 vero
352 653 380 706 in
398 651 542 721 praedictis
568 651 673 707 casibus
692 649 801 704 dubium
819 665 910 704 occsu-

112 727 185 794 rerit,
205 724 362 780 ordinarius
381 724 543 779 consulatur.

304 867 399 907 Modus
417 867 576 918 sepeliendi
596 865 723 905 aduttum.

381 947 552 999 (exsequiarum
566 949 636 997 crdo.)

148 1031 172 1086 1.
211 1027 360 1082 Ouestituto
378 1031 503 1096 ternpore,
530 1043 582 1096 quo
602 1041 699 1094 corpus
717 1023 755 1078 ud
773 1023 910 1077 ecetesiam

114 1098 288 1166 deferendum
304 1099 350 1166 eet,
364 1105 520 1153 convocetur
532 1099 625 1165 ciuus,
644 1103 669 1152 et
682 1097 740 1162 aiii,
760 1096 809 1164 qui
818 1095 914 1162 funeri
971 1127 973 1132 ·

113 1172 241 1224 interesse
259 1169 368 1236 debent,
396 1175 421 1224 a
443 1171 474 1224 in
493 1170 691 1238 parochialem,
719 1167 760 1220 oet
777 1168 807 1220 in
825 1165 909 1219 aliurn

115 1241 259 1306 sedecion,
287 1241 367 1294 iunia
385 1240 437 1294 ioci
454 1241 678 1308 cumbaudinen,
706 1237 801 1292 ordine
818 1252 909 1292 conu-

112 1314 208 1378 niunt,·
225 1327 258 1364 ac
276 1309 349 1364 dctis
366 1312 445 1364 certes
462 1325 611 1380 cauponae
628 1311 719 1380 sipuiq
739 1324 769 1362 eo
786 1308 866 1362 ruodo
884 1313 910 1361 et

112 1384 184 1448 ritu,
213 1395 266 1450 quo
283 1382 314 1434 in
332 1397 363 1435 eo
380 1381 438 1435 ioco
462 1381 523 1447 deri
539 1381 618 1448 solet,
641 1381 779 1448 parochus
796 1380 911 1433 indutus

112 1451 303 1520 superpelliceo
321 1457 346 1506 et
363 1452 432 1505 stota
445 1453 534 1522 nipra,
551 1451 593 1505 oet
610 1453 691 1505 etiarn
704 1451 824 1518 pluuiali
842 1451 911 1504 eius·

114 1523 175 1576 deu
200 1523 310 1589 colem,
342 1521 437 1576 clerico
462 1523 630 1590 praeferente
658 1537 775 1588 menn,
803 1526 828 1574 et
854 1521 911 1574 aito

113 1608 215 1661 aquarn
234 1593 406 1660 benedictum,
435 1593 473 1647 ad
497 1593 606 1646 doraum
625 1591 747 1659 defuncti
768 1607 826 1644 una
851 1605 911 1644 eune

115 1665 180 1718 aliie
194 1663 325 1732 procedit.
361 1664 571 1718 Distrrbuuntnr
589 1665 664 1730 cerei,
684 1669 709 1717 et
728 1661 912 1716 accenderetur

113 1735 257 1789 intutitia.
276 1735 346 1788 Mon
364 1735 509 1790 ordinatur
522 1735 668 1804 processio,
689 1731 914 1802 praecedentibus

114 1807 245 1861 inuuunt
259 1806 533 1873 confraternitattbus,
552 1807 577 1860 ei
593 1805 701 1872 adsint,·
717 1810 775 1858 tum
792 1804 913 1871 sequitur

113 1879 200 1933 cinus
217 1878 358 1947 reputaris,
383 1883 408 1932 et
425 1878 573 1932 saeculms
586 1893 638 1945 per
656 1875 785 1941 ordinem,
804 1875 913 1942 binique

110 1949 271 2018 procedunt,
286 1949 414 2024 praelatu
428 1965 512 2018 unce,
532 1948 624 2002 deone
635 1947 766 2014 Pserimos,
784 1949 815 2000 ut
827 1946 912 2013 infra,

112 2021 293 2086 decantantes,
317 2021 438 2088 parociae
452 2020 630 2088 praecedente
646 2020 775 2086 feretrum
794 2033 853 2071 nuru
872 2017 911 2070 iu·

113 2091 239 2146 minibus.
276 2091 347 2145 Inde
364 2097 513 2160 sequuntur
537 2091 588 2144 aiii
608 2091 694 2157 funus
711 2089 867 2144 conitentes
885 2093 911 2142 et

109 2179 163 2232 pro
182 2163 309 2229 defuncto
327 2163 417 2216 Deurn
433 2163 485 2216 rite
503 2162 676 2230 deprecantes
693 2161 741 2214 sub
760 2161 878 2214 uentu.

148 2237 175 2290 2.
202 2234 344 2289 Purocbus
367 2248 438 2300 nero,
464 2239 609 2302 antequam
634 2233 750 2286 cadauer
776 2232 912 2298 efferatur,

115 2304 186 2358 atiud
204 2306 323 2375 asperpit
341 2321 415 2373 aqua
432 2305 577 2358 benedicto.
609 2303 679 2358 Mon
697 2303 763 2357 dicit
780 2302 913 2370 Antipho-

113 2390 178 2430 nan
205 2376 234 2440 Sj
251 2375 405 2444 iniquitates
424 2375 624 2445 observaveris,
657 2381 682 2429 et
704 2375 843 2429 Psabnuu
866 2373 909 2426 De

167 2540 194 2576 ut
207 2538 317 2588 sacerdos,
331 2539 412 2578 dubius
421 2537 447 2577 (ie
455 2538 598 2586 dispositione
611 2537 736 2577 moribundi
745 2537 817 2586 ipsum
831 2536 914 2582 ubsque

170 2601 264 2642 testibus
278 2603 404 2652 alloquetur
423 2604 445 2641 et
462 2603 491 2643 ad
505 2603 667 2644 contessionem
680 2603 778 2650 inducat,
797 2610 824 2640 us
843 2597 915 2637 melus

169 2667 217 2706 cius
235 2669 321 2708 animus
338 2671 475 2718 innotescam
498 2669 562 2708 modo
583 2671 658 2708 tamen
676 2668 766 2718 sliquos
787 2665 914 2706 scandulum

169 2743 214 2772 nou
230 2735 259 2772 sit
271 2736 394 2775 necessario
408 2735 561 2784 reparandum.
577 2755 600 2764 -
615 2735 652 2775 Itu
666 2736 774 2774 statutum
793 2735 826 2770 sat
839 2731 863 2768 in
876 2738 914 2769 sa·

171 2801 211 2840 riis
225 2800 367 2852 dioecesibus,
387 2804 409 2841 et
427 2801 450 2842 id
463 2803 580 2852 prudentis
600 2803 677 2842 madet
697 2800 763 2851 (ὕων
775 2798 833 2840 theol.
846 2807 915 2834 meru

170 2867 197 2906 lic
211 2877 266 2908 aum.
280 2864 341 2908 1689.
355 2867 404 2906 edit.
418 2865 439 2910 2.
455 2867 546 2914 Batiai.)
