2152 3234
178 191 219 236 ast
352 196 383 236 Dc
397 195 588 236 §aeramentorum
601 195 797 239 administratione.

178 311 236 351 rem
248 297 367 366 incurrit,
379 297 432 352 nisi
445 297 517 352 bona
532 295 608 366 fides,
622 294 666 351 vel
681 297 832 366 ignorantia
846 312 976 354 censurae

179 381 242 422 eum
260 370 436 425 excusaverit.
926 435 933 442 ν

215 440 354 507 ocqnstic
371 440 525 508 spiritualis
533 439 553 509 ¹)
578 445 620 494 est
640 439 827 508 propinquitas
848 453 979 507 persona·

178 525 239 564 rum
255 510 314 564 iure
339 509 694 566 ecclesiastico'inmoducta
716 511 820 564 ratione
845 511 978 579 Baptismi

179 587 209 634 et
227 579 448 636 Confirmatiouis.
479 581 554 635 Haec
572 581 757 650 propinquitas
775 582 850 635 iuxta
868 598 889 636 s.
905 583 979 638 Tho·

179 665 250 706 mam
268 653 296 706 iu
314 667 347 706 eo
364 651 498 720 fundatur,
527 653 598 720 quod
616 659 758 720 utrumque
777 651 979 708 Sacramentum

180 721 216 778 sit
233 722 379 792 spiritualis
398 723 528 792 quaedam
546 724 691 792 generatio,
710 739 758 778 seu
775 725 910 793 nabutae,
928 725 979 779 rni-

178 807 231 848 nns
248 793 368 862 perfecta
380 795 409 848 in
422 795 567 863 Bspu'smo,
586 809 655 863 quae
674 795 835 849 assimilatur
843 796 979 852 nativitati

179 865 208 918 iu
226 873 312 934 utero,
331 865 393 919 dum
410 864 497 920 miuus
516 865 602 920 adhuc
620 865 715 920 debilis
728 871 769 921 est
787 881 818 920 ac
831 865 977 938 fovendum

179 934 300 1004 perfecta
317 949 382 990 vero
400 936 428 989 in
446 935 659 1005 confirmatione,
677 939 727 1005 per
743 951 830 1005 quam,
848 937 935 1005 inquit
954 955 978 995 a.

179 1005 291 1075 Ductor,
310 1007 390 1060 homo
414 1005 557 1062 roboratus
584 1009 727 1079 exponitur
743 1008 772 1060 iu
789 1008 923 1076 publicum
942 1009 978 1064 ad

179 1076 373 1132 confessionem
391 1077 504 1133 nominis
523 1078 630 1148 Christi,
657 1093 779 1147 quaeque
807 1089 979 1148 comparatum·

180 1148 313 1202 nativitati
332 1163 366 1202 ex
383 1157 468 1204 utero.

207 1217 345 1286 ·Oo'gnatio
363 1220 431 1274 haec
454 1219 600 1288 spiritualis
618 1220 661 1274 vei
680 1219 878 1275 Matrimonium
897 1237 977 1290 prae-

180 1288 260 1357 cedit,
277 1291 322 1344 vel
338 1289 405 1345 illud
422 1292 476 1345 iam
488 1292 606 1360 legitime
620 1297 784 1346 contractum
795 1292 975 1359 subsequitur.

179 1359 211 1414 ln
228 1361 314 1429 primo
333 1377 398 1417 casu
420 1363 557 1417 constituit
573 1362 797 1431 impedimentum,
824 1363 896 1430 quod
914 1363 978 1419 diri·

179 1429 229 1485 mit
245 1432 443 1488 Matrimonium
460 1435 531 1488 inter
548 1441 635 1488 certas
652 1447 781 1502 personas
800 1441 895 1502 postea
913 1451 977 1490 cou-

178 1503 346 1558 trahenslnm.
377 1503 447 1558 Olim
463 1504 570 1572 quidem
588 1505 622 1558 ad
639 1505 730 1572 plures
748 1505 800 1558 hoc
814 1505 977 1561 extendeba-

83 1573 91 1582 “
179 1579 237 1643 tnr3
264 1575 312 1630 sed
331 1575 410 1629 Gonu.
429 1575 502 1629 Trid.
522 1575 593 1634 Sese.
612 1579 655 1630 24.
682 1575 715 1629 dc
733 1575 840 1634 reform.
859 1575 978 1632 Matrim.
1064 1605 1065 1612 .

180 1659 239 1716 cap.
258 1649 283 1700 2.
301 1646 367 1700 illud
384 1647 422 1700 ita
438 1647 590 1715 restrinxit,
618 1653 648 1700 ut
671 1647 725 1700 iam
743 1647 816 1702 solus
835 1647 979 1714 baptizans

181 1723 209 1771 et
227 1724 396 1785 susceptores
403 1717 425 1787 ²)
443 1732 477 1771 ex
490 1733 544 1771 una
556 1724 634 1785 parte
647 1718 744 1786 singuli
761 1717 979 1786 impedimentum

180 1789 339 1842 connubunt
361 1803 420 1842 eum
437 1789 514 1856 prole
532 1788 668 1856 baptizata
693 1790 803 1856 eiusque
820 1791 979 1858 parentibus

181 1871 216 1913 ex
239 1860 325 1914 altera
350 1866 437 1927 parte.
480 1859 606 1913 Similiter
628 1861 656 1912 iu
685 1859 899 1914 confirmatione.
947 1861 979 1916 lu

180 1929 297 1985 secundo
315 1937 403 1984 antem
417 1945 488 1999 casu,
507 1929 570 1984 ilum
583 1931 684 1984 scilcet
698 1933 821 1999 cognatio
839 1931 979 1987 Matrimo-

179 2000 225 2054 nio
252 2001 306 2056 iam
330 2001 447 2070 legitime
465 2008 608 2068 contracto
635 2004 797 2072 supervenit,
826 2019 851 2056 v.
870 2019 895 2072 g.
914 2002 980 2058 sium
1064 2047 1065 2068 .

199 2142 221 2193 1)
236 2143 980 2196 onnmurvmmunuuananrsans,tatasamnpspaia-mt.
1010 2135 1014 2142 ’

198 2204 252 2256 ²)1.
272 2209 415 2259 susceptores
436 2221 476 2250 nso
498 2211 556 2252 iuter
574 2221 610 2260 sc,
632 2221 672 2252 nse
690 2221 740 2252 curn
764 2212 892 2261 baptisante
910 2213 981 2252 ullum

237 2276 370 2316 contrahunt
383 2277 574 2326 impedimentum
588 2277 645 2318 unda
655 2288 683 2318 ox
692 2277 733 2318 boc
743 2277 815 2326 capito
827 2277 882 2316 nihil
897 2277 981 2328 obstat,

236 2341 352 2390 quominus
366 2342 466 2390 patrinus
480 2353 506 2381 ao
520 2343 616 2382 matrina
630 2342 727 2382 eiusdsm
740 2343 825 2382 abenas
838 2343 906 2392 prolis
920 2344 981 2386 tutas

237 2415 260 2444 se
274 2407 437 2446 Matrimonium
453 2407 540 2456 luctum
559 2407 612 2446 item
630 2419 670 2448 uco
688 2409 804 2458 quominus
818 2409 861 2448 duc
875 2409 981 2459 coniuges

237 2469 301 2510 simul
315 2472 340 2512 de
355 2472 415 2510 tonte
429 2471 500 2510 levent
515 2472 605 2512 eandam
617 2473 711 2514 alienam
721 2474 811 2522 prolem.
829 2469 848 2516 2.
863 2475 980 2524 numquis

235 2534 327 2575 alt'orlus
342 2537 429 2576 uomina
443 2536 526 2584 prolem
545 2537 640 2578 alionum
655 2539 747 2587 suscipit
762 2539 783 2577 in
797 2537 924 2588 Baptismo,
945 2539 980 2578 vsi
1064 2573 1065 2594 p

235 2603 295 2638 tanet
309 2601 332 2638 iu
346 2600 529 2652 Oouilrmatloue,
552 2613 596 2641 nou
616 2603 727 2643 contrahit
748 2605 898 2652 cognationem
914 2605 980 2656 spirl-

234 2665 322 2706 tuaiem.
349 2662 370 2703 8.
393 2665 425 2705 Ex
443 2666 557 2716 Baptismo
576 2668 603 2707 ob
623 2670 777 2708 necessitatem
797 2669 854 2710 domi
874 2671 980 2718 privatim

235 2727 290 2780 (uon
312 2729 447 2777 solemniter)
470 2732 551 2772 collato
569 2744 582 2772 a
600 2737 762 2783 susceptoribus
782 2745 825 2776 uon
838 2737 980 2778 contrabitur

236 2796 338 2845 cognatio
352 2796 485 2846 spiritualim
508 2809 549 2839 neo
566 2801 653 2849 qnando
671 2803 820 2841 caeremoniae
841 2801 977 2842 solummodo

235 2861 371 2911 supplentur.
