2108 3226
150 137 190 181 ue
344 140 473 181 Gratiarum
486 142 584 180 actiones
597 143 649 190 poet
662 141 761 186 Missam
857 163 860 170 ·

187 243 306 300 Oramus.
342 244 426 314 Deus,
451 244 497 312 qui
514 245 600 299 tribus
618 245 709 312 pueris
726 243 853 312 mitigasti
870 243 952 299 ilam-

134 332 207 371 mas
224 316 340 384 ignium;
362 315 477 372 concede
491 315 631 385 propitius,
645 322 676 370 ut
688 331 738 370 nos
752 314 866 370 famulos
884 324 952 373 tuos

149 403 204 442 non
223 394 317 441 exurat
334 385 441 440 flamma
458 387 593 441 vitiorum.

185 458 312 513 Actiones
335 464 450 527 nostras,
471 473 639 527 quaesumus,
662 457 784 526 Domine,
804 457 952 526 aspirando

149 530 278 598 praeveni
293 536 321 583 et
339 528 489 584 adiuvando
503 543 682 598 prosequere3
701 536 731 583 ut
744 536 840 583 cuncta
851 536 950 584 nostra

151 601 236 655 oratio
256 608 283 654 et
301 601 422 668 operatio
441 616 458 654 a
481 607 509 655 te
528 615 634 668 semper
650 600 776 669 incipiat,
805 607 833 654 et
849 615 901 668 per
918 607 950 655 te
1043 641 1044 674 3

150 678 247 739 coepta
264 670 379 726 finiatur.
1043 711 1044 742 ,

185 742 229 796 Da
238 743 323 811 nobis,
338 757 508 811 quaesumus,
521 740 644 809 Domine,
658 741 783 796 vitiorum
795 748 952 798 nostrorum

149 811 270 868 dammas
288 815 473 882 exstinguere,
503 813 549 880 qui
565 813 645 867 beato
665 813 811 866 Laurentio
829 813 949 868 tribuisti

149 891 342 939 tormentorum
360 901 469 939 suorum
486 883 609 938 incendia
626 899 763 952 superare.
799 884 853 938 Per
871 885 949 938 Chri·

150 961 220 1012 stum
238 955 382 1010 Dominum
399 962 527 1010 nostrum.
563 955 658 1014 nmen

275 1085 335 1130 Aliae
348 1087 456 1132 orationes
468 1083 517 1138 peel
530 1086 697 1131 celebrationem
710 1085 821 1129 dicendae.

186 1165 292 1222 Gratias
310 1168 359 1222 tibi
380 1185 439 1238 ago,
466 1169 580 1222 Domine
599 1175 699 1237 sancte,
725 1168 808 1222 Pater
825 1166 947 1235 omnipo·

149 1244 218 1305 tens,
237 1245 345 1292 aeterne
363 1239 453 1307 Deus,
479 1241 525 1308 qui
541 1255 584 1293 me
601 1246 784 1308 peccatorem,
808 1237 946 1306 indignum

150 1308 277 1362 famulum
294 1316 369 1364 tuum
387 1311 467 1364 nullis
484 1311 551 1366 meis
568 1311 684 1380 meritis,
711 1309 758 1365 sed
777 1309 835 1364 tola
853 1307 946 1376 digna·

150 1380 223 1435 tione
236 1381 434 1436 misericordiae
452 1388 515 1436 tuae
534 1383 632 1436 satiare
647 1381 770 1449 dignatus
784 1395 813 1434 es
826 1381 946 1448 pretioso

151 1451 270 1519 Corpore
289 1461 317 1507 et
335 1453 468 1521 Sanguine
486 1453 549 1506 Filii
574 1454 627 1522 tui,
652 1453 760 1507 Domini
776 1451 862 1506 nostri
879 1452 947 1506 Jesu

151 1522 258 1578 Christi.
295 1524 334 1578 Et
351 1539 447 1592 precor
464 1531 500 1592 te,
526 1531 558 1578 ut
581 1525 648 1578 haec
673 1529 767 1579 sancta
790 1522 945 1577 Communio

150 1609 205 1648 non
223 1595 258 1649 sit
274 1595 338 1648 mihi
356 1603 447 1650 reatus
466 1595 501 1650 ad
518 1611 641 1664 poenam,
661 1595 709 1650 sed
729 1594 884 1648 intercessio
904 1608 946 1648 sa·

150 1665 245 1721 lutaris
264 1666 298 1720 ad
315 1668 429 1721 veniam.
466 1667 507 1721 Sit
523 1667 588 1720 mihi
606 1673 741 1721 armatura
758 1664 821 1719 fidei
842 1671 870 1719 et
887 1681 945 1720 scu·

150 1743 208 1790 tum
225 1737 312 1792 bonae
337 1739 490 1793 voluntatis.
528 1738 569 1792 Sit
594 1739 720 1792 vitiorum
746 1751 866 1792 meorum
884 1751 946 1790 eva·

151 1807 254 1876 ouatio,
288 1810 517 1876 concupiscentiae
544 1816 572 1863 et
603 1808 720 1863 libidinis
752 1807 945 1876 exterminatio,
991 1819 995 1826 ’

151 1878 270 1933 caritatis
284 1886 312 1933 et
319 1881 473 1949 patientiae,
487 1879 643 1935 humilitatis
658 1885 685 1933 et
699 1878 875 1948 obedientiae,
891 1894 945 1933 orn·

72 1992 75 1998 .
151 1949 276 2016 niumbue
294 1951 421 2006 virtutum
439 1951 633 2018 augmentati03
659 1957 751 2004 contra
768 1949 878 2004 insidias
895 1949 944 2003 ini·

150 2021 279 2074 micorum
297 2023 421 2090 omnium,
439 2028 494 2075 tam
503 2021 655 2090 visibilium,
675 2037 755 2089 quam
766 2020 945 2090 invisibilium,

151 2089 228 2145 firma
245 2091 380 2162 defensio,
407 2100 525 2147 motuum
549 2107 682 2161 meorum,
712 2098 767 2146 tam
792 2091 943 2161 carnalium,
1043 2125 1044 2146 r

151 2176 231 2229 quam
249 2163 426 2230 spiritualium
443 2163 563 2232 perfecta
581 2164 726 2231 quietatio,
751 2164 824 2217 inte
843 2178 896 2217 uno
914 2177 945 2216 ac

149 2247 215 2287 vero
229 2234 288 2288 Deo
302 2233 379 2288 firma
400 2235 535 2305 adhaesio,
555 2242 634 2302 atque
654 2233 714 2288 finis
739 2235 793 2288 mei
805 2233 870 2288 felix
884 2249 944 2288 con·
1043 2285 1044 2302 ,

150 2306 299 2359 summatio.
326 2306 364 2360 Et
380 2322 476 2374 precor
493 2314 529 2376 te,
548 2313 579 2360 ut
596 2305 631 2360 ad
647 2305 715 2360 illud
731 2304 866 2358 ineffabile
885 2321 945 2359 oon-

151 2376 251 2430 vivium
269 2392 311 2431 me
330 2385 499 2445 peccatorem
520 2377 668 2446 perducere
687 2376 817 2444 digneris,
845 2376 892 2429 ubi
909 2383 945 2444 tu,

151 2463 212 2501 cum
226 2447 297 2502 Filio
315 2454 362 2502 tuo
382 2456 409 2503 et
427 2448 529 2517 Spiritu
547 2456 638 2504 sancto
659 2448 763 2502 Sanctis
781 2447 835 2502 tuis
854 2461 883 2501 es
900 2447 946 2500 lux
1043 2507 1044 2526 χ

150 2533 224 2586 vera,
248 2519 358 2574 satietas
376 2521 464 2589 pleno,
483 2519 608 2588 gaudium
626 2520 828 2587 sempiternum,
856 2518 945 2571 iucun-

152 2587 221 2644 ditas
235 2599 416 2646 consummata
434 2599 461 2645 et
478 2591 591 2646 felicitas
604 2589 732 2658 perlecta.
759 2590 812 2643 Per
826 2587 946 2642 eumdem

152 2660 434 2717 ChristumDominum
441 2669 569 2718 nostrum.
579 2661 673 2715 Arnen.
685 2660 725 2728 (S.
734 2661 825 2715 lbom.
833 2660 944 2728 Aqola.)

187 2731 339 2802 Transfige,
365 2733 515 2788 dulcissime
533 2734 646 2787 Domine
664 2733 745 2800 Jesu,
771 2729 901 2786 medullas
919 2739 946 2786 et

151 2802 255 2858 viscera
268 2805 372 2860 animae
383 2820 459 2860 meae
473 2805 631 2860 suavissimo
645 2819 676 2858 ac
687 2803 860 2859 suluberrimo
875 2817 944 2858 amo·
