2106 3228
152 161 183 204 62
322 163 432 204 Μιιετίω
444 164 599 202 nonnullarum
612 163 785 206 meditationum.

151 267 183 320 lii
200 266 243 320 sui
254 265 417 332 praesentia,
435 265 524 317 anima
541 264 709 318 sanctissima
726 263 875 318 castissirrm
895 279 957 318 cor-
1034 250 1045 323 ,ἰ

151 352 220 406 pore
238 337 334 403 solita,
351 337 380 388 in
397 335 517 389 eiusdem
534 335 597 388 Filii
613 351 708 390 manus
725 335 874 403 prodierit!
894 336 954 390 Ex.
1044 345 1045 394 j

153 408 251 477 pende,
270 423 351 474 quam
366 407 489 475 iucunda,
507 423 587 474 quam
604 407 729 474 optabilis
743 408 778 460 sit
796 422 869 460 mors
884 408 955 477 eius,

153 481 200 548 qni
217 487 310 534 sancte
328 479 410 544 rixit;
428 486 522 532 contra
538 494 612 546 vero,
636 494 716 544 quarn
734 478 801 531 dnra
819 479 887 547 eius,
906 481 956 546 qui

152 552 232 605 male.
264 549 333 604 Vide
352 550 438 616 qualis
455 559 504 603 tna
520 549 612 603 futura
628 551 684 603 sit?
703 555 731 604 et
748 550 863 616 sioptas
881 550 957 605 simi·
1044 599 1045 607 ,

153 623 206 676 lem
223 623 336 689 Mariae,
354 621 437 674 vitam
455 622 512 675 eius
530 622 644 674 imitare.
1044 645 1045 650 ι

189 695 224 747 Π,
253 691 407 760 Considera,
426 700 527 758 quanta
544 693 708 760 Angelorum
725 691 842 746 omnium
861 693 952 748 exsul-
1044 713 1045 746 ι

153 766 264 832 tutione,
282 771 382 830 quanto
395 764 492 830 plausu
510 771 538 817 et
553 764 708 818 iubilatione
721 765 955 830 praestantissima
1044 765 1045 818 i

153 837 271 904 Virginis
290 835 378 888 anima
401 836 430 886 in
447 836 564 905 coelum,
595 834 630 888 ad
654 835 701 888 SS.
721 835 860 889 Trinitatis
877 837 954 890 thro·

154 923 219 960 num
242 921 327 972 usque
352 905 461 960 adierit!
494 923 574 973 quam
595 907 717 960 certatim
742 906 834 959 Sancti
858 922 953 962 omnes

154 977 281 1046 gratulati
297 977 336 1029 illi
354 978 418 1045 sint,
444 979 597 1046 gratiasque
616 979 733 1046 egerint,
762 977 835 1043 quod
851 977 952 1032 Filium

153 1049 214 1116 Dei,
238 1047 405 1102 Salvatorem
423 1065 500 1102 suum
517 1051 545 1102 in
562 1057 639 1102 utero
658 1049 832 1117 concepisset,
850 1049 951 1104 mundo
1044 1057 1045 1110 ἶ

155 1119 281 1188 dedisset,
302 1120 443 1186 omniaque
461 1121 487 1172 ei
505 1121 633 1187 obsequia
651 1120 801 1174 detulisset!
833 1120 904 1173 Eam
922 1127 952 1175 et
1042 1155 1043 1158 =

153 1197 184 1244 tu
202 1207 261 1244 cum
274 1191 385 1258 Angelis
402 1193 430 1243 in
446 1193 550 1245 coelum
562 1205 736 1260 prosequere,
755 1199 783 1245 et
795 1206 876 1258 pares
890 1207 952 1246 cum

155 1261 258 1316 Sanctis
277 1262 398 1316 omnibus
417 1263 442 1315 ei
460 1263 561 1345 gutiae
579 1279 637 1330 age.

189 1333 237 1386 111.
265 1332 412 1386 Considera
429 1334 599 1401 purissimum
611 1334 715 1386 Mariae
727 1348 825 1400 corpus
842 1349 898 1387 nou
911 1333 953 1388 ri·

154 1402 226 1458 disse
235 1405 440 1472 corruptionem
452 1406 686 1472 necmpulverem
694 1403 842 1458 resolutum
851 1403 951 1474 fuisse,

154 1474 203 1530 sed
215 1477 307 1558 paucis
322 1476 355 1528 ab
371 1475 445 1529 obitu
465 1475 558 1530 diebus
572 1477 685 1530 animam
699 1476 893 1530 sanctissimam
910 1476 951 1530 di·
1044 1499 1045 1532 ι

153 1545 216 1600 vino
234 1547 354 1614 imperio,
374 1546 409 1599 ad
426 1546 625 1615 illudrediisse,
643 1548 682 1600 illi
700 1562 760 1602 sese
779 1546 868 1601 denuo
887 1563 952 1601 con·
1043 1577 1045 1604 i

153 1617 286 1686 iunxisse,
316 1617 466 1685 illudque'
458 1635 487 1670 m
517 1619 621 1672 coelum
651 1633 741 1672 secum
770 1618 950 1674 transtulisse.

154 1687 302 1743 Considera
320 1704 393 1756 ergo,
412 1705 464 1756 quo
483 1689 607 1744 coelestis
625 1691 714 1742 curiae
727 1689 871 1757 triumpho,
892 1690 952 1756 qui-

153 1759 204 1814 bus
228 1761 338 1814 conficis
355 1767 493 1828 assumpta
514 1762 549 1815 sit
571 1761 726 1815 beatissima
744 1761 826 1828 Virgo
835 1761 872 1813 ἰιι
890 1775 953 1815 coe·

153 1829 216 1897 lum,
235 1831 382 1885 deducente
397 1831 474 1898 Filio,
490 1833 532 1884 cui
545 1833 636 1885 innixa
650 1839 715 1900 erat,
734 1832 880 1885 innumeris
893 1833 951 1886 An-

153 1901 273 1968 gelorum
293 1902 440 1985 agminibus
453 1903 512 1956 Deo
531 1919 580 1957 suo
595 1903 834 1957 conclamantibus:
854 1903 952 1972 Surge,
1044 1941 1045 1962 ι

152 1973 278 2040 Domine,
295 1975 326 2026 io
342 1989 459 2040 requiem
477 1977 561 2041 tuom,
584 1979 657 2027 tuot
646 1980 741 2027 turca
758 1973 952 2039 coedificatis-
1044 2017 1045 2034 2

152 2045 197 2096 uis
214 2014 290 2111 tuni,-
308 2044 367 2097 aliis
385 2043 552 2100 ascendentis
574 2045 782 2113 triumphatricis
800 2045 951 2112 pulchritn·
1044 2089 1045 2094 ,

153 2113 242 2168 dinem
255 2115 460 2169 demirantibus:
480 2133 550 2184 quoe
562 2122 601 2170 est
612 2119 674 2183 ιιιιι,
694 2132 762 2184 quoe
776 2116 898 2169 asendit
919 2115 954 2170 do

153 2185 263 2253 ἅιεειιο,
287 2186 390 2239 delicies
408 2186 544 2252 affluens?
579 2187 698 2241 Tandem
717 2187 848 2255 excipitur
867 2202 884 2240 a
902 2186 952 2241 SS.

153 2255 300 2325 Trinitate,
329 2256 426 2311 affectu
445 2265 472 2311 et
490 2258 587 2325 gaudio
605 2259 767 2325 incredibili,
795 2258 829 2311 ab
856 2257 954 2312 eadem

152 2335 296 2382 coronatur
312 2328 395 2382 totius
414 2329 537 2383 coelestis
556 2330 645 2384 cunae
664 2329 777 2396 domino,
803 2329 953 2396 reginaque

151 2397 305 2452 declaratur
322 2406 349 2454 et
373 2399 401 2452 in
420 2400 548 2454 altissimo
577 2401 628 2455 sibi
651 2407 746 2468 parato
772 2399 839 2453 solio
865 2415 953 2468 prope

151 2469 250 2524 Filium
268 2470 421 2538 collocatur,
450 2487 537 2525 coram
559 2487 592 2526 ea
610 2471 714 2526 Sanctis
734 2471 856 2525 omnibus
875 2487 954 2526 coro-

150 2555 200 2595 nas
219 2557 281 2596 suas
301 2541 503 2611 deponentibus,
523 2551 550 2596 et
567 2544 595 2596 in
611 2544 760 2610 prinoipem
779 2557 810 2596 ac
829 2541 954 2596 domina·

150 2611 244 2666 tricem
272 2627 331 2667 eam
356 2614 555 2681 accipientibus.
592 2613 675 2682 Vide,
706 2613 778 2681 quod
802 2614 955 2680 praemium

151 2683 242 2737 virtuti
260 2685 402 2739 reddatur!
439 2687 482 2738 Ita
499 2686 587 2752 vivas,
613 2693 644 2738 ut
661 2685 719 2741 eius
736 2685 874 2752 particeps
893 2684 953 2740 fias.

150 2754 291 2810 Admirare
300 2757 404 2810 Mariae
420 2756 611 2812 excellentiam.
634 2757 704 2810 Eam
721 2755 786 2810 totis
799 2755 858 2813 cole
873 2771 954 2823 prue-

150 2825 256 2897 cordiis,
276 2835 303 2882 et
314 2828 343 2882 in
356 2827 489 2882 dominam
502 2843 534 2883 ac
548 2828 709 2897 singularem
720 2834 863 2896 patronam
875 2835 954 2881 tuam
