2152 3234
184 175 226 219 55ss
360 179 393 218 Da
407 148 598 218 Samamsntornm
614 177 808 218 administratione.

336 294 354 326 e.
375 283 407 322 De
421 282 576 332 impedimento
588 282 685 331 publicae
698 281 824 322 Houostulle.

219 351 335 406 Publica
351 352 477 406 honestas
500 357 539 406 eet
559 353 753 420 propinquitas
778 349 914 419 quaedam
936 363 984 403 seu

183 425 284 492 speeies
300 423 452 493 affinitatis,
471 429 532 478 orta
544 440 577 477 aa
586 421 765 492 sponsatam,
783 423 824 476 uel
839 438 872 475 aa
885 421 985 475 Moat-

183 495 274 550 monio
290 501 360 550 rato.

220 565 448 635 Inpedimentnm,
467 563 540 633 quod
557 565 619 620 inde
639 566 731 633 oritur,
749 563 878 618 fundatur
895 563 924 618 in
943 577 985 631 eo,

184 636 258 704 quod
270 638 376 691 minime
390 635 496 705 decens,
514 653 563 691 seu
575 637 717 691 honestum
729 635 861 702 videatur,
881 641 913 688 ut
926 635 986 702 quis

185 723 245 762 eam
262 708 350 778 ducat,
369 725 430 762 aum
447 709 521 763 ouius
531 708 729 776 consanguinea
741 707 793 761 ium
808 713 910 760 certam
923 721 986 760 eon·

183 781 326 834 nexionem
350 779 500 848 contraxit,
526 780 583 833 sive
608 773 657 848 p'er
684 778 828 847 sponsalia,
854 777 912 831 sive
936 792 986 845 per

184 851 398 918 Matrimonium
426 865 476 919 per
493 849 545 904 hoa
564 851 633 904 enim
651 851 748 904 mulier
764 847 795 903 fit
812 863 879 902 vera
897 849 985 903 inmiti

184 937 261 990 uxor,
281 922 360 976 enam
378 928 440 976 ante
454 923 721 989 consummatonem3
741 928 769 974 et
786 935 836 989 per
850 919 985 987 sponsalia

184 991 339 1060 imperfecte
358 993 453 1047 saltem
471 993 674 1060 coniunguntur.

221 1066 292 1118 Ante
311 1063 457 1118 Concilium
467 1063 540 1118 Trid.
555 1064 607 1118 hos
616 1063 833 1131 impedimentum
848 1061 985 1116 oriebatur

185 1149 220 1188 ex
239 1134 360 1189 omnibns
386 1135 555 1203 sponsalibus
580 1135 719 1202 absolutis,
746 1134 827 1188 etiam
851 1133 983 1202 invalidis,

185 1203 327 1260 dummodo
344 1206 462 1260 invalida
479 1221 533 1260 non
552 1213 629 1260 erant
647 1221 681 1260 ex
705 1203 811 1260 deiectu
829 1219 983 1260 consensus.

185 1275 313 1330 Similiter
331 1277 467 1332 oriebatur
485 1291 520 1331 ex
537 1276 708 1332 Matrimonio
722 1284 790 1345 rate,
811 1276 892 1330 etiam
909 1276 982 1330 inva-

182 1346 247 1416 lido,
266 1347 362 1402 eodem
379 1348 458 1403 modo
476 1364 508 1402 ao
526 1347 625 1402 dietum
643 1355 685 1402 est
702 1347 736 1402 de
755 1347 934 1416 sponsalibus.
952 1347 982 1400 In

184 1425 299 1487 utroque
318 1426 406 1474 autem
420 1435 485 1474 nasu
497 1419 715 1488 impedimentum
728 1419 874 1486 generatim
893 1425 983 1472 erten-

185 1488 307 1560 debatur,
325 1496 356 1545 ut
373 1491 589 1557 consanguinitas
608 1499 635 1545 et
654 1489 767 1544 affinitas
785 1504 819 1543 ex
837 1489 936 1557 copula
953 1489 982 1544 li·
1058 1523 1059 1526 =

185 1560 246 1630 sita,
264 1577 349 1630 usque
367 1561 403 1616 ed
421 1569 545 1628 quartum
563 1561 675 1630 madum
692 1561 830 1617 inclusive.
853 1561 930 1616 Hanc
948 1559 985 1614 di·

185 1633 331 1701 sciplinam,
351 1632 439 1701 quoad
455 1633 673 1701 impedimentum
692 1648 726 1686 ex
739 1632 910 1700 sponsalibus
923 1647 985 1700 pro·

184 1706 295 1760 veniens
312 1704 551 1760 immutavitOone.
570 1703 644 1758 Trid.
664 1703 744 1771 (Sese.
762 1707 807 1758 24.
826 1703 860 1756 de
876 1704 984 1770 reform.
1057 1755 1058 1760 ,

184 1776 308 1830 Matuta.
336 1791 395 1843 cap.
425 1778 462 1843 3.)
499 1776 527 1828 1⁰
553 1775 618 1830 illud
647 1773 837 1845 ¹restringendo
866 1773 901 1828 ad
929 1773 985 1830 sola

185 1847 321 1916 sponsalia
342 1847 432 1901 valide
455 1854 482 1900 et
506 1847 637 1916 absoluta,
663 1847 726 1900 lieet
750 1847 804 1900 sint
821 1843 986 1900 clandestina

185 1918 203 1971 i.
230 1932 254 1973 e.
277 1918 335 1972 sine
358 1918 477 1987 parocho
509 1924 557 1972 aut
579 1918 693 1972 testibus
725 1917 932 1986 oonnabantur3
957 1915 986 1970 2⁰

187 1988 338 2057 statuendo,
356 1998 387 2043 nt
405 1990 519 2059 primum
536 1989 648 2057 madum
664 2005 720 2042 non
738 1987 873 2042 exederet
892 1989 985 2057 Itaque

186 2057 276 2126 hodie,
303 2061 450 2128 suppositis
477 2060 647 2128 sponsalibus
672 2059 768 2114 validis
793 2067 821 2114 et
847 2059 986 2128 absolutis,

186 2129 404 2198 impedimentum
427 2132 513 2187 oritur
539 2139 642 2186 tantum
659 2131 730 2185 inter
749 2146 876 2200 sponsum
895 2147 927 2185 ae
945 2147 986 2185 so·

185 2215 284 2269 rorem,
303 2209 415 2256 matrem
433 2201 560 2257 etlilium
578 2217 708 2272 sponsae3
737 2211 764 2256 et
782 2202 899 2258 vicissim
917 2203 987 2256 inter

187 2286 314 2338 sponsam
338 2281 365 2326 et
396 2272 515 2343 fratrem,
539 2281 644 2343 patrem
670 2290 701 2327 ae
725 2271 809 2327 filium
826 2273 868 2327 sni
886 2273 987 2341 sponsi

187 2340 340 2396 Notandum
357 2344 468 2413 insuper
486 2352 535 2413 est,
553 2361 608 2400 non
627 2345 749 2400 desinere
760 2343 987 2414 impedimentum,

187 2413 211 2468 si
229 2413 366 2482 sponsalia
382 2414 473 2486 valida
491 2431 657 2484 quacumque
683 2416 717 2470 de
741 2432 823 2470 cansa
840 2414 988 2470 dissolvan-

187 2490 239 2538 tur.
272 2485 324 2540 Ast
340 2485 406 2540 nihil
423 2488 572 2542 immutant
590 2488 670 2542 Cone.
690 2485 763 2540 Trid.
782 2487 853 2541 circa
870 2487 923 2541 hoe
940 2487 988 2540 im·

186 2553 374 2626 pedimentum,
394 2566 525 2625 quatenus
544 2573 578 2612 ex
591 2558 763 2613 Matrimonia
780 2566 840 2612 rato
853 2558 988 2626 naseitnr3
1054 2569 1055 2572 ’

186 2627 277 2693 itaque
303 2627 383 2680 etiam
411 2627 492 2682 hodie
517 2629 670 2684 extenditur
692 2644 778 2697 usque
804 2629 839 2683 ed
864 2637 989 2697 quartum

186 2696 298 2763 gradum
315 2696 452 2767 inclusive,
472 2700 624 2767 etquidem
643 2717 677 2755 ex
690 2700 861 2755 Matrimonia
880 2715 989 2770 quoque

185 2767 311 2835 marlida,
330 2767 409 2824 modo
427 2769 580 2827 insoliditas
597 2788 653 2827 non
669 2771 811 2842 proveniat
829 2787 864 2826 ex
883 2769 990 2828 defertu

186 2851 340 2893 consensus.
