2138 3226
164 183 205 227 lac
446 185 524 224 Preces
536 184 682 234 vespertinae.
781 235 793 256 ·

163 288 310 343 maiestatis
336 291 399 342 tuae
418 286 532 356 offendi,
560 294 590 342 ut
617 287 743 358 deinceps
766 286 816 342 tibi
838 293 968 354 tanquam

112 413 114 418 .
165 359 397 416 obedientissimus
414 357 485 414 filius
501 373 611 427 semper
628 359 656 412 in
674 359 796 416 omnibus
815 359 967 415 actionibus

165 432 232 486 meis
249 430 380 499 placeam.

197 527 218 570 8.
232 529 358 570 litamen
377 527 564 579 particulare.
586 549 608 557 -
624 527 693 576 Exige
707 528 736 567 ab
755 527 829 568 anima
846 529 886 568 tua
899 527 969 567 ratio·

164 608 214 638 nem
234 609 274 647 per
294 596 393 646 singulas
416 595 483 636 horas
508 595 637 644 vestigando
658 595 684 634 de
706 597 798 644 peceato
818 605 857 634 esu
879 595 969 636 deiectu

164 667 306 720 particulari,
327 677 341 705 a
354 676 397 715 quo
412 664 534 715 emendari,
556 664 591 704 vei
608 663 635 704 de
648 665 746 714 virtute,
767 675 833 715 quam
854 665 970 714 acquirere

165 735 233 785 cupis.

200 811 323 850 lixamen
338 807 481 857 generale.
497 827 520 837 -
531 807 600 856 mxrge
615 807 643 846 ab
657 807 904 858 animumanimum,
918 820 969 859 per·

166 877 236 918 cursis
251 874 345 924 singulis
359 874 402 913 diei
415 873 484 920 boris,
499 873 526 912 ds
539 873 636 922 peccatis
650 872 792 922 cogitatione,
812 874 888 924 verbo,
902 886 970 926 opera

166 947 188 987 at
202 942 320 984 omissione
334 939 443 982 admissis.
458 940 520 987 Vide,
535 939 654 988 quandost
663 939 772 988 quomodo
786 941 925 992 surrexeris;
940 953 969 983 an

154 1007 188 1050 'ei
201 1019 245 1058 qua
258 1007 344 1046 ratione
358 1016 434 1055 preces
448 1005 571 1044 matutinae
592 1005 740 1054 persolverim
760 1006 869 1054 quomodo
883 1008 906 1046 te
919 1013 971 1057 ges·

166 1076 220 1118 seris
234 1074 258 1113 ln
268 1073 345 1123 lilaea,
359 1072 383 1111 ln
396 1071 504 1112 Brevlarii
517 1072 656 1120 recitatione,
671 1071 695 1110 in
709 1072 797 1121 studiis,
811 1071 834 1112 in
849 1083 969 1114 conversa·

164 1141 232 1188 tione,
246 1139 269 1176 in
282 1136 382 1186 prandio,
396 1136 419 1175 in
432 1147 501 1175 coena
511 1139 552 1179 stc.
577 1135 633 1174 Vide
647 1145 675 1174 an
690 1137 712 1174 ai
726 1137 838 1185 quomodo
848 1136 971 1188 deliqueris

166 1207 244 1246 contra
256 1203 327 1242 Deum
342 1221 365 1230 -
381 1202 458 1241 contra
471 1201 596 1251 proximum
612 1221 634 1230 -
651 1201 730 1239 contra
743 1202 766 1240 te
780 1202 861 1250 ipsum,

203 1285 229 1336 4.
249 1280 271 1334 Ο
290 1280 382 1348 Jesu,
402 1296 417 1334 0
437 1278 669 1333 Salvatormii
684 1293 764 1344 quam
777 1277 911 1346 ingratum
925 1295 972 1336 me

169 1360 210 1410 tot
228 1368 260 1406 ac
277 1351 358 1406 tantis
377 1351 431 1406 tuis
448 1349 585 1404 beneficiis
604 1348 725 1402 exhibuit
753 1356 818 1416 quot
835 1351 972 1407 nobilissi-

167 1441 225 1480 mas
243 1425 325 1478 horas
344 1423 413 1476 male
431 1420 563 1490 impendii
583 1427 648 1487 quot
665 1420 753 1474 meriti
771 1422 873 1475 aeterni
892 1437 972 1477 occa·

173 1497 262 1552 dones
279 1494 400 1562 neglexit
420 1500 486 1561 quot
502 1498 615 1560 peccata
633 1490 720 1545 denuo
738 1490 840 1560 admisi,
860 1509 976 1560 quorum

170 1584 205 1623 ne
224 1567 268 1621 vel
286 1566 392 1620 unicum
411 1563 518 1632 quidem
535 1579 585 1631 pro
604 1562 687 1617 totius
705 1561 796 1616 mundi
814 1563 889 1618 lucro
907 1563 977 1620 fuis-

171 1646 214 1696 set
232 1635 438 1692 admittendum!
473 1635 577 1688 Damno
597 1649 628 1688 ac
647 1633 766 1688 detestor
782 1634 977 1703 negligentiam

168 1711 351 1777 madidamque
369 1721 456 1761 meam
482 1715 509 1760 et
527 1705 622 1774 doleo,
650 1703 722 1771 quod
746 1705 860 1758 animam
885 1723 976 1762 meam

168 1788 210 1838 tot
226 1780 319 1835 naevis
338 1777 505 1846 mausileum,
534 1777 670 1844 oculisque
693 1775 746 1830 tuis
765 1775 861 1831 divinis
879 1777 970 1846 ingra-

167 1859 223 1908 tam
241 1850 399 1917 foedamque
418 1848 586 1903 reddiderim.
619 1847 705 1901 Doleo
720 1845 824 1916 deinde,
842 1848 879 1900 mi
892 1849 973 1920 Jesu,

168 1923 241 1991 quod
258 1921 352 1976 iisdem
376 1935 472 1989 graves
500 1935 602 1988 poenas
620 1918 789 1986 incurrerim,
817 1925 845 1972 et
862 1934 972 1987 prome·

168 1995 269 2048 ruerim
281 1992 412 2060 supplicia
424 1991 542 2046 iustitiae
556 1997 583 2044 et
595 1990 652 2044 irae
666 1995 738 2044 tuae.
769 1989 887 2044 Maxime
901 2006 972 2047 vero

167 2064 247 2119 doleo
266 2063 299 2117 de
318 2063 360 2117 his
378 2070 406 2117 et
423 2063 545 2118 omnibus
562 2061 680 2129 peccatis
699 2059 772 2128 meis,
792 2061 855 2127 quia
873 2061 968 2130 displi-

169 2143 230 2190 cent
243 2133 361 2188 infinitae
376 2133 510 2189 sanctitati
522 2140 593 2201 tuae,
611 2132 674 2199 quia
688 2130 825 2185 offendunt
838 2149 970 2188 summam

168 2206 314 2261 bonitatem
332 2211 421 2274 tuam,
441 2205 483 2258 cui
500 2204 596 2258 millies
613 2210 708 2257 teneor
722 2209 750 2256 et
766 2203 828 2257 volo
847 2203 972 2272 perfecte

168 2277 270 2334 servire
289 2291 320 2330 ac
338 2277 453 2344 placere.
939 2303 950 2324 .

202 2348 296 2416 Agnus
305 2347 365 2414 Dei,
383 2349 428 2414 qui
443 2345 515 2401 tollis
524 2352 637 2415 peccata
648 2344 749 2414 mundi,
764 2345 971 2417 misereremei,

167 2420 231 2488 quie
248 2418 415 2485 iniquitatem
432 2433 518 2472 meam
533 2432 657 2485 agnosco,
677 2424 705 2470 et
723 2431 757 2470 ex
774 2417 866 2472 intimo
885 2416 970 2472 corde
1058 2465 1059 2476 ,

168 2490 255 2558 doleo,
280 2488 353 2556 quod
369 2496 405 2558 te,
430 2490 526 2559 Deum,
545 2504 675 2543 summum
689 2494 717 2542 et
734 2488 841 2542 unicum
858 2488 970 2560 bonnm,
1058 2489 1059 2508 ¹

167 2577 284 2628 unquam
302 2559 466 2616 offenderim.

204 2634 229 2685 b.
248 2633 382 2685 Iterumne
400 2631 539 2700 peccabo?
567 2645 664 2697 corpus
691 2635 718 2682 et
740 2630 855 2684 animam
872 2644 969 2700 meam,
1058 2621 1059 2636 ¹

167 2703 280 2756 vulnera
299 2709 326 2756 et
340 2703 501 2771 Sanguinem
516 2701 622 2771 Christi,
642 2700 745 2755 coelum
764 2708 792 2755 et
803 2700 893 2756 omnia
905 2715 971 2768 pec·

168 2773 253 2829 cando
264 2773 422 2842 prodigam?
436 2790 489 2828 non
503 2772 607 2840 faciam,
627 2787 643 2826 o
657 2780 783 2828 sancte
798 2771 970 2841 Spiritus,

169 2860 225 2900 non
241 2844 346 2900 faciam.
373 2844 540 2900 Abrenuntio
556 2850 584 2898 et
598 2842 717 2899 detestor
734 2859 824 2898 coram
837 2848 865 2898 tc
880 2843 973 2898 omnia
