2130 3242
350 176 383 216 De
395 176 537 217 sacramento
550 176 666 226 Bnptlomt.
869 173 910 218 881

105 279 180 334 huno
196 277 325 332 famulum
342 284 419 332 tuum
435 279 479 347 N„
504 291 583 346 quem
608 270 643 334 ed
667 277 818 334 rudimento
846 279 911 336 fidei

105 365 206 406 vocare
226 349 350 418 iiignotm
369 364 414 418 es;
432 365 537 405 omnem
552 351 707 406 coecitatem
718 349 807 405 cordis
822 351 855 406 eb
875 365 908 406 eo

107 421 230 490 expelle3
256 421 391 490 disrumpe
417 436 508 476 omnes
532 422 644 489 laqueos
672 429 791 489 satanae,
811 423 908 489 quibus

106 492 198 548 fueret
217 492 372 560 colligatum
391 494 466 560 aperi
487 493 520 562 ei,
538 493 661 561 Domine,
679 493 786 546 ienuam
802 494 910 561 pietatis

106 570 181 633 tuoe,
199 569 231 618 ut
249 563 326 630 signo
345 564 492 632 sapientiae
505 572 568 618 tuce
586 564 712 630 imbutus,
731 563 847 618 omnium
866 579 911 618 cu·

106 635 252 704 piditaorm
277 634 425 690 foetoribus
450 641 540 690 cereet
565 642 593 690 ot
616 634 651 690 nti
669 649 779 691 sunvem
798 633 910 690 odorem

107 713 316 775 praeceptorum
333 712 440 760 tuorum
458 707 545 761 laetus
556 707 606 761 tibi
623 708 651 760 in
670 706 784 762 ecclesia
800 713 848 761 tun
865 706 911 761 de·

109 778 222 846 serviet,
243 783 271 831 ot
287 775 411 844 proficiet
435 776 468 832 do
494 777 537 832 die
554 778 583 832 in
600 777 679 832 diem.
716 778 770 832 Per
787 777 929 842 eumdem¹

109 849 248 904 Christum
265 848 408 902 Dominum
425 855 554 904 nostrum.
590 849 625 904 R.
643 849 738 906 Amen.

145 923 173 974 6.
209 919 318 974 Deinde
335 919 461 974 sacerdos
485 920 624 976 benedicat
646 921 737 987 sciero,
763 920 811 988 qui
832 919 912 974 semei

6 997 7 1010 ¹
108 989 265 1046 benedictos
282 991 354 1044 alios
371 991 410 1044 od
427 991 539 1046 moden
556 1007 635 1046 oecon
653 992 786 1046 desereire
798 997 898 1059 potest.

145 1061 306 1116 Benedictio
324 1061 397 1116 cotie.
433 1063 566 1118 Exercim
585 1069 612 1118 te
638 1071 762 1118 ereetum
788 1063 860 1131 sniis,
883 1063 913 1118 in

110 1133 220 1192 nomine
245 1133 297 1186 Dei
324 1133 412 1188 Petris
437 1134 625 1202 omnipotentis
644 1138 671 1203 †,
697 1141 724 1189 et
748 1135 776 1188 in
800 1136 912 1189 cecitate

109 1204 220 1259 Domini
237 1203 323 1258 nostri
340 1204 408 1259 Jesu
427 1205 524 1260 Christi
536 1208 569 1274 .†,
588 1212 616 1260 et
632 1206 661 1260 in
678 1207 777 1260 virtute
797 1206 912 1273 Spiritus

110 1277 197 1332 sancti
215 1278 242 1341 †.
260 1275 393 1330 Exorcizo
410 1283 438 1330 te
456 1291 506 1343 per
518 1276 606 1331 Deum
619 1277 709 1330 vivum
722 1280 748 1345 †‚
762 1292 812 1344 per
824 1277 912 1331 Deum

109 1363 205 1402 verum
219 1349 246 1415 †,
264 1361 314 1414 per
325 1346 414 1400 Deum
431 1354 551 1402 sanctum
569 1350 595 1415 †‚
613 1363 664 1415 per
680 1348 768 1402 Deum
781 1351 807 1417 †,
826 1349 872 1416 qui
884 1353 913 1402 te

111 1418 147 1474 od
172 1418 286 1473 tutelam
308 1418 417 1472 humani
440 1418 547 1486 generis
574 1418 734 1487 procreavit,
760 1426 788 1473 et
810 1419 912 1488 populo

109 1489 231 1544 venienti
249 1487 283 1542 nd
301 1487 485 1544 credulitatem
502 1503 552 1556 per
569 1504 662 1544 servos
681 1504 745 1544 snos
762 1490 914 1544 consecrari

111 1560 261 1630 proecepit,
279 1561 353 1614 utin
370 1561 477 1614 nomine
496 1566 604 1614 sanctae
623 1560 762 1615 Trinitatis
789 1559 911 1615 efficieris

111 1632 232 1688 snlutere
259 1629 466 1686 <Sacramentum
497 1630 532 1685 ed
567 1630 737 1698 effugandum
771 1630 912 1684 inimicum.

110 1702 231 1758 Proinde
248 1717 373 1770 rogemus
390 1709 427 1772 te,
444 1703 568 1771 Domine,
586 1702 662 1757 Deus
678 1709 780 1770 noster,
796 1709 827 1755 ut
843 1702 914 1756 hono

112 1781 266 1830 creaturam
283 1774 348 1828 solis
366 1773 555 1828 sanctificando
574 1772 723 1828 smcofices
742 1776 768 1842 †,
788 1781 816 1828 et
832 1773 913 1826 bens·

112 1844 227 1900 dicendo
245 1843 387 1900 benedices
405 1848 432 1914 †,
456 1853 487 1900 ut
510 1843 558 1899 fiet
582 1845 704 1900 omnihus
723 1844 914 1912 accipientibus

112 1915 236 1986 perfecta
253 1914 392 1984 medicine,
417 1931 576 1984 permanens
600 1917 628 1970 in
646 1916 793 1971 visceribus
812 1931 913 1984 eornm,

112 1989 142 2042 in
159 1987 269 2042 nomine
285 1986 405 2042 ciusdem
421 1988 530 2042 Domini
547 1989 632 2042 nostri
649 1989 717 2043 Jesu
735 1987 841 2056 Christi,
868 1987 915 2054 qui

112 2066 244 2114 sentinus
262 2066 305 2112 est
321 2057 439 2112 iudicare
451 2059 528 2114 vivos
541 2065 569 2113 et
585 2066 714 2128 mortuos,
733 2066 760 2113 et
777 2059 914 2114 soeculum

113 2130 275 2200 perignem.
311 2129 346 2183 R.
364 2129 459 2184 Amen.

152 2204 178 2256 7.
196 2200 304 2324 Βειιέάσ
316 2202 444 2256 immoto
462 2201 597 2256 modicum
614 2201 681 2256 coici
698 2201 830 2256 benedicti
841 2202 872 2255 ιἰι
885 2215 916 2255 oe

114 2273 240 2340 wareto,
279 2273 367 2326 oenc.-

152 2343 188 2398 N.
205 2342 305 2410 Accipe
318 2343 402 2398 selem
415 2342 576 2412 sapientiem
593 2342 748 2411 propitiatio
771 2344 806 2398 sit
826 2342 875 2398 tibi
888 2342 916 2396 in

114 2415 199 2469 vitam
217 2418 361 2468 coterncmss
397 2413 433 2468 R.
450 2415 545 2470 Amen.

114 2517 117 2526 .
153 2484 294 2542 Sacerdos.
328 2485 389 2538 Pax
405 2492 501 2554 tecum,

152 2557 189 2611 R.
206 2556 244 2610 Et
262 2572 321 2610 cnm
339 2557 435 2625 spiritu
452 2563 507 2610 tuo.

157 2625 275 2692 oremus.
293 2627 369 2683 Deus
382 2634 488 2696 patrum
506 2635 667 2697 nostrorum,
684 2627 760 2683 Deus
774 2628 916 2682 universae

113 2698 241 2752 conditor
258 2699 388 2768 veritatis,
411 2705 438 2752 te
466 2700 600 2768 supplices
619 2713 768 2767 exoremus,
792 2706 823 2753 ut
846 2699 917 2752 hunc

117 2768 247 2824 somnium
255 2777 330 2825 tuum
337 2770 372 2824 N.
386 2769 521 2838 respicere
535 2770 652 2839 digneris
665 2770 806 2838 propitius,
825 2775 853 2823 et
864 2769 917 2823 hoc

118 2841 233 2909 primum
250 2841 378 2911 pabulum
396 2841 460 2896 sniis
478 2849 630 2910 gustantem
638 2857 693 2896 non
706 2841 805 2896 diutius
815 2839 917 2895 esurire
