2108 3226
162 175 202 218 138
355 176 482 217 Gratiarum
495 176 592 215 actiones
606 177 656 225 post
670 175 768 218 missam.

161 280 228 335 cetis
246 279 301 334 suis
319 279 471 348 morientes,
492 294 508 332 ιι
526 284 573 332 tue
586 278 674 346 gretie
687 285 715 332 et
727 278 813 346 gloria
825 286 959 348 perpetuo

162 358 329 419 separentur.
365 351 459 404 Amen.

198 423 387 490 deprecationes
400 421 438 474 od
452 419 595 475 Christum.
623 418 645 472 0
660 421 734 488 Jesu,
752 420 835 475 dulcis
849 423 960 491 hospes,

161 494 263 548 utinam
280 508 409 561 prospere
428 492 592 560 processeris
620 491 655 544 ed
679 491 750 545 huuc
767 494 962 560 pauperculum

164 572 191 619 et
208 565 335 619 humilem
359 579 480 631 servum,
509 570 536 617 et
553 563 694 616 intraveris
716 561 805 618 fauste
832 565 882 619 sub
908 565 962 619 hoc

134 633 140 638 '
164 637 380 704 angustissimum
394 642 421 689 et
434 635 486 689 vile
499 641 606 688 tectum.
642 633 804 689 Benedictus
825 642 853 689 et
866 651 960 703 super·

165 708 306 774 exaltatus,
326 707 371 774 qui
389 706 487 760 venisti
504 707 532 760 in
550 721 596 760 cor
613 720 709 774 meum,
735 705 825 760 oriens
844 721 878 760 ex
897 707 962 761 olto.

164 807 199 819 -
218 777 241 832 Ο
259 793 308 832 rex
326 776 444 845 pacifice,
463 776 527 844 iuga
546 792 580 830 ex
593 777 680 831 animo
700 783 728 829 et
745 777 825 832 corde
838 793 898 831 meo
917 794 962 832 oo·

164 856 255 904 cervas
268 865 396 902 venerum
411 849 608 917 cogitationum,
627 855 657 901 ut
670 855 697 901 te
712 848 804 917 solum,
827 850 901 917 pacis
916 865 963 904 eu-

166 928 267 975 ctorem
286 919 460 987 contemplari
487 926 514 974 et
539 919 649 988 diligere
673 925 755 987 queat
779 921 867 974 anime
893 936 963 975 mee.

165 991 279 1059 Ecquid,
297 999 405 1059 praeter
422 998 458 1059 te,
478 1005 494 1044 o
516 1007 579 1059 pax,
598 990 776 1058 uanquiilius
799 999 827 1045 et
848 991 963 1046 dulcedo

166 1062 254 1117 cordis
272 1063 331 1131 mei,
351 1069 463 1130 quaerat
480 1068 508 1115 et
526 1068 615 1130 gustet
633 1063 720 1115 enims
737 1064 818 1116 mes?
855 1063 877 1117 0
901 1063 964 1118 fons

167 1135 264 1188 amoris
282 1134 414 1201 perpetui,
439 1132 572 1200 quomodo
590 1140 686 1202 potero
703 1134 743 1186 tui
761 1134 889 1204 oblivisci,
916 1136 964 1203 qui

166 1205 219 1258 mei
237 1204 360 1272 dignatus
387 1220 417 1258 es
435 1203 585 1273 recordari,
612 1214 639 1259 et
660 1205 776 1272 teipsum
800 1206 865 1259 mihi
883 1206 961 1262 dere!

166 1277 266 1331 Fecisti
280 1277 351 1330 ultra
366 1290 471 1330 ornnem
490 1289 565 1342 spem
578 1275 786 1331 misericordiam
804 1293 864 1331 cum
882 1291 963 1333 servo

166 1355 228 1416 tuo,
247 1354 275 1401 et
300 1347 371 1400 ultra
395 1361 472 1401 omne
495 1347 619 1400 meritum
644 1347 756 1416 gratiam
774 1353 801 1400 et
820 1349 963 1404 amicitiem
1051 1337 1052 1356 ¹

167 1419 318 1472 exhibuisti.
356 1417 426 1485 Quid
443 1419 589 1471 retribuam
606 1419 655 1472 tibi
673 1434 723 1487 pro
736 1419 823 1486 gratis
840 1421 912 1475 ists?
927 1449 963 1460 -

166 1490 274 1545 Utinam
300 1505 409 1558 possem
436 1489 484 1542 tibi
512 1490 614 1543 servire
642 1491 742 1544 cunctis
770 1489 864 1546 diebus
891 1492 964 1546 vitoe

166 1564 254 1615 meae!
291 1561 397 1616 Utinam
421 1561 465 1614 vel
483 1576 536 1614 uno
561 1560 603 1615 die
628 1561 736 1630 dignum
761 1562 899 1616 servitium
916 1563 965 1617 tibi

166 1634 293 1687 exhibere
310 1634 433 1700 possem!
460 1632 530 1686 Vere
547 1638 577 1686 tu
596 1647 625 1687 es
644 1633 739 1702 dignus
757 1634 829 1686 omni
846 1635 965 1704 servitio,

168 1706 239 1760 omni
262 1704 365 1758 honore
389 1712 417 1758 et
438 1703 517 1757 leude
543 1711 661 1762 aeterne.
679 1735 713 1744 -
738 1704 808 1758 Vere
833 1705 965 1761 Dominus
1050 1711 1051 1718 ’

166 1791 242 1830 meus
261 1791 299 1843 es,
318 1783 346 1828 et
364 1790 414 1843 ego
432 1790 536 1842 psuper
554 1790 647 1830 servus
665 1783 735 1845 tuus,
755 1777 800 1842 qui
818 1777 883 1831 totis
902 1777 964 1831 viri-

167 1847 217 1901 bus
235 1847 284 1901 tibi
303 1847 404 1900 servire
423 1853 524 1914 teneor,
538 1861 588 1900 nec
601 1863 719 1914 unquam
732 1849 760 1901 in
773 1846 897 1902 leudibus
910 1849 965 1903 tuis

168 1917 252 1972 debeo
271 1916 400 1971 fastidire.
433 1917 476 1970 Sic
490 1918 560 1986 volo,
579 1919 617 1972 sic
636 1918 774 1986 desidero;
793 1927 821 1973 et
835 1918 966 1987 quidquid

166 1988 231 2041 mihi
250 1987 333 2056 deest,
359 1995 388 2041 tu
407 1987 524 2056 digneris
543 1990 676 2056 supplere.
697 2020 731 2030 -
750 1989 872 2045 Concede
891 1991 965 2060 mihi,

167 2059 354 2126 benignissime
369 2059 443 2126 Jesu,
463 2061 577 2126 gratiam
599 2068 681 2130 tuem,
709 2069 739 2116 ut
755 2077 858 2114 mecum
877 2062 920 2130 sit,
936 2069 964 2116 et
1049 2101 1050 2110 ι

167 2145 270 2184 mecum
288 2129 401 2198 laboret,
419 2145 575 2197 mecumque
593 2147 679 2200 usque
696 2133 724 2186 in
741 2131 822 2186 finem
839 2147 966 2201 perseve-

165 2209 216 2255 ret.
252 2201 297 2254 De
314 2200 378 2253 mihi
396 2216 502 2269 semper
520 2202 673 2258 desiderare
688 2212 716 2258 et
729 2204 806 2272 velle,
827 2203 900 2271 quod
916 2203 967 2258 tibi

166 2273 251 2341 magis
270 2279 407 2340 acceptum
426 2280 467 2327 est
486 2281 514 2327 et
532 2274 619 2328 carius
637 2277 734 2343 placet.
768 2275 828 2329 Tne
840 2275 967 2331 voluntas

167 2360 228 2398 mea
246 2345 296 2408 sit;
326 2350 354 2396 et
371 2358 432 2397 mee
456 2345 580 2399 voluntas
603 2353 677 2400 tuem
701 2361 807 2415 semper
829 2352 967 2416 sequetur,

167 2423 195 2469 et
209 2416 307 2483 optime
320 2415 346 2468 ei
360 2414 511 2472 concordet.
545 2415 585 2470 Sit
598 2418 663 2471 mihi
676 2434 757 2471 unum
770 2418 839 2471 velie
854 2426 882 2471 et
894 2418 968 2472 nolie

166 2493 268 2554 tecum,
286 2501 336 2540 nec
354 2485 427 2539 aliud
447 2502 528 2554 posse
542 2487 612 2541 velle
625 2496 671 2543 sut
683 2490 763 2557 nolle,
781 2489 832 2543 nisi
853 2488 926 2556 quod
937 2495 969 2543 tu

166 2559 208 2612 ris
227 2565 254 2612 et
271 2573 325 2612 non
343 2558 392 2611 vis.
415 2587 447 2596 -
465 2559 509 2611 Da
527 2557 592 2611 mihi
610 2561 731 2615 omnibus
749 2561 825 2628 mori,
851 2575 922 2628 quae
939 2560 969 2613 in

167 2628 265 2683 mundo
285 2636 360 2697 sunt,
389 2637 416 2684 et
434 2637 590 2698 propterte
609 2646 699 2684 emere
718 2632 850 2685 contemni
874 2639 901 2685 et
917 2645 966 2684 ne·

167 2701 230 2756 scin'
247 2701 275 2753 in
292 2701 344 2754 hoc
363 2701 480 2757 saeculo.
511 2700 555 2755 De
572 2701 637 2755 mihi
656 2717 736 2770 super
755 2703 843 2757 omnia
861 2701 967 2756 deside-

165 2778 226 2826 rata
242 2772 271 2825 in
288 2778 316 2825 te
335 2772 481 2842 quiescere,
509 2779 537 2826 et
554 2788 707 2827 cormeum
724 2774 751 2826 in
769 2781 797 2827 te
814 2772 967 2842 pacificare.

169 2843 212 2896 Τιι
230 2858 296 2897 vera
309 2858 363 2911 pax
377 2843 473 2914 cordis,
492 2850 523 2898 tu
536 2843 595 2898 sola
607 2845 723 2914 requies,
741 2853 819 2899 extro
834 2852 862 2899 te
877 2845 967 2899 omnis

1044 3049 1046 3187 i
