2138 3226
156 167 195 210 174
343 170 422 209 Preces
439 169 467 208 nd
479 169 597 209 lucrandas
610 168 765 218 indulgentias.

153 271 196 326 his
215 269 345 326 diluendis
373 285 457 339 opera
478 285 540 323 mea
562 284 616 323 non
642 267 787 338 sufficiant,
815 268 851 323 ad
877 270 955 325 inex-

153 344 279 416 haustum
291 343 445 400 meritorum
459 341 588 408 unigeniti
600 340 663 394 Filii
673 340 721 408 tui,
742 340 851 395 Domini
865 343 953 396 nostri

154 415 222 468 Jesu
240 414 346 481 Christi,
365 413 575 480 sanctorumque
593 412 748 466 thesaurum
761 411 894 482 confugio,
921 419 954 468 ut

154 486 233 539 huius
252 484 414 538 abundantia
431 484 554 538 tenuitati
572 489 599 536 et
614 481 776 550 indigentiae
794 499 870 537 mette
889 485 953 538 sub·

153 557 285 612 veniatur.
320 557 476 624 Promptum
502 569 544 608 me
563 553 718 622 adomnia,
747 569 815 621 quae
833 554 905 610 hunc
923 556 953 610 in

150 626 234 682 tinem
250 626 413 695 praestanda
431 632 500 694 sunt,
520 625 611 680 offero.
648 623 759 692 Suscipe
778 639 818 694 ea,
838 641 854 680 o
871 632 954 695 pater

154 697 403 766 misericordiarum,
420 698 449 750 in
466 698 564 751 unione
576 696 713 750 Passionis
727 702 754 750 et
774 698 867 752 mortis
880 698 951 754 eius·

154 769 215 824 dem
233 769 295 822 Filii
312 770 366 837 tui,
394 769 582 836 plenariaeque
600 767 680 821 huius
697 766 878 836 indulgentiae
897 783 950 840 me,

155 841 217 897 licet
234 839 378 910 indignum,
397 839 439 893 iac
457 840 621 907 participem.
658 837 751 892 Amen.

381 927 394 968 l.
423 924 497 968 Oratio
509 925 536 968 nd
551 925 618 968 Deum
632 924 723 976 Pstrsrn,

330 992 370 1030 pro
385 982 518 1020 exaltatione
533 992 550 1020 s.
565 981 642 1022 matris
657 981 770 1020 eeclesiae.

188 1051 332 1120 Memento,
360 1051 476 1106 oPater
501 1058 617 1120 aeterne,
645 1051 858 1120 congregationis
877 1057 951 1121 tuae,

153 1138 232 1191 quam
250 1121 393 1190 possedisti
412 1124 445 1176 ab
464 1123 548 1176 initio.
583 1123 706 1190 Agnosce
721 1122 860 1176 ecclesiam
876 1121 952 1177 velut

153 1209 279 1262 sponsam
292 1193 421 1262 unigeniti
433 1193 495 1246 Filii
515 1195 562 1262 tui,
582 1209 632 1262 pro
647 1209 700 1260 qua
713 1193 772 1261 ipse
787 1193 951 1262 Sanguinem

153 1281 230 1320 suum
239 1263 400 1332 profundere
409 1281 464 1319 nou
473 1263 616 1332 dubitavit;
631 1265 709 1332 hanc,
720 1265 839 1332 obsecro,
851 1264 950 1318 saneti-

68 1385 71 1392 ,
152 1337 215 1404 tetis
225 1336 329 1404 decore,
340 1336 485 1403 gratiarum
494 1337 598 1405 opibus,
608 1334 764 1390 hereditatis
775 1334 950 1403 amplitudine

152 1408 190 1462 ita
203 1408 299 1476 exalta,
318 1415 348 1460 ut
362 1407 442 1475 digna
462 1413 615 1475 compareat
630 1407 678 1460 teli
692 1422 800 1475 sponso,
819 1413 950 1474 tantoque

152 1478 342 1546 redemptionis
350 1479 447 1547 pretio.
466 1479 581 1546 Respice
590 1479 704 1546 benigne
714 1477 832 1532 eiusdem
842 1485 952 1532 sanetae

153 1551 245 1605 matris
258 1548 336 1619 filios,
360 1564 504 1617 eorumque
522 1564 633 1604 numero
647 1549 786 1603 universas
800 1555 895 1616 gentes
909 1564 952 1604 as·

154 1622 234 1690 socia,
253 1629 283 1674 ut
301 1637 392 1676 omnes
412 1629 447 1690 te,
466 1621 553 1674 Deum
569 1621 685 1689 Patrem,
705 1627 732 1674 et
751 1635 829 1688 quem
847 1620 952 1690 misisti,

152 1693 245 1748 Jesum
266 1693 412 1760 Christum,
438 1707 569 1749 unacum
588 1691 689 1760 Spiritu
706 1698 799 1746 sancto
818 1689 871 1744 fide
889 1691 955 1745 viva

153 1771 312 1832 agnoscant,
339 1779 386 1832 spe
403 1762 481 1818 firma
498 1763 630 1831 invocent,
657 1769 685 1816 et
702 1762 813 1816 caritate
831 1761 953 1831 perfecta

153 1836 370 1903 complectantur.
407 1834 501 1888 Amen.

187 1906 269 1960 Pater
286 1913 379 1960 noster
398 1912 448 1960 ete.
485 1905 544 1959 Ave
562 1904 651 1959 Maria
669 1911 720 1960 etc.

192 1977 222 2030 V.
242 1975 320 2044 Vide,
339 1977 461 2045 Domine,
480 1983 508 2030 et
525 1976 605 2030 visita
624 1976 729 2030 vineam
747 1974 833 2043 istam,

188 2047 222 2101 R.
241 2047 278 2100 Et
295 2046 393 2114 perfice
413 2063 487 2116 eam,
513 2063 592 2115 quam
610 2046 742 2114 plautavit
766 2045 878 2100 dextera
894 2052 952 2101 tua

190 2117 308 2172 Ονοιιιιιε.
326 2119 450 2188 Respice,
470 2133 631 2186 quaesumus
644 2118 767 2186 Domine,
787 2131 870 2185 super
882 2117 954 2172 hene

152 2188 278 2243 familiam
304 2197 392 2257 mam,
425 2205 474 2257 pro
504 2205 558 2257 qua
582 2190 712 2244 Dominus
739 2195 839 2258 noster,
870 2189 953 2245 iesus

153 2260 282 2328 Christus,
302 2276 355 2314 non
374 2260 506 2314 dubitavit
525 2260 646 2315 manibus
664 2259 736 2314 tradi
752 2260 905 2314 nocentium
923 2265 953 2315 et

155 2331 240 2385 crucis
259 2331 349 2385 subire
366 2338 535 2390 tormentum.
572 2331 624 2398 Qui
641 2337 729 2386 tecum
747 2331 813 2385 vivit
830 2337 881 2385 etc.

387 2418 408 2460 2.
432 2416 506 2460 ontio
518 2418 546 2462 sd
560 2418 627 2461 Deum
640 2417 720 2469 Filium,

372 2483 412 2522 pro
434 2475 593 2524 exstirpatione
612 2475 734 2517 husonum.

189 2543 212 2597 0
226 2543 302 2613 Jesn,
319 2544 367 2598 lux
381 2559 455 2613 vera,
475 2559 544 2612 quae
557 2543 688 2598 illuminat
701 2560 806 2599 omnem
818 2541 954 2598 hominem

152 2615 304 2670 venientem
321 2615 349 2669 in
367 2615 438 2669 huno
455 2615 590 2670 mundum.
619 2615 683 2684 Fac,
702 2632 758 2685 oro,
776 2631 827 2685 per
843 2615 953 2669 inaesti-

152 2686 276 2740 mabilem
289 2686 426 2742 Passionis
445 2695 473 2742 et
485 2687 579 2742 mortis
590 2693 654 2741 tuae
667 2687 800 2756 virtutem,
818 2692 850 2740 ut
866 2684 953 2754 pulsis

151 2758 297 2812 haeresum
311 2765 338 2812 et
358 2773 480 2813 errorum
491 2757 624 2827 tenebris,
646 2757 767 2813 veritatis
784 2764 847 2812 tuae
861 2758 953 2811 lumen

152 2843 244 2884 omnes
263 2829 471 2900 amplectantur,
497 2837 525 2884 et
550 2830 579 2883 in
602 2835 723 2898 optatum
740 2828 870 2884 eeclesiae
887 2835 953 2886 tuae
