2106 3228
152 177 227 218 xxru
287 219 291 238 ,
456 175 526 216 rncsx
540 175 645 225 apicum
862 243 865 252 ,
901 227 955 277 m

152 281 281 338 Formnla
302 277 411 348 petendi
436 278 662 347 dispensationem
687 278 720 332 ab
738 278 878 354 Episcopo

187 353 232 407 vel
244 351 344 406 Nuntio
358 365 439 418 super
456 349 644 417 impedimento
665 349 772 417 publico
788 349 823 404 nd
835 365 879 404 re-

187 422 347 478 manendum
370 423 398 476 in
415 421 585 475 Matrimonio
603 419 719 475 invalide
738 427 877 476 contracto
897 423 953 476 828

151 495 280 550 Formula
297 492 429 548 scribendi
446 491 481 546 ad
494 492 657 560 Episcopum
674 492 703 544 in
721 507 794 561 casto,
823 507 878 560 quo

188 565 253 620 data
271 579 353 633 super
368 562 557 632 impedimento
575 578 600 616 r.
619 579 645 630 g.
663 563 878 632 consanguinita-

186 638 222 692 tis
240 635 438 704 dispensatione
455 633 577 687 Romana
600 633 628 686 in
653 631 739 687 forma
757 635 878 689 commis·

188 708 268 776 soria,
292 705 419 760 Oratores
438 711 499 758 ante
518 704 710 759 commissionis
728 705 878 760 exsecutio-

187 794 249 833 nem
269 778 339 832 inter
360 791 389 830 se
412 775 563 829 habuerunt
588 775 711 844 copulam
735 776 879 845 cundem,

188 857 216 904 et
233 849 305 904 bona
321 845 374 902 fide
392 845 591 900 Matrimonium
608 853 798 902 contraxerunt
822 886 830 902 .
868 886 876 903 .
896 847 951 901 828

150 920 280 976 Fornula
296 917 406 986 petendi
431 917 464 972 ab
485 915 626 971 Ordinatio
650 916 879 985 dispensationem

189 1005 271 1059 super
287 989 368 1045 tertio
388 995 415 1042 et
433 995 528 1056 quarto
542 986 627 1054 gradu
640 989 879 1057 consanguinitatis

187 1060 223 1116 ad
241 1058 451 1116 contrahendum
467 1058 667 1112 Matrimonium
686 1098 878 1115 .....
897 1060 953 1114 829

151 1132 280 1204 ῈιωιιΙα
296 1129 405 1199 petendi
424 1129 649 1198 dispensationem
666 1143 748 1198 snper
765 1129 877 1199 impedi·

187 1209 276 1257 mento
295 1201 429 1256 affinitatis
459 1239 877 1259 ..........
897 1202 953 1256 830

150 1274 281 1329 Formnld
296 1270 405 1342 petendi
429 1271 655 1340 dispensationem
684 1286 766 1340 super
789 1273 877 1340 primo

188 1344 322 1400 affinitatis
339 1342 424 1412 gradu
458 1381 876 1400 ..........
896 1345 953 1398 880

151 1416 280 1471 Formula
297 1429 439 1484 processus
463 1410 640 1468 informatorii
664 1411 699 1466 ad
722 1413 877 1472 commisso·

187 1488 256 1542 rium
273 1487 301 1540 in
319 1500 401 1541 causa
417 1482 570 1553 praedictae
589 1483 795 1552 dispensationis
821 1524 830 1540 .
868 1524 876 1541 .
896 1486 951 1540 831

151 1557 280 1613 Formula
296 1556 405 1626 petendi
423 1554 648 1622 dispensationem
666 1568 746 1623 super
763 1554 877 1624 impedi·

187 1635 277 1684 mento
295 1627 461 1696 cognationis
478 1625 624 1693 spiritualis
640 1664 876 1682 ......
896 1629 952 1682 832

151 1700 281 1754 Formula
297 1697 407 1767 potandi
424 1696 648 1764 dispensationem
666 1709 748 1765 super
765 1697 878 1765 impedi-

180 1777 276 1832 ,mento
294 1769 417 1838 publicae
434 1767 583 1822 honestatis
637 1806 876 1825 ......
896 1770 952 1823 832

151 1841 281 1897 Formula
297 1839 407 1910 petendi
421 1838 646 1906 dispensationem
663 1852 746 1906 super
762 1838 876 1908 impedi·

223 1918 313 1966 mento
331 1910 468 1966 crinrinis.
505 1948 513 1963 .
550 1947 559 1963 .
595 1947 604 1964 .
632 1929 636 1940 ’
640 1947 878 1966 ......
898 1913 956 1966 833

151 1983 278 2039 Formula
286 1979 487 2050 supplicationis
498 1995 548 2048 pro
558 1979 673 2046 passos
681 1979 770 2034 valea
779 1981 814 2035 ob
828 1981 879 2036 im-

186 2053 368 2123 pedimentum
377 2067 483 2120 norum,
496 2056 631 2104 contracto
641 2051 695 2104 iam
703 2050 879 2108 Mstnmonio

188 2125 323 2180 demotum
639 2160 880 2179 ......
898 2125 956 2180 833

151 2196 280 2251 Formula
303 2192 505 2262 supplicationis
529 2207 579 2260 pro
592 2191 709 2260 perinde
725 2192 816 2247 aulae
842 2195 878 2248 ob

187 2266 310 2335 copulam
327 2273 390 2334 post
407 2264 538 2331 obtentas,
563 2261 612 2317 sed
629 2269 691 2317 ante
710 2264 879 2320 exsecutioni

187 2337 327 2392 mandatas
344 2337 448 2392 litteras
465 2334 584 2387 habitam
639 2372 879 2391 ......
899 2339 957 2392 834

151 2408 280 2464 Formula
297 2406 405 2474 petendi
430 2405 668 2460 authorizationem
693 2403 728 2458 ad
750 2405 881 2460 assisten-

189 2479 251 2532 dum
268 2477 438 2533 Matrimonio
455 2477 484 2530 in
501 2491 566 2530 casu
584 2474 657 2530 slubii
674 2474 800 2530 domicilii
824 2517 833 2532 .
871 2519 880 2534 .
900 2479 958 2532 835

151 2549 280 2604 Formula
287 2547 442 2605 considendi
450 2545 615 2616 Episcopum
631 2546 703 2601 circa
711 2546 881 2614 sepulturam
899 2551 958 2604 836

153 2621 283 2680 Formula
300 2620 408 2690 petendi
425 2617 603 2686 indulgentias
639 2655 882 2675 ......
901 2623 959 2675 837

151 2691 280 2749 Fornula
302 2691 412 2762 petendi
430 2688 654 2757 indulgentiarum
676 2689 883 2746 renovationem
901 2694 960 2746 837

393 2846 710 2866 *0-
