2098 3222
160 165 202 210 814
256 169 288 210 De
301 169 453 210 exsecratione
467 169 490 208 et
503 177 561 209 neve
574 168 740 209 consecratione
754 167 866 208 alterium.

161 271 241 328 modu
252 271 275 327 ai
288 271 341 326 hoc
355 277 472 326 amotum
484 271 573 342 fuerit,
588 272 711 327 emittunt
725 271 964 327 consecrationem

162 343 254 412 (8.11.
270 341 299 398 0.
313 346 358 396 23.
372 339 444 412 Sept.
458 346 537 402 1848.
552 347 631 397 1112.
645 343 821 414 11891858)

202 416 244 468 15.
268 413 362 469 Altare
380 413 520 483 portatile,
548 414 623 469 cuius
646 414 760 482 sigilium
784 429 839 468 uon
862 414 965 482 existit,

165 485 253 541 denuo
272 485 353 540 debet
370 487 533 554 consecrari,
560 500 610 540 uec
628 485 735 553 suffieit,
759 484 813 539 imo
831 499 884 540 nee
901 486 965 540 licet

163 573 249 612 novas
267 555 366 610 addere
379 556 506 624 reliquias
519 556 655 612 veteribus
672 557 701 610 in
718 555 862 624 sepulchro
880 557 965 611 inclu-

165 629 202 684 sis
221 635 249 682 et
267 627 467 682 authenticitate
485 626 651 696 carentibus,
677 633 706 681 et
723 626 830 681 demum
848 627 965 696 sigillum

164 699 294 768 Episcopi
318 713 467 767 apponere3
495 699 578 754 semel
602 705 742 754 exsecrata
765 713 813 752 ara
841 699 888 753 vel
910 697 965 754 fixa

163 771 208 825 vel
225 769 325 838 mobili,
344 785 378 824 ex
392 770 523 824 communi
543 770 601 824 iure
619 785 691 824 nova
707 769 810 837 indiget
823 785 964 824 conseera-

164 842 247 898 t'one.
285 839 325 908 (S.
339 841 374 895 R.
392 840 420 895 0.
433 844 478 895 23.
492 841 566 910 Sept.
579 844 658 895 1848.
673 845 698 895 et
710 843 735 894 5.
749 841 817 896 Dee.
831 844 923 908 1851.)

219 916 244 967 6.
265 910 294 966 Si
312 910 400 966 deleto
418 918 521 966 tantum
538 912 693 980 Episcopali
715 911 803 980 sigillo
822 927 907 981 super
924 926 963 967 ee

163 999 181 1054 p
211 983 304 1038 chrum
321 983 460 1052 hispanica
478 998 540 1037 cera
555 983 694 1052 impresso,
713 983 856 1038 obseratae
874 989 964 1038 tamen

162 1055 334 1110 inveniuntur
348 1069 441 1108 sacrae
455 1054 584 1122 reliquiae
612 1053 699 1110 denuo
718 1053 871 1109 consecrati
885 1053 964 1109 debet

163 1125 263 1194 altare,
291 1124 355 1192 quia
373 1141 428 1180 non
446 1131 551 1180 constat
575 1095 609 1180 <ie
627 1125 801 1192 reliquiarum
823 1124 962 1182 identitate

163 1203 190 1252 et
208 1195 418 1254 authenticitate.
451 1196 542 1264 (5113.
559 1196 586 1252 G.
601 1199 645 1252 23.
659 1197 840 1266 Maii1846.)
