2138 3226
163 145 203 190 186
416 150 473 191 Ordo
487 151 546 190 ritae
560 151 711 192 sacerdotalis.

162 253 217 308 tius
236 259 285 322 est,
312 253 402 321 quoad
418 253 478 309 fieri
502 260 599 323 potest,
625 253 787 309 Matutinnm
805 262 832 309 et
850 253 961 311 Laudes

163 325 255 392 vigilia
262 325 442 394 praecedenti,
455 327 524 380 hora
532 327 693 394 competenti
703 326 816 380 recitare
830 326 864 380 ob
877 327 961 382 maio·

163 411 220 450 rem
238 395 392 451 facultatem
411 396 453 450 die
472 398 594 464 sequenti
617 397 798 466 spiritualibus
817 398 961 467 exercitiis,

165 466 261 536 studio,
281 474 308 521 et
326 468 512 537 compositioni
529 468 650 536 vacandi,
668 468 779 523 Missam
797 468 866 523 bene
881 483 960 544 mane

164 538 193 592 in
211 538 324 606 gratiam
342 540 495 608 agrestium,
514 540 696 608 operariorum
715 546 742 594 et
756 539 963 594 domesticorum

165 609 326 678 celebrandi,
344 620 372 664 et
390 611 424 665 ob
442 610 564 680 plurima,
584 626 653 678 quae
672 626 706 664 ex
723 611 860 678 inopinato
880 610 962 666 adve-

164 680 249 749 niunt,
268 696 391 748 quaeque
405 698 495 735 curam
506 688 676 749 praesentem
689 682 806 750 exigunt.
819 682 864 736 Ex
872 681 963 752 modo,

166 768 220 820 quo
238 753 320 806 horae
339 753 482 806 canonicae
501 753 619 820 quotidie
637 753 834 822 persolvuntur,
852 753 963 808 thesau-

165 839 213 878 rus
231 830 277 877 ant
294 824 516 878 remunerationis
535 831 581 879 ant
591 824 723 879 vindictae
738 824 848 892 singulis
866 823 962 880 diebus

165 894 242 948 vobis
260 900 386 962 paratnr3
405 895 491 962 qualis
510 909 574 963 ergo
593 902 620 949 et
634 903 750 963 quantus
767 911 817 964 pro
835 903 894 950 tota
905 896 963 950 vita
1056 941 1057 964 ,

165 963 368 1020 asservabitur?
379 967 451 1019 -In
461 966 636 1033 Psalmorum,
651 967 820 1022 Canticorum
834 974 861 1020 et
879 967 962 1036 Hym-

165 1051 260 1159 norugn
273 1035 474 1176 imfjffigemiam
494 1045 645 1107 opportuno
660 1045 781 1106 tempore
792 1037 912 1093 studiose
922 1039 962 1093 in·

166 1122 225 1161 cunr
245 1106 303 1160 atis.

201 1177 260 1231 VH.
298 1177 431 1246 Spiritum
448 1181 652 1235 ecclesiasticum
674 1185 800 1234 remcort
824 1185 849 1234 et
866 1181 963 1246 confir-

165 1253 244 1304 more.
285 1249 399 1317 Spiritus
427 1252 622 1306 ecclesiasticus
648 1257 689 1305 est
714 1251 823 1319 spiritus
852 1251 960 1321 Christi,

167 1320 262 1376 summi
279 1321 434 1391 sacerdotis,
454 1323 581 1378 ecclesiae
600 1322 727 1377 ministris
746 1322 780 1376 ad
799 1323 840 1376 sui
859 1322 961 1380 ordinis

119 1399 124 1408 ’
166 1392 257 1445 munia
280 1391 427 1462 diligenter,
454 1395 578 1449 alacriter
608 1400 635 1447 et
660 1400 813 1447 constanter
838 1392 963 1449 obeunda

166 1462 272 1518 abunde
283 1466 489 1520 communicatus
501 1484 507 1531 ;
527 1480 575 1520 seu
588 1465 724 1532 ingenium
738 1463 905 1520 sacerdotale
921 1471 963 1522 est

166 1535 335 1604 participatio
361 1537 471 1605 copiosa
494 1537 609 1605 Spiritus
629 1535 730 1607 Christi
754 1535 788 1589 ad
812 1535 963 1592 functiones

166 1612 253 1661 status
264 1606 436 1662 ecclesiastici
447 1616 577 1676 prompte,
592 1615 654 1674 apte
665 1613 692 1660 et
702 1605 779 1674 digne
790 1607 962 1663 exercendas.

167 1677 333 1803 gliremque
344 1681 444 1747 spiritu
456 1680 512 1733 Dei
524 1684 650 1747 opacior,
669 1679 693 1732 rt·
709 1683 772 1732 suot
782 1678 836 1744 lilii
848 1679 905 1732 Dei
920 1719 961 1734 ...

195 1750 200 1761 '
217 1751 277 1816 quis
294 1751 420 1817 spiritam
431 1749 532 1805 Gloristc'
544 1766 599 1804 noa
612 1749 698 1817 babet
712 1749 755 1802 bac
768 1765 824 1802 oon
842 1755 881 1802 est
895 1751 962 1805 eius.

167 1819 259 1888 (Rom.¹
273 1819 308 1889 Β.)
335 1821 413 1888 Quod
430 1823 520 1875 lumen
538 1821 680 1889 coloribus,
699 1836 793 1874 succus
812 1821 962 1890 arboribus,

166 1891 434 1962 pennarolucribus,
453 1909 523 1960 aqua
540 1892 666 1960 piscibus,
693 1892 781 1944 anima
798 1893 964 1961 corporibus,

166 1960 219 2015 hoc
245 1960 329 2015 ferme
361 1963 425 2018 viris
454 1964 537 2018 sacris
563 1963 698 2030 ingenium
721 1962 896 2017 sacerdotale.
933 1964 964 2017 In
1056 2007 1057 2028 ,

168 2031 264 2098 quibus
282 2033 348 2087 vivit
366 2041 393 2088 et
410 2035 491 2104 viget,
510 2050 557 2090 eos
575 2034 610 2088 ad
628 2033 762 2101 quaelibet
772 2033 903 2101 audenda,
920 2050 964 2089 su·

166 2103 296 2172 stinenda,
321 2103 484 2172 perficienda
501 2122 550 2174 pro
578 2105 664 2174 gloria
687 2105 739 2158 Dei
765 2112 792 2159 et
816 2105 964 2158 animarum
1056 2115 1057 2160 Q

166 2173 252 2228 salute
271 2176 419 2245 expeditos,
444 2178 554 2245 alacres,
579 2175 729 2231 indefessos
753 2176 845 2244 vides;
870 2183 965 2231 contra
1056 2179 1057 2198 ³

166 2259 240 2312 vero,
258 2245 286 2299 in
305 2247 400 2313 quibus
415 2248 589 2314 desideratur,
606 2264 652 2302 eos
662 2264 716 2302 non
729 2248 780 2302 nisi
794 2247 965 2316 elanguidas,
1056 2299 1057 2312 ,

167 2314 273 2371 desides
292 2326 320 2371 et
336 2324 475 2388 torpentes
494 2319 632 2387 conspicis,
652 2333 752 2386 eosque
771 2335 831 2372 cum
843 2318 924 2387 idolis
939 2327 968 2374 et

168 2387 277 2444 canibus
295 2391 374 2444 mutis
392 2391 443 2445 rite
462 2390 577 2446 confers.
595 2389 695 2444 Genius
713 2390 758 2443 ille
776 2390 907 2444 clericalis
922 2405 966 2444 or·

166 2457 311 2528 dinatione,
330 2462 459 2530 oratione,
478 2477 538 2515 oum
550 2461 654 2515 Christo
667 2461 860 2529 coniunctione,
875 2467 964 2516 status

166 2575 327 2585 -—-
453 2555 459 2590 l

188 2629 209 2678 1)
223 2632 256 2672 Ad
269 2631 328 2670 bunc
347 2632 413 2672 linem
432 2633 496 2672 vaide
510 2633 659 2673 commendari
677 2637 770 2682 possunt
789 2633 968 2682 praeclarissima

222 2706 289 2744 opera
308 2696 334 2739 D.
348 2697 374 2736 D.
389 2697 507 2738 Thslhofer
520 2701 542 2738 st
557 2699 649 2748 lohegg,
663 2705 686 2738 st
700 2697 723 2740 tt
739 2697 761 2740 Ρ.
777 2695 861 2740 earlier
874 2699 968 2739 Psalmo·

221 2761 270 2800 ds'oe
281 2762 431 2802 eoclulcrtc'eoe
441 2763 573 2813 dilucidatis,
588 2775 645 2813 qnae
658 2776 716 2804 nnuc
730 2765 811 2804 iterum
824 2774 864 2813 pro
878 2765 915 2814 ils,
929 2765 968 2814 qul

221 2827 334 2868 Brsviarto
348 2830 446 2870 Romano
460 2834 560 2880 utuntur,
574 2831 708 2872 Ratlsbonse
721 2830 857 2880 imprimitur.
