2130 3242
323 175 510 218 postmanente
524 177 682 220 Posuitcntlse.
863 175 904 219 tal

105 283 133 332 st
151 290 187 334 ex
200 275 254 330 alin
267 281 345 344 parte
358 283 454 345 urgeat
466 278 613 334 necessitas
627 278 845 346 communicandi,
858 280 904 334 vel
983 291 992 308 ·

101 346 230 416 implendi
248 355 422 416 praeseptum
439 364 543 404 annuae
562 347 745 404 confessionis.
777 350 901 406 Diximus

102 419 130 490 b)
144 418 340 488 insiliente,
359 419 429 474 unde
438 420 513 474 iuxta
527 421 686 474 sententiam
694 419 902 487 probabiliorem

101 497 211 546 tenetur
224 490 365 556 poenitens
379 490 541 546 confessario
558 507 612 546 non
626 491 736 546 habenti
748 491 902 546 facultatem

102 562 132 618 in
149 576 180 616 re
198 569 337 616 reservata
354 561 475 618 confiteri
488 563 540 616 alie
553 563 677 618 mortalia
689 579 743 617 non
752 570 903 633 reservata,

102 640 134 688 ut
152 632 253 686 directe
272 632 306 686 ab
323 633 365 688 his
382 633 538 688 absolvatur
556 641 583 688 et
600 633 729 688 indirecta
748 649 903 688 areserra·

101 705 154 772 tis3
173 719 205 758 ao
224 703 319 758 deinde
337 711 451 774 tenetur,
470 711 592 760 cessante
605 704 803 775 impedimento,
817 720 903 760 reser-

102 782 170 829 vata
192 773 314 830 confiteri
338 775 447 831 habenti
472 778 659 844 potestatem.“
701 777 777 830 Hanc
806 776 833 830 S.
858 777 904 830 Al·

101 847 202 916 phonsi
215 847 375 903 sententiam
392 846 463 900 licite
482 847 660 903 confessarius
678 849 754 916 sequi
772 863 836 902 sane
855 864 903 917 po·

101 918 175 986 terit,
194 917 241 971 ubi
259 917 348 985 agitur
364 917 398 972 de
416 917 596 989 Matrimonio,
615 918 687 987 quod
705 920 806 988 absque
826 935 902 975 soan-

102 988 166 1044 dalo
185 987 286 1043 differri
304 996 428 1056 nequeat.

139 1061 165 1114 3.
184 1059 233 1114 Ad
249 1075 342 1114 cosam
359 1061 408 1116 sab
426 1062 452 1127 c)
468 1062 605 1128 positum:
632 1062 688 1117 Ant
713 1062 854 1130 poenitens
872 1063 903 1116 t'a
951 1121 953 1126 ,

101 1131 176 1186 hoco
192 1130 247 1196 pide
264 1136 314 1200 cst,
342 1138 370 1184 et
388 1131 566 1188 confessarius
584 1132 671 1202 videt,
700 1135 723 1188 si
741 1134 828 1202 ipsum
845 1149 902 1187 mo-

101 1203 196 1269 ucat¹)
228 1201 261 1256 de
278 1202 483 1272 impedimento,
508 1203 678 1258 nihilominus
706 1211 904 1260 contracturum

102 1287 165 1329 esse
183 1273 305 1341 nuptics3
323 1273 368 1327 vel
386 1274 473 1341 etism,
492 1275 516 1328 si
535 1274 642 1329 differre
657 1275 855 1330 Matrimonium
870 1277 911 1334 sit

102 1351 224 1413 paratus,
243 1344 346 1398 mniora
363 1345 490 1400 scandale
508 1361 539 1399 sc
557 1353 668 1413 peccata
685 1345 747 1400 inde
765 1353 903 1402 eventura.
934 1397 938 1408 ,

102 1415 163 1470 Hoc
181 1431 246 1469 casu
263 1416 292 1468 in
309 1416 380 1470 bona
397 1415 450 1470 fide
470 1415 583 1470 eundern
595 1417 736 1485 relinquat,
755 1415 840 1471 donec
859 1433 902 1472 oo·

102 1487 176 1542 casio
195 1486 290 1554 detur,
317 1487 413 1542 iterum
431 1486 545 1542 eundem
562 1487 688 1542 monendi
706 1494 786 1554 atque
804 1488 839 1542 sd
856 1503 903 1555 pe·

101 1557 212 1614 tondant
230 1556 457 1626 dispensationem
482 1557 615 1612 morendi.
661 1559 690 1611 Si
714 1575 779 1612 vero
804 1559 848 1612 vel
866 1559 903 1612 al-

101 1635 170 1698 tera,
189 1628 234 1684 vel
252 1636 366 1696 utraque
384 1645 448 1698 pars
465 1645 521 1684 aori
540 1635 578 1683 eal
595 1631 626 1682 in
643 1629 715 1682 bnon
732 1629 794 1695 fide,
813 1630 857 1682 vel
875 1630 903 1682 ln

103 1715 137 1755 es
154 1700 270 1766 relinqui
288 1716 341 1756 non
360 1707 457 1768 potest,
482 1716 526 1756 res
544 1701 625 1768 plena
642 1699 748 1754 videtur
766 1699 903 1754 difficulta-

101 1773 183 1840 tibus,
209 1785 264 1824 neo
278 1770 385 1825 easdem
399 1771 559 1827 sufficienter
574 1770 698 1826 dirimere
717 1777 840 1826 auctores
858 1785 904 1824 va·

101 1843 159 1897 lent
184 1842 246 1895 hinc
274 1841 335 1896 inde
363 1842 539 1911 disputantes.
576 1843 694 1897 Facilior
719 1849 808 1897 tamen
826 1857 904 1896 casus

102 1921 152 1982 est,
177 1913 224 1968 ubi
242 1919 355 1980 uuaqm
373 1929 437 1982 pars
454 1915 483 1967 in
500 1914 571 1968 mala
588 1913 642 1968 ilde
660 1920 792 1968 versatur.
829 1914 905 1967 Tunc

104 1986 175 2040 enim
194 1985 337 2040 convenire
363 1984 395 2038 de
414 1986 514 2054 nuptiis
540 1984 693 2040 differendis
716 1985 821 2040 facilius
840 2001 902 2053 pos-

103 2063 173 2110 sunt.
211 2055 313 2122 Quodsi
326 2057 466 2126 noluerint,
485 2073 545 2111 cum
558 2064 648 2112 tamen
662 2057 762 2124 absque
776 2056 902 2111 scandalo

105 2141 136 2182 ac
154 2127 265 2182 honoris
282 2127 386 2182 iactura
402 2129 520 2197 possint,
546 2145 571 2182 v.
591 2145 630 2196 gr.
649 2129 713 2196 quia
737 2135 799 2194 sunt
816 2127 904 2196 gradi·

103 2197 154 2253 bus
171 2198 314 2266 prohibitis
332 2214 366 2252 ex
385 2199 481 2267 copula
498 2199 572 2254 licito
588 2199 687 2268 iuncti,
715 2214 779 2253 sane
804 2198 907 2252 confes-

103 2269 191 2325 sarius
210 2268 320 2323 eosdem
338 2270 478 2332 absolvere
497 2271 597 2338 nequit,
616 2286 666 2324 nec
685 2271 740 2324 ulla
753 2269 905 2326 conditione

103 2341 246 2408 cooperari
264 2341 316 2408 ipsi
334 2340 397 2395 licet
415 2339 450 2395 ad
463 2341 659 2408 coprdationem
673 2342 774 2408 absque
792 2340 905 2408 praevia

103 2409 304 2478 dispensatione
323 2411 473 2465 ineundam.
510 2411 621 2478 Quoties
649 2421 738 2467 autem
763 2413 904 2480 voluerint,

103 2497 156 2536 nec
173 2488 263 2538 minen
280 2483 385 2550 possint
411 2484 445 2538 ob
469 2482 595 2537 scandale
620 2490 647 2538 et
670 2483 758 2540 famae
776 2484 905 2538 iacturam

100 2559 177 2610 certo
196 2555 306 2622 oritura,
331 2567 403 2624 tunc,
431 2554 454 2609 si
477 2555 530 2608 sint
554 2555 661 2609 contriti
686 2571 717 2609 ac
743 2553 904 2609 sufficlentor

101 2624 267 2693 spondeant,
296 2639 325 2680 se
344 2640 362 2678 a
379 2626 475 2694 copula
493 2626 627 2680 abstinere
652 2625 735 2694 velle,
763 2625 848 2680 donec
867 2623 906 2678 di-

101 2737 266 2750 -u—-u-u

116 2791 138 2846 ¹)
154 2791 231 2839 Quoad
254 2791 396 2830 monitionem
420 2790 542 2832 faciendam
565 2789 600 2828 rel
623 2795 668 2829 non
690 2789 812 2830 laciendum
832 2787 908 2828 recole

156 2856 217 2896 dictu
231 2853 332 2903 superius
346 2863 396 2904 pag.
411 2851 458 2900 tot
471 2865 531 2894 num.
548 2849 582 2893 1⁰.
