2128 3228
166 161 207 206 ios
323 163 356 204 Da
369 164 501 214 quibusdam
514 163 564 203 aliis
578 163 717 204 sacerdotum
730 162 815 206 ciliciis·
848 173 855 194 ¹

165 265 360 338 praecipimus,
386 271 417 320 ut
440 265 603 334 inpropriis
628 263 747 320 ecclesiis
765 279 843 318 usum
861 272 971 320 contra·

165 339 236 394 rium
253 353 308 392 non
325 337 488 405 permittant.

138 425 139 428 ¹
202 408 301 465 XXIV.
325 407 391 462 Cum
408 407 545 476 processio
564 406 592 460 in
611 406 750 462 ecclesiam
766 419 893 474 regressa
911 403 973 460 fue·

167 480 218 550 rit,
242 481 348 548 iamque
366 478 402 532 ad
418 478 537 534 infimum
554 478 646 534 altaris
668 477 776 532 muous
794 475 909 544 madum
927 491 975 532 ce·

168 552 276 607 lebrana
294 550 462 620 pervenerit,
491 549 619 604 diaconus
644 547 801 617 genuflexus
828 546 974 604 Sanctissi-

169 639 242 677 mum
259 622 371 690 recipiet
389 621 422 675 ab
442 620 537 676 eodem
555 620 707 675 celebrante
726 619 781 688 (qui
806 619 899 674 statim
912 618 976 688 ipse

170 691 339 762 genuflectit,
363 692 453 752 velum
470 691 608 745 humerale
626 690 788 759 deponens),
806 687 928 758 illudque
946 691 975 744 in

168 765 267 822 throno
285 770 415 833 reponet,
443 769 523 830 atque
542 761 620 817 iactis
646 761 742 816 debitis
759 760 921 816 reverentiis
940 761 976 816 ad

172 852 250 891 suum
267 835 355 890 locum
373 834 408 889 ad
421 833 559 888 dexteram
577 833 737 888 celebrantis
748 831 860 901 redibit3
883 833 976 888 statim

172 913 296 962 cantores
309 905 406 961 devote
422 905 567 965 cantabunt
586 905 734 959 Tantum
751 918 837 971 ergo
856 910 919 971 eta,
938 911 975 972 et,
1014 919 1016 927 ·

173 977 237 1034 dum
261 978 383 1032 intonant
409 975 576 1031 Genitori
601 974 806 1043 Genithue
833 973 975 1030 celebrans

173 1064 233 1104 cum
251 1048 377 1103 ministris
394 1055 495 1116 surget,
513 1045 665 1115 ibidemque
677 1046 706 1100 in
719 1045 808 1104 medio
827 1052 856 1100 et
870 1045 975 1114 absque

173 1117 358 1194 benedictione
375 1119 513 1173 incensum
528 1119 605 1186 ponit
627 1118 656 1172 in
672 1117 817 1186 thuribulo,
842 1122 872 1170 et
888 1131 973 1185 genu·

172 1189 261 1246 flexus
273 1196 316 1244 ter
330 1188 531 1244 Sacramentum
551 1188 649 1244 adolet.
681 1188 786 1258 Hymno
800 1185 886 1256 finito,
905 1188 973 1242 Ver·

154 1323 159 1334 ,
174 1261 258 1317 siculo
276 1261 402 1316 Panem
420 1260 461 1316 de
479 1260 581 1316 coelo
593 1266 651 1328 etc.
663 1259 770 1328 omisso,
785 1265 916 1314 canentur
929 1259 974 1314 Id·

162 1331 264 1387 'taniae
282 1332 387 1401 positae
411 1332 440 1386 in
464 1332 534 1387 libro
557 1347 608 1400 pro
633 1333 669 1384 40
692 1331 819 1385 horarum
844 1327 974 1386 Oratione

175 1401 258 1460 edito.
266 1403 285 1474 ¹)
305 1402 375 1472 (Quo
388 1403 457 1458 libro
475 1403 533 1458 iure
552 1409 581 1457 et
598 1401 699 1469 absque
717 1401 773 1456 ulla
789 1401 975 1456 immutatione

175 1474 302 1529 utendum
320 1475 372 1529 erit
388 1474 416 1527 in
437 1473 491 1528 alia
509 1474 603 1542 quavis
622 1472 788 1528 Sanctissimi
805 1471 975 1540 expositione

173 1545 347 1616 particulari.)
383 1544 512 1600 Precibus
535 1545 578 1600 bis
603 1543 695 1614 dictis,
722 1541 860 1599 celebrans
879 1543 974 1612 surgit,

174 1624 203 1673 et
221 1617 323 1686 absque
341 1632 414 1672 nova
428 1614 622 1685 genuflexione,
641 1614 763 1670 manibus
776 1614 883 1682 iunctis,
902 1613 974 1684 (dum

139 1752 144 1765 Ι
174 1689 288 1746 minum
302 1686 437 1757 genuflexi
450 1687 581 1743 sustinent
596 1685 701 1756 librum)
720 1685 838 1742 cantabit
854 1683 975 1740 Domi-

175 1776 235 1816 nus
253 1759 445 1828 vobiscum‚
463 1774 524 1814 cum
543 1757 714 1813 Orationibus
733 1756 974 1825 subsequentibus3

122 1900 124 1905 Ι
176 1831 273 1901 quibua
298 1829 394 1899 finitis,
422 1844 514 1886 omues
538 1827 674 1898 genuflexi
698 1828 807 1884 brevem
834 1827 975 1884 meterent

126 1954 129 1962 .
175 1903 338 1971 orationem,
352 1908 394 1972 ,et
417 1899 514 1956 deinde
538 1900 681 1970 recedunt,
711 1906 858 1969 tegrmtque
886 1905 975 1968 caput,

176 1972 240 2028 dum
257 1989 273 2028 e
292 1979 438 2041 conspectu
452 1971 500 2029 SS.
513 1970 677 2028 Sacramenti
690 1971 864 2040 recesserint3
884 1971 976 2039 sicque

174 2043 305 2112 incipiunt
321 2043 482 2114 precauXL
500 2043 636 2100 horarum.

212 2115 297 2170 XXV.
325 2116 410 2170 Juxta
434 2114 461 2170 S.
479 2115 513 2172 R.
531 2115 561 2170 0.
588 2113 725 2170 daucum
749 2111 897 2170 celebranti
922 2126 977 2168 non

175 2185 239 2240 licet
257 2187 296 2242 uti
313 2185 442 2242 cadomo
459 2187 555 2255 supina
578 2184 775 2256 (Lebnseaseli‚
800 2183 849 2240 sed
866 2197 976 2240 wemno

176 2255 297 2326 (brachis
320 2272 375 2313 non
392 2257 520 2326 habente)
543 2257 618 2314 onius
645 2271 709 2326 pars
733 2256 868 2324 posterior
885 2269 976 2323 panno

175 2327 251 2382 rubri
267 2329 412 2384 alteriusve
431 2327 548 2383 decentis
567 2328 664 2384 coloris
682 2334 779 2382 ornata
796 2327 839 2382 sit
871 2326 906 2381 In
923 2325 975 2381 hoo

176 2414 285 2456 scanno
302 2415 357 2454 una
375 2415 435 2454 cum
452 2399 580 2454 ministris
597 2398 691 2454 sedeat
708 2397 855 2454 celebrans.
887 2395 975 2452 Multo

176 2470 264 2525 minus
290 2470 424 2526 cathedris
450 2470 553 2540 supinis
583 2470 623 2524 uti
650 2476 764 2539 possunt
798 2469 826 2522 in
853 2467 974 2523 ecclesiis

176 2540 320 2611 praefecti,
352 2541 478 2611 deputati·
507 2548 536 2596 et
563 2539 691 2596 officiales
718 2538 975 2606 mnbaternitatum,

191 2705 212 2752 ¹i
226 2699 327 2748 uitantis
340 2708 396 2748 istas
409 2709 519 2752 babeutnr
532 2721 658 2762 snprapag.
668 2707 722 2761 6⁸03
736 2719 813 2760 procas
826 2718 879 2750 voro
894 2709 918 2748 et
931 2717 980 2748 crs·
1051 2747 1052 2776 ἦ

230 2774 302 2814 tiones
315 2774 339 2813 in
352 2775 396 2814 lato
405 2774 462 2815 libro
472 2778 623 2828 praescriptas
632 2778 775 2818 inveniuntur
783 2775 841 2816 moa
850 2774 977 2816 mediat·

230 2844 281 2888 post
293 2839 351 2880 bano
364 2839 534 2882 instructionem
548 2842 714 2884 clementinam.
