2108 3226
211 187 324 228 Secundus
337 189 413 228 modun
427 188 532 229 visitandi
545 187 581 232 Sd.
597 189 767 233 Sacramentum.
850 185 892 231 1⁸⁸

83 288 142 342 Fili
160 288 223 357 Dei,
242 317 276 330 -
295 295 323 344 tc
341 303 474 358 rogamus,
494 289 557 344 audi
574 305 633 345 nos.

82 361 184 428 Agnus
202 360 263 428 Dei,
282 367 343 429 etc,
361 390 396 400 -
415 376 497 428 parce
513 361 601 430 nobis,
619 360 743 416 Domine.

83 432 183 499 Agnus
201 431 263 499 Dei,
282 439 342 500 etc,
362 461 396 472 —
415 432 513 486 exaudi
530 449 588 501 nos,
606 432 731 488 Domine.

82 504 184 570 Agnus
202 502 264 571 Dei,
283 510 342 572 etc,
361 531 394 544 -
414 504 542 559 miserore
559 503 645 561 nobis.

84 573 197 628 Christe
217 573 280 628 andi
297 590 355 642 nos,
375 603 409 612 -
429 575 534 630 Christe
553 574 651 630 exaudi
671 589 729 629 nos.

83 645 173 714 Kyrie
192 645 302 714 eleison,
317 675 355 701 .—
376 645 481 700 Christe
495 647 606 715 eleison,
625 675 659 686 -
678 645 761 714 Kyrie
780 644 889 700 eleison.

82 715 172 770 Pater
189 722 291 770 noster.
311 745 345 756 —
364 717 423 770 Are
440 717 536 772 Maria.

128 787 161 842 V.
178 787 282 841 Panem
296 786 330 840 de
345 788 421 842 coelo
433 787 594 857 praestitisti
607 788 655 856 eis,
675 787 703 856 (t.
714 803 741 855 p.
754 785 890 854 Alleluia.)

121 858 160 913 R.
180 857 266 912 Omne
276 857 573 914 delectamentnminsc
582 859 732 913 habentem.
745 857 890 927 (Alleluia)

81 939 86 946 '
126 929 247 985 Oramus.
283 929 367 998 Deus,
394 931 440 997 qui
457 930 535 985 nobis
553 930 602 985 sub
621 929 793 984 Sacramento
811 929 890 983 mira·

83 1000 135 1055 bili
148 1000 288 1056 Passionis
296 1006 360 1054 tuae
368 1002 523 1056 memoriam
533 1002 680 1069 reliquisti3
693 1002 791 1070 tribue,
806 1003 889 1068 quae·

85 1088 190 1142 sumus,
208 1072 249 1126 ita
265 1087 316 1126 nos
335 1072 462 1140 Corporis
481 1080 509 1127 et
523 1073 664 1140 Sanguinis
681 1074 720 1127 tui
740 1088 817 1127 sacra
834 1087 889 1141 my·

86 1143 174 1199 steria
192 1143 325 1210 venerari,
344 1150 375 1197 ut
387 1143 579 1212 redemptionis
597 1151 660 1198 tuae
673 1143 788 1198 fructum
800 1144 829 1196 in
842 1159 889 1196 no·

84 1215 129 1270 bis
148 1214 249 1282 iugiter
267 1213 420 1270 renuamus.
458 1215 511 1283 Qui
532 1214 601 1270 rivis
625 1223 653 1270 et
669 1230 767 1284 regnas
784 1215 812 1268 in
830 1229 889 1270 sae·

86 1286 150 1341 cula
167 1285 346 1340 saeculorum.
381 1287 474 1341 Amen.

124 1356 351 1424 Obenignissime
364 1357 439 1426 Jesu,
458 1373 475 1411 a
493 1373 546 1425 quo
563 1363 672 1412 manant
688 1357 716 1412 in
734 1373 784 1412 nos
802 1356 891 1412 omnia

12 1466 16 1473 .
85 1428 169 1496 bona,
182 1442 234 1497 per
246 1443 326 1495 quem
340 1429 429 1484 omnia
441 1429 513 1483 mala
526 1429 631 1484 anobis
645 1435 783 1497 arcentnr3
798 1434 890 1482 averte

87 1515 106 1553 a
124 1514 169 1554 me
189 1513 295 1553 omnem
317 1500 477 1570 vanitatem,
503 1501 599 1554 mentis
621 1499 775 1568 clationem,
802 1498 890 1553 carnis

85 1570 235 1638 libidinem,
255 1570 310 1624 oris
327 1571 468 1640 licentiam,
494 1578 673 1640 contemptum
691 1572 808 1638 inopum,
828 1585 890 1623 ara·

86 1642 169 1696 ritiac
187 1639 325 1709 ardorem,
351 1648 378 1696 et
402 1641 530 1709 quidquid
555 1642 660 1696 demum
685 1641 791 1696 divinae
808 1640 890 1694 maie·

86 1714 153 1769 stati
171 1719 236 1767 tuae
251 1711 380 1782 displicet,
399 1720 429 1768 nt
446 1713 495 1767 tibi
509 1713 568 1769 Deo
586 1728 647 1768 meo
666 1714 695 1767 in
707 1713 822 1766 veritate
834 1725 890 1764 ser·

86 1785 174 1853 viam,
200 1790 229 1838 et
246 1790 274 1838 tc
292 1784 372 1839 corde
390 1783 510 1852 perfecto
528 1784 635 1839 laudem
654 1791 682 1839 et
699 1781 844 1853 glorificem
862 1782 891 1836 in

88 1855 206 1911 saecula
240 1855 338 1909 'Amen

122 1926 146 1982 0
165 1927 237 1981 bone
249 1927 324 1994 Jesu,
344 1940 423 1993 quem
441 1926 562 1981 hisvero
577 1942 693 1996 agnosco
710 1930 889 1994 praesentem,

86 1995 146 2067 iac,
169 1997 297 2064 obsecro,
315 2005 346 2052 ut
363 1999 462 2053 sentiat
480 1999 568 2052 anima
590 2013 651 2052 mea
668 1999 794 2052 virtutem
811 2010 889 2065 prae·

88 2070 194 2125 rendae
212 2075 285 2138 tuae,
305 2075 332 2123 et
344 2068 453 2124 infunde
471 2070 499 2122 in
518 2084 577 2124 eam
591 2070 692 2137 gratim
711 2075 774 2122 tuae
792 2068 890 2122 lumen.

85 2141 131 2195 Da
147 2140 215 2194 mihi
233 2154 341 2194 sensum
358 2155 492 2208 capacem,
516 2140 680 2195 intellectum
697 2139 810 2206 facilem,
835 2151 890 2192 ma·

87 2212 201 2266 moriam
219 2217 355 2280 tenacem,
384 2211 526 2265 efficaciam
553 2213 581 2266 in
606 2227 703 2280 opere,
731 2210 844 2278 gratiam
861 2208 890 2262 in

88 2282 311 2351 conversatione,
348 2281 498 2350 profectum
527 2283 556 2336 in
587 2282 698 2350 studiis,
733 2295 890 2350 processum

87 2354 116 2408 in
134 2353 287 2421 conceptis,
312 2353 431 2408 solamon
449 2354 477 2407 in
495 2353 629 2422 adversis,
653 2354 765 2408 tutelam
782 2353 811 2406 iu
827 2366 890 2419 pro·

89 2426 185 2494 aperis,
204 2431 243 2491 ut,
269 2439 435 2492 quocumque
458 2440 501 2478 me
518 2425 659 2494 verterim,
686 2425 785 2492 ubique
803 2419 891 2491 gratia

90 2503 117 2551 et
133 2494 319 2551 misericordia
335 2501 383 2549 tua
401 2497 546 2564 praecedat
563 2511 614 2554 me.
647 2495 676 2550 Si
694 2510 789 2563 errem,
807 2491 891 2547 reduc

89 2583 146 2636 me3
165 2567 336 2634 dignorem,
355 2566 421 2621 doce
440 2582 497 2637 me3
521 2569 545 2622 si
562 2581 678 2636 peccem,
708 2565 813 2632 corripe
832 2577 890 2630 me;

91 2639 113 2694 si
130 2639 240 2704 trister,
270 2638 410 2692 consolare
428 2654 486 2708 me3
512 2640 535 2694 si
554 2638 661 2705 cadam,
688 2639 760 2706 erige
778 2651 836 2702 me;
856 2632 892 2687 da

90 2710 154 2764 milri
172 2709 301 2778 gratiam
330 2709 421 2766 verius
443 2717 471 2764 te
490 2709 680 2778 cognoscendi,
709 2707 845 2762 ardentius
862 2709 891 2758 ta

92 2779 235 2850 diligendi,
263 2781 392 2836 sincerius
409 2781 438 2834 in
455 2788 484 2836 te
503 2780 628 2836 credendi
656 2787 684 2834 ct
701 2779 785 2834 tutius
802 2784 830 2830 te
848 2788 891 2830 ae·
970 2835 978 2851 ·

91 2851 198 2920 quend'c

752 2934 787 2986 5*
