2098 3222
164 155 206 202 804
321 158 352 198 De
365 158 498 208 quibusdem
511 159 561 200 sliis
575 158 714 200 secerdotum
727 157 810 201 officim

204 259 235 314 V.
254 259 369 314 Domine
387 259 485 314 exaudi
503 265 554 316 etc.

205 331 236 391 V.
254 331 385 386 Dominus
402 330 541 386 vobiscum
559 337 610 388 etc.

203 401 322 460 Oreruue.
358 402 472 456 Domine
490 409 595 470 sancte,
616 401 698 456 Peter
716 401 900 470 omnipotens,
919 414 963 455 ee·

164 480 242 529 terne
256 473 339 542 Deus,
354 471 400 540 qui
411 472 604 528 benedictionis
613 480 676 538 tuse
685 473 800 540 gratim
817 472 906 540 eegris
924 472 962 525 in·

165 543 300 600 timdendo
319 544 484 612 corporibus,
508 543 639 600 fectumem
660 551 736 600 tuem
752 544 892 612 multipiici
909 542 964 612 pie

165 622 222 672 tete
241 615 366 684 custodis,
386 614 421 670 ed
438 615 635 670 invocationem
648 615 761 670 nominis
779 615 819 670 tui
834 615 964 683 benignus

166 687 278 755 essiste3
305 693 335 741 ut
360 686 543 742 intercedente
567 687 647 742 besto
673 686 778 754 Ignetio
805 684 964 742 confessore

165 765 213 814 tuo
232 757 346 812 fumidos
369 765 431 812 tuos
457 758 491 812 eb
510 756 676 826 aegritudine
701 757 830 812 liberatos
850 764 878 811 et
896 757 964 814 esui«

165 837 222 886 tete
241 829 354 885 donatos
372 827 485 884 dextere
505 837 553 884 tue
571 830 685 898 eriges,¹
698 829 797 883 virtute
816 826 964 896 confirmet,

165 907 301 970 potestate
318 901 427 969 tuearis,
451 907 531 968 etque
550 900 679 954 ecclesius
697 907 760 954 tuoe
778 907 889 954 sanctes
905 915 964 954 cum

167 973 239 1027 omni
255 971 435 1040 prosperitate
452 972 587 1029 restitues.
624 971 678 1032 Per
695 971 840 1026 Dominum
857 978 909 1026 ete.

201 1044 374 1111 Immerqitur
405 1059 493 1111 cquae
527 1043 663 1098 eumebmc
694 1057 742 1098 eeu
776 1043 963 1110 reliquiarium

167 1113 195 1169 S.
220 1114 331 1183 Ignatii,
356 1118 382 1168 et
407 1115 560 1168 immersum
584 1119 689 1169 tenetur
712 1129 797 1182 usque
821 1113 860 1168 ed
885 1113 962 1179 ficem

165 1185 247 1239 breue
267 1183 413 1238 mutones.
1031 1191 1032 1238 i

201 1254 363 1324 Bened†dic‚
382 1255 505 1324 Domine,
523 1255 592 1310 hene
604 1271 709 1324 equum,
728 1255 806 1310 nteit
818 1253 964 1310 remedium
1031 1283 1032 1286 =

166 1325 283 1382 seiutsre
297 1326 389 1394 generi
402 1327 533 1394 humnno;
552 1334 580 1381 et
597 1341 646 1396 per
659 1327 879 1382 intercessionem
893 1325 963 1379 besti

166 1397 271 1480 Quadi,
284 1398 364 1454 'cuius
376 1399 508 1453 numisma
522 1399 575 1465 (uel
586 1397 725 1466 reliquiae)
744 1398 773 1452 iu
789 1413 849 1452 eern
861 1397 963 1452 inmer-

166 1469 238 1538 gitur
255 1468 305 1538 (cel
321 1469 530 1552 inmerguntur),
555 1477 672 1552 praesto,
701 1477 731 1524 ut
754 1469 914 1536 quicumque
931 1481 964 1522 ex

163 1553 200 1595 ee
216 1540 391 1623 sumpserint,
415 1541 536 1609 corporis
560 1539 702 1595 sanitatem
721 1548 749 1595 et
767 1540 872 1594 enimes
897 1545 964 1594 tute
1030 1579 1031 1592 ,

164 1611 219 1668 lum
235 1611 393 1680 percipient
429 1611 483 1666 Per
501 1611 636 1668 Christum
655 1618 707 1669 eto.

219 1771 272 1817 stet,
285 1779 387 1818 supreme
399 1769 533 1809 suctoritete
552 1779 593 1810 sus
610 1769 755 1819 spprobsrit,
774 1767 924 1815 indulsbqne,
942 1769 966 1804 ut

220 1835 296 1876 sedem
308 1835 405 1876 romeu
417 1836 441 1875 tn
450 1836 602 1876 husdtmtone
615 1835 743 1884 prsediotse
753 1843 824 1884 eques
833 1833 867 1872 utt
876 1832 964 1876 reieenr

220 1901 344 1940 secerdotes
363 1900 447 1942 alumni
460 1899 577 1942 scusistie
595 1900 673 1949 ipsius.
703 1899 775 1946 Quum
792 1901 868 1938 sutem
888 1905 966 1936 messo-

219 1966 282 2004 retus
296 1965 370 2008 Bmus.
384 1966 450 2005 Peter
460 1966 601 2016 Pteepositus
616 1965 729 2006 Generalis
744 1962 887 2014 exquisiverit
901 1962 967 2002 etiem

219 2031 248 2071 sb
261 2031 337 2071 eodem
357 2032 502 2073 senctteetmo
516 2031 613 2073 Domino
627 2031 721 2080 Nostro,
743 2033 768 2070 ut
782 2031 810 2070 iis
824 2030 846 2070 in
859 2029 925 2080 loeis,
945 2029 967 2068 in

219 2097 299 2146 quibus
316 2107 362 2136 non
375 2101 464 2138 exstent
478 2099 555 2138 domus
575 2095 694 2138 Societetis
712 2108 772 2146 sues,
792 2096 820 2136 ed
833 2095 891 2136 bone
905 2096 968 2136 bens·

219 2161 339 2202 dictionem
352 2162 454 2212 delegere
468 2163 542 2203 velest
556 2163 613 2204 elios
627 2173 714 2212 quoque
729 2162 863 2210 secerdotes,
877 2159 904 2200 de
919 2170 967 2200 con·

219 2239 286 2270 sensu
299 2233 373 2268 temen
387 2228 497 2270 Ordinerii
511 2229 650 2277 Dloeceeeni,
672 2229 782 2268 Senotitos
796 2238 837 2266 sus
851 2225 968 2266 clementer

219 2295 310 2344 ennuit,
333 2296 357 2333 ut
370 2296 470 2344 prseists
492 2289 652 2334 benedictionis
671 2294 767 2334 termule
784 2293 885 2332 sdbibsri
899 2293 968 2342 ponit

219 2359 242 2398 iu
255 2359 300 2399 illis
314 2359 465 2409 Diosoesibns,
480 2371 572 2409 querum
581 2360 690 2400 Ordinerii
706 2369 720 2399 s
734 2370 798 2399 secte
812 2359 905 2398 Riiuuns
914 2358 968 2398 con·

220 2426 349 2474 gregstione
363 2426 460 2467 eiusdem
474 2427 622 2466 extensionem
636 2425 747 2475 petierint,
761 2427 784 2464 et
797 2434 837 2474 pro
845 2425 873 2464 iis
883 2427 969 2464 unium

219 2487 281 2539 locis,
295 2491 334 2531 nbi
346 2502 389 2531 non
404 2491 477 2532 edsint
486 2491 564 2531 domus
574 2490 693 2532 desistetis
702 2491 763 2532 Jesn.
786 2489 911 2530 conemur
925 2499 968 2530 non

219 2555 361 2596 obstentibne
373 2558 553 2606 quibuscumque.

245 2631 287 2672 Dte
299 2629 332 2676 ³0.
346 2635 434 2684 surm
448 2630 507 2676 18⁶6.
1028 2663 1029 2674 ,

219 2696 439 2748 (repuerascere.
450 2703 473 2740 et
484 2701 605 2747 sitnm
618 2701 682 2745 osrd
693 2696 786 2743 meust
796 2701 817 2742 8.
825 2699 851 2744 R
860 2699 884 2742 0·
898 2700 969 2742 ruet.
1028 2691 1029 2694 ¹

366 2767 409 2806 Pro
420 2767 447 2812 B.
460 2769 486 2812 Ρ.
499 2767 525 2809 Ι).
540 2767 656 2808 uomtntoo
669 2766 779 2808 Bertoiiui
792 2766 875 2810 §eorm

391 2830 535 2882 Josepbue
549 2831 689 2884 dicolini,
702 2831 847 2887 substitutus.
