2106 3228
147 165 176 210 82
315 171 421 214 Materiae
434 172 589 213 nonnullorum
601 173 778 214 meditationum.

181 275 217 330 11.
244 274 362 342 Quilibet
385 275 511 332 sacerdos
536 277 669 345 obligatur
695 276 730 331 ad
753 277 841 330 Deum
866 291 946 346 super

147 346 236 402 omnia
254 354 281 402 ot
298 363 364 416 prae
383 348 504 402 omnibus
523 347 693 417 diligendum,
718 356 775 402 tum
793 349 856 415 quia
872 349 947 416 prior

148 423 176 472 et
192 433 259 485 prae
276 419 396 474 omnibus
415 420 449 473 ab
467 421 513 474 illo
529 419 641 474 dilectus
652 426 707 487 est;
726 426 783 473 tum
801 419 864 487 quia
881 435 947 488 quo·

147 488 215 544 tidie
233 497 358 545 versatur
384 491 412 544 in
430 491 484 546 ista
510 490 696 546 ardentissima
713 489 821 544 iomaoe
840 491 945 561 amoris,

147 559 183 616 ad
200 561 289 630 ignom
301 562 522 631 Eucharisticum,
541 578 594 631 quo
613 563 636 618 si
654 577 708 616 non
720 562 872 630 incalescat,
891 563 947 630 gla-

148 631 203 686 cies
222 633 257 687 sit
275 640 381 702 oportet
399 640 426 687 et
444 647 548 691 saxum.

183 703 233 761 111.
250 704 312 759 Vox
328 705 425 758 amoris
438 711 487 773 est,
503 719 582 771 quam
591 704 738 773 usurpabat
748 703 776 760 S.
788 703 949 759 Francisous

147 771 282 898 galasius:
309 774 407 830 Omnia
424 775 515 844 licent,
543 776 687 830 dammodo
709 791 766 828 noa
794 775 950 842 offendatur

178 861 233 904 aas.

183 943 244 984 Haeo
258 945 301 984 erit
314 945 415 994 dalnoopa
430 946 508 994 agendi
522 947 545 986 et
558 945 645 986 vivendi
659 945 749 994 regular
771 945 849 984 Licent
867 944 950 994 omnio,

148 1010 187 1050 aed
200 1021 260 1060 earo,
274 1021 302 1050 no
315 1011 412 1051 offendar
426 1012 496 1052 Deum
510 1023 576 1062 nuper
590 1012 663 1051 omnia
676 1012 786 1051 dilectum.

223 1129 273 1183 80.
291 1131 469 1185 meditatio:
494 1131 539 1188 De
555 1131 611 1185 telo
630 1130 739 1185 divinoe
755 1131 868 1200 gloriae.

197 1239 317 1292 Gloriticote
331 1245 350 1280 et
361 1245 442 1291 portate
456 1241 522 1281 Deum
535 1243 559 1281 ta
571 1252 656 1291 corporo
670 1245 742 1285 oestro,
764 1239 791 1292 (l.
807 1241 855 1284 (ior.
869 1239 900 1294 6,)

183 1335 206 1393 L
230 1335 289 1390 Hoo
307 1335 456 1389 admirabili
478 1335 538 1388 zelo
557 1334 679 1389 Christus
700 1335 824 1390 incensus
847 1335 951 1403 ubique

150 1405 240 1460 Patris
252 1407 363 1474 gloriam
372 1407 554 1475 propagabat;
572 1405 651 1460 modo
665 1406 734 1460 enirn
745 1405 862 1462 ostendit
875 1407 949 1463 illius

148 1476 386 1545 magnificentiam:
411 1479 497 1531 simile
522 1482 560 1530 eat
583 1493 695 1546 reguum
720 1477 852 1532 coelorum
874 1480 950 1548 νομὴ

148 1549 229 1604 modo
248 1565 379 1604 amorem:
397 1548 596 1618 homoquidam
609 1549 674 1615 serit
687 1564 796 1602 coenata
805 1565 950 1618 magnam

150 1620 230 1675 modo
240 1619 713 1689 iustitiamzredderotionem3modo
723 1619 949 1676 misericordiam:

148 1691 227 1748 homo
245 1692 357 1761 quidam
374 1691 525 1759 durmin
542 1690 621 1746 modo
646 1691 844 1746 excellentiam:
863 1691 951 1746 Pater

150 1765 240 1817 maior
257 1780 299 1818 me
316 1769 368 1831 est3
385 1763 464 1819 modo
479 1763 669 1818 subiectionem
687 1779 773 1818 suam:
792 1764 833 1816 ita
850 1762 954 1818 Pater!

152 1834 201 1889 sed
218 1835 270 1889 hoo
287 1836 401 1890 maxime
413 1835 442 1889 in
455 1835 548 1888 ultima
561 1849 651 1903 coeno,
674 1834 701 1888 io
714 1835 802 1902 horto,
819 1833 848 1887 in
861 1849 951 1902 cruce,

147 1905 188 2030 idi
196 1912 255 1960 tota
278 1905 423 1976 Passione,
450 1907 526 1961 ouius
543 1905 696 1960 memoriale
722 1912 764 1962 est
790 1903 952 1960 sacrificium

188 1992 258 2032 eoae.

185 2048 220 2102 11.
248 2047 290 2102 Tu
308 2063 383 2118 vero,
401 2063 418 2103 o
435 2047 515 2102 homo
534 2047 594 2118 Dei,
613 2047 651 2102 sio
669 2053 696 2102 te
715 2047 857 2116 compellat
874 2046 952 2116 Apo-

147 2119 232 2174 stolus
251 2120 286 2189 (1.
305 2118 372 2173 Tim.
392 2118 436 2189 2.),
456 2120 575 2187 quisquis
594 2118 719 2174 sacerdos
750 2133 787 2188 es,
811 2117 949 2186 quomodo

146 2190 247 2246 insistis
265 2191 386 2259 vestigiis
410 2190 557 2246 sacerdotis
575 2191 687 2259 magni?
716 2189 849 2257 quomodo
873 2189 952 2244 zelas

147 2277 198 2330 pro
216 2261 302 2330 gloria
320 2262 399 2317 eius?
417 2269 455 2331 tu,
481 2262 527 2330 qui
546 2261 689 2332 deputatus
708 2276 737 2315 es
756 2261 858 2329 gloriae
876 2260 952 2316 illius

146 2333 345 2403 propagandae,
364 2333 410 2402 qui
428 2333 509 2388 toties
527 2333 688 2402 ingeminas:
708 2331 804 2387 Gloria
817 2334 848 2385 in
866 2331 951 2386 excel-

145 2405 205 2458 sis!
227 2412 277 2463 eto.
303 2406 389 2458 omanis
403 2404 489 2458 honor
507 2410 532 2458 et
548 2406 656 2476 gloria!
679 2433 712 2443 -
736 2403 827 2458 Nolite
846 2401 881 2456 ad
905 2417 949 2456 re-

145 2474 279 2600 liffirrum
303 2475 454 2531 mortalium
483 2475 594 2531 humilia
617 2483 681 2531 voto
701 2473 872 2530 descendere.
906 2472 950 2541 (S.

232 2562 268 2600 oa.

181 2617 230 2676 111.
256 2549 332 2674 lilios
346 2617 445 2687 fugam,
462 2619 684 2687 persecutionem,
703 2617 820 2685 exilium,
839 2613 947 2684 famem,

145 2688 217 2744 sitim
249 2691 387 2760 sustinuit,
425 2691 482 2744 zelo
508 2691 610 2744 relatas
631 2704 687 2759 pro
712 2689 849 2757 Domino,
876 2686 947 2742 Deo.

146 2759 181 2830 (3.
199 2761 266 2830 Reg.
287 2761 339 2832 19.)
357 2791 393 2801 -
412 2760 482 2829 Quid
499 2763 550 2816 tu?

146 2875 149 2882 ·
172 2857 263 2899 Imitare
276 2859 335 2900 huno
351 2859 430 2908 esium,
444 2859 511 2901 attam
520 2859 653 2900 cumdamno
663 2857 766 2910 propriae
779 2855 948 2898 commoditatis·
