2152 3234
161 138 202 182 ddi
335 141 368 182 Da
383 143 573 182 sacramentorum
587 141 786 184 administratione.

167 242 331 311 dispensatio
350 244 444 299 saitem
472 243 507 298 ad
525 244 664 298 cautelam.
701 243 827 298 Ceterum
851 243 879 296 in
904 241 966 297 foro

164 322 276 370 externo
295 331 402 384 semper
418 316 599 384 praesumitur
622 315 684 370 talis
707 315 829 385 intentio,
855 313 965 382 quando

161 383 193 460 iit
211 386 373 454 conspiratio
392 395 420 440 et
437 395 533 455 postea
548 385 747 441 Matrimonium
764 387 858 453 initum
877 392 905 440 et
923 385 965 440 ita

163 457 244 511 'etiam
261 474 311 526 pro
329 456 388 513 foro
406 459 512 512 interno
529 458 558 511 in
575 458 654 526 praxi
670 455 894 526 praesumendum
913 463 965 512 cat.

199 531 224 583 3.
243 529 291 582 Ec
307 529 451 582 homicidio
477 545 538 582 cum
562 529 703 582 adulteria.
738 528 792 582 Pro
819 527 871 582 hoc
899 542 966 582 casu
1037 525 1040 530 ‘

164 599 275 669 sufficit(
286 608 316 654 ut
334 600 462 654 alteruter
476 598 657 654 adulterorum
675 599 774 666 aliquid
788 599 965 668 machinetur,

164 685 213 726 seu
231 670 325 726 influat
344 670 485 726 efficaciter
501 672 529 725 in
547 679 659 726 mortem
677 671 812 739 propriae,
834 670 879 724 vel
897 669 965 725 alte·

162 742 219 798 rins
250 743 401 812 compartis.
410 744 431 811 ¹)
453 742 515 796 'An
548 743 700 810 requiratur
730 741 808 796 simui
844 741 960 796 intentio

163 812 363 869 Matrimonium
386 813 504 883 ineundi,
535 813 629 868 eadem
660 820 702 868 est
731 813 852 881 quaesu'o
877 827 910 866 ac
934 813 963 868 in

159 884 334 1026 praecedjenti
352 901 431 954 casu3
455 885 483 939 in
506 883 566 940 foro
586 893 696 940 externo
714 884 895 953 praesumitur
913 882 960 938 ad·

172 955 271 1010 uisse.2

341 1061 363 1100 g.
381 1052 414 1091 De
428 1051 582 1102 impedimento
596 1051 782 1092 Otnadntim'tctis.

197 1120 397 1175 Matrimonium
411 1121 603 1177 clandestinum
617 1121 799 1190 diciturillud,
813 1119 887 1188 quod
900 1137 963 1177 con·

160 1191 276 1246 trahitur
285 1193 342 1246 sine
357 1193 524 1248 solemnitate
540 1194 573 1248 ah
589 1195 701 1248 ecclesia
712 1193 849 1262 requisita,
864 1207 962 1261 nempe

160 1263 218 1316 sine
237 1263 390 1318 assistentia
407 1265 517 1332 parochi
535 1265 646 1333 proprii,
664 1265 708 1318 vei
727 1265 795 1318 alius
813 1263 961 1320 sacerdotis

161 1332 195 1388 de
212 1334 297 1402 ipsius
315 1336 427 1402 parochi
443 1336 489 1390 vel
506 1335 642 1391 ordinarii
659 1336 774 1404 licentia,
793 1342 821 1390 et
838 1334 960 1406 duorum,

159 1405 204 1460 vel
222 1406 301 1460 trium
319 1408 435 1463 testium.

196 1476 356 1533 Huiusmodi
368 1478 540 1533 Matrimonia
558 1477 723 1532 clandestina
740 1478 803 1532 oiim
815 1476 900 1532 fuisse
913 1492 961 1531 va·

159 1547 215 1603 lida
233 1564 361 1618 expresse
385 1549 531 1604 declaravit
556 1549 636 1603 Conc.
665 1549 738 1603 Trid.
762 1549 834 1604 sess.
857 1551 912 1602 24.v
927 1547 961 1602 da

159 1619 267 1676 reform.
277 1621 393 1674 Matrim.
403 1637 462 1690 cap.
473 1625 506 1689 1.,
518 1620 564 1675 ubi
578 1620 747 1674 anathemate
762 1635 869 1687 quoque
888 1619 961 1674 dam-

161 1699 209 1746 nat
227 1708 283 1762 eos,
302 1693 347 1760 qui
364 1699 471 1762 negant,
490 1707 523 1746 ea
540 1706 606 1746 vera
624 1699 652 1746 et
668 1699 729 1747 rata
747 1707 815 1761 esse,
834 1690 960 1760 quamdiu

163 1763 278 1818 ecclesia
296 1779 330 1818 ea
346 1764 423 1817 irrita
439 1778 494 1817 non
511 1762 582 1816 iecit.
611 1744 723 1833 Semper
739 1769 829 1817 tamen
848 1761 962 1817 ecclesia

161 1835 255 1889 eadem
280 1834 448 1903 improbavit,
476 1841 504 1888 et
535 1834 642 1902 quidem
672 1833 817 1904 praecipue
849 1839 961 1902 propter

160 1905 280 1972 pericula
300 1921 331 1960 ac
353 1905 511 1974 gravissima
528 1912 648 1974 peccata,
673 1921 742 1974 quae
766 1904 828 1958 inde
852 1905 959 1960 evenire

161 1975 291 2046 solebant,
315 1977 474 2045 praesertim
504 1976 567 2031 dum
598 1977 714 2046 quidam,
742 1976 836 2030 relicta
866 1989 959 2044 uxore,

160 2061 275 2113 quacum
299 2049 374 2117 prius
397 2049 464 2103 clam
482 2055 679 2118 contraxerant7
704 2064 764 2102 cum
789 2047 843 2102 alia
869 2047 960 2116 palam

171 2233 194 2286 1)
209 2235 289 2277 Baned.
303 2233 364 2278 xlv.
378 2236 440 2285 epist.
455 2236 483 2276 ad
496 2236 570 2285 ignat.
584 2235 674 2276 ReaIem
688 2231 721 2275 11.
729 2233 775 2274 Oet.
791 2230 851 2275 itti.
866 2237 953 2286 asserit,

208 2300 269 2340 nullo
290 2300 389 2349 exemplo
404 2303 513 2350 constare,
533 2301 645 2340 Summum
663 2299 792 2340 Pontificem
810 2309 908 2348 unquam
926 2300 957 2340 di·

209 2374 324 2414 sponsasse
338 2365 361 2404 in
374 2365 498 2406 huiusmodi
513 2366 667 2415 impedimento
681 2366 776 2415 puntico,
792 2364 844 2403 dum
858 2365 957 2414 coniugis

209 2429 291 2469 occisio
305 2431 381 2468 secuta
396 2429 475 2470 inerat.
505 2431 566 2472 Unda
581 2431 605 2470 in
618 2429 762 2471 facultatibus
775 2431 958 2471 extraordinariis

208 2495 351 2546 dispensandi
369 2496 393 2535 in
407 2497 538 2545 quibusdam
552 2498 725 2548 impedimentis,
745 2509 800 2546 quaa
814 2499 930 2548 Episcopis
944 2509 958 2538 a

208 2563 230 2603 S.
241 2562 296 2602 Bada
311 2562 399 2602 concedi
413 2561 496 2612 solent,
515 2564 566 2602 dnnr
580 2564 607 2603 da
626 2563 723 2604 criminis
741 2563 897 2612 impedimento
911 2565 957 2612 agi·

207 2628 251 2676 tur,
266 2636 351 2676 sempor
363 2626 400 2665 hic
414 2637 478 2667 casus
492 2629 612 2678 excipitur:
626 2633 700 2668 aratro
713 2631 782 2668 tarsen
796 2629 906 2678 contraeas
914 2641 957 2670 sac·

207 2692 309 2731 dalmata.

170 2752 193 2805 ²)
208 2758 280 2798 (iam
293 2758 356 2797 iliata
369 2757 464 2796 intentio
478 2758 616 2798 Matrimonii
631 2759 654 2798 in
667 2759 716 2799 toro
731 2760 822 2798 externo
835 2757 957 2807 praesumi·

211 2825 255 2862 tur.
284 2822 474 2873 (Cmrspoadaare
488 2825 514 2863 ds
527 2824 591 2864 lions
604 2837 625 2864 a.
639 2823 702 2866 1852.
716 2825 755 2866 coi.
769 2823 814 2872 57.)
