2130 3242
324 179 356 220 Do
370 177 512 220 duramento
526 179 684 225 Pcenltcntiac.
863 177 904 220 tta

101 279 211 335 oricula
223 277 331 348 perdita
344 287 496 351 quaeratur,
512 281 562 336 sed
576 296 635 336 eam
648 282 707 351 ipse
721 283 840 351 quaerit;
854 297 904 338 nec

100 353 199 407 horret
217 349 330 418 cupidus
346 352 465 419 piscator
488 353 560 407 ultra
578 352 673 408 sedere
692 360 720 407 et
738 361 903 424 exspectare,

101 422 190 478 donec
208 421 353 494 pisciculus
369 423 448 478 hamo
468 422 585 478 adnatet.

140 497 166 550 3.
185 493 262 561 Erga
275 508 366 548 omncs
379 493 606 550 indiscriminatim
618 495 787 563 poenitentes
802 495 904 552 confes·

100 566 192 621 sarius
210 564 362 633 benignum,
381 563 523 636 affabilem,
541 581 644 621 comem
662 574 690 621 et
706 566 904 622 misericordem

103 651 134 692 se
147 636 288 704 praebeat,
306 636 475 705 potissimum
489 653 554 706 erga
567 638 639 693 viros
655 645 683 692 et
695 637 821 706 iuvencs3
840 653 905 706 erga

101 707 217 762 feminas
236 713 325 761 autem
342 708 433 775 potius
451 723 582 778 severum,
601 725 681 777 quam
698 707 856 764 familiarem
874 723 904 764 sc

101 779 247 847 exhibeat,
265 793 356 832 curam
369 779 556 846 particularem
569 781 688 848 ipsarum
700 795 755 834 non
768 781 904 850 suscipiat,

104 851 227 905 breviter
244 865 291 904 aas
310 849 450 919 expediat,
468 853 626 919 praesertim
645 851 668 906 si
685 851 805 906 crebrius
824 849 904 906 confi·

102 928 206 990 tanum,
230 935 280 975 nec
299 920 431 976 derebus
451 921 485 976 nd
504 922 698 980 confessionem
715 931 743 977 et
760 923 904 978 salutarem

101 993 307 1048 instructionem
330 1007 385 1046 non
402 993 597 1060 pertinentibus
615 997 645 1048 ab
662 995 827 1061 confessione
844 1010 904 1048 cum

101 1064 200 1120 iisdem
218 1062 380 1132 loquatur,¹)
404 1079 491 1132 neque
516 1081 563 1120 aas
588 1065 623 1120 ed
647 1065 725 1120 nimis
749 1064 904 1133 frequenter

105 1133 287 1190 confitendum
296 1134 399 1203 invitet,
414 1134 462 1190 sed
470 1137 560 1204 potius
570 1136 686 1204 inducat,
699 1143 730 1191 ut
741 1137 822 1191 vitam
833 1137 903 1192 serio

103 1205 256 1275 emendent,
286 1212 313 1259 et
331 1206 425 1260 saltem
442 1207 471 1261 in
489 1221 522 1261 eo
541 1207 683 1263 confitendi
701 1208 842 1264 intervallo
861 1224 904 1262 ao·

104 1279 254 1346 quiescant,
273 1276 346 1344 quod
358 1278 493 1345 plerisque
508 1280 588 1332 edam
600 1278 759 1334 monialibus
773 1279 904 1348 praescri·

103 1347 195 1418 bitur3
213 1353 291 1402 cntra
309 1349 498 1415 confessionem
516 1365 590 1419 vero,
620 1364 651 1404 eo
670 1351 738 1418 ipso,
767 1349 839 1418 quod
858 1365 904 1406 eas

105 1420 181 1475 audit
198 1419 227 1472 in
245 1418 420 1489 confessione,
439 1419 489 1474 sibi
508 1421 543 1476 sb
556 1435 648 1476 earum
660 1420 839 1476 familiaritate
858 1422 904 1476 ab·

104 1490 258 1547 stinendnm
276 1505 335 1546 esse
352 1491 426 1545 sciat.

140 1565 167 1621 4.
186 1561 264 1616 Licet
282 1561 447 1616 suadendum
465 1560 510 1630 sit,
535 1567 566 1614 nt
584 1560 670 1628 quivis
688 1560 783 1628 ecdem
802 1561 904 1617 confes·

106 1631 182 1690 sario
198 1631 329 1688 stabiliter
343 1640 441 1703 utatur,
460 1630 533 1688 haud
545 1630 658 1700 prodest
670 1638 760 1686 tamen
770 1633 905 1688 conscien-

106 1706 150 1760 tiis
169 1705 297 1772 laqueum
313 1704 421 1759 iniicere
442 1711 469 1759 ct
481 1704 649 1771 poenitentes
663 1703 808 1772 impellere,
828 1711 858 1758 ut
875 1718 904 1758 se

106 1776 282 1844 obstringant,
292 1791 321 1830 se
335 1775 413 1830 alteri
425 1775 587 1830 confessario
601 1774 766 1842 inposterum
779 1791 833 1829 non
845 1789 906 1830 csse

106 1847 278 1903 confessuros
290 1865 297 1915 ;
314 1846 363 1902 sed
375 1847 486 1902 libertas
500 1846 622 1901 omnibus
636 1845 805 1916 concedatur,
825 1845 905 1901 immo

107 1917 262 1987 suadeatur,
278 1925 308 1972 ut
323 1917 481 1985 quandoque
494 1933 545 1985 pro
560 1917 731 1971 exonerando
744 1917 906 1972 conscientia

109 1989 144 2044 ad
163 1989 243 2043 aliurn
262 1988 453 2044 confessarium
471 1988 607 2043 accedant.
630 1987 753 2043 Prudens
771 1987 906 2044 confessa·

107 2061 164 2116 rius
181 2075 317 2128 nunquam
344 2059 372 2114 id
397 2060 447 2115 sibi
473 2059 614 2128 displicere
633 2060 761 2129 ostendit,
787 2061 905 2127 quinimo

108 2129 241 2186 interdurn
260 2131 391 2200 connivet,
421 2131 444 2186 si
461 2131 602 2200 poenitens
620 2130 655 2184 ad
674 2130 754 2185 nbnm
772 2129 907 2186 confessa·

108 2204 178 2258 rium
198 2202 349 2260 accesserit
382 2201 411 2256 Si
430 2203 502 2257 solus
521 2203 556 2258 sit
574 2201 753 2258 confessarius
770 2203 798 2255 in
816 2203 906 2270 aliquo

108 2275 176 2344 loco,
187 2274 290 2341 copiam
301 2273 411 2328 alterins
430 2273 585 2328 confessarii
599 2273 654 2328 suis
668 2273 816 2343 subditis,²)
827 2274 907 2328 etiam

123 2394 146 2448 ι)
162 2394 244 2436 (lavent
258 2394 325 2434 etlam
339 2393 499 2441 confessarius,
521 2402 549 2432 ua
569 2403 618 2432 curn
631 2393 772 2442 mulieribus,
795 2403 851 2442 quae
864 2391 907 2431 frc-

161 2460 265 2510 quantine
286 2459 314 2499 nd
335 2458 488 2498 Pocultcntlac
501 2455 666 2498 Sacramentum
680 2459 792 2507 accedunt,
810 2457 908 2507 prolixos

160 2524 236 2564 trabat
250 2533 369 2565 sermones.
396 2523 466 2574 (Cone.
477 2535 538 2573 proc.
554 2522 622 2564 coroa.
638 2537 657 2567 a.
672 2523 733 2564 1860.
746 2535 797 2574 paq.
812 2521 867 2569 118.)

122 2589 145 2643 ²)
160 2592 191 2633 Ut
204 2589 306 2630 ndalibnr
325 2590 383 2638 apud
394 2589 460 2630 alius
479 2580 616 2639 sacerdotes,
641 2591 660 2630 sl
680 2590 769 2638 volunt,
791 2587 907 2629 contremit

162 2657 249 2698 occasio
264 2656 402 2706 praebeatur,
417 2657 509 2705 parochi
522 2657 614 2696 subinde
627 2666 765 2706 perannum,
778 2654 908 2705 praesertim

161 2735 215 2765 voro
229 2725 328 2772 ternpore
343 2723 442 2772 paschali
463 2722 520 2763 alica
537 2723 677 2773 presbyteros
697 2724 801 2762 externos
814 2721 843 2760 ad
857 2729 907 2759 con·

161 2790 269 2831 furious·
284 2789 404 2828 audiendas
423 2799 503 2828 vocare
520 2791 628 2832 tenentur.
655 2787 768 2828 Dominico
786 2788 860 2825 autem
873 2783 908 2824 dle

161 2857 262 2908 proximo
282 2855 425 2906 praecedente
439 2855 559 2895 affuturum
578 2865 626 2894 esca
645 2853 781 2894 racmdctcm
794 2853 907 2890 externum
