2106 3228
186 720 189 728 ’
286 711 431 768 PRECES
451 711 679 766 MATUTINAE.

119 858 170 898 num
184 858 277 908 angens
289 857 456 898 solennitatis:
471 846 554 917 Deus,
565 847 641 902 Deus
653 863 736 915 meus,
755 847 790 902 ad
807 854 835 904 te
854 847 888 903 de

91 919 144 974 luce
160 919 252 988 vigilo.
288 919 440 986 Benedicta
458 919 494 974 sit
512 925 604 973 saneto
629 926 656 973 et
672 919 811 974 individua
829 920 888 974 Tri-

92 992 169 1059 nitas,
197 1007 269 1044 nune
286 997 314 1044 et
330 1005 440 1058 semper
465 996 493 1043 et
514 1005 564 1057 per
582 989 686 1044 infinito
703 991 811 1046 seeeuln
829 1007 888 1046 sse·

91 1063 213 1118 culorum.
231 1062 325 1114 Amen.
361 1060 459 1115 Gloria
471 1061 554 1129 Patri,
574 1061 619 1128 qui
637 1063 738 1116 creavit
754 1077 813 1131 me3
832 1063 888 1131 glo·

88 1134 126 1187 rin
147 1133 232 1198 Filio,
262 1134 307 1199 qni
332 1133 449 1186 redemit
471 1147 529 1200 me,
557 1132 643 1201 glorie
662 1132 772 1202 Spiritui
795 1141 889 1189 saneto

90 1205 130 1273 qui
148 1202 324 1258 sanctificavit
341 1219 394 1257 me.

122 1287 179 1326 Dum
193 1285 267 1332 surgis
280 1285 352 1323 forms
365 1287 456 1334 signnm
470 1284 548 1331 cruris,
562 1287 584 1323 et
598 1285 644 1324 die:
658 1274 690 1327 In
707 1275 814 1330 nomine
835 1275 890 1330 Do·

90 1347 151 1400 mini
167 1346 256 1401 nostri
274 1347 341 1400 Jesu
351 1345 451 1400 Christi
470 1361 564 1413 surgo,
581 1345 640 1412 ipse
658 1347 723 1400 mihi
740 1346 890 1416 benedicet,

89 1425 164 1486 reget
182 1424 210 1471 et
228 1416 362 1471 custodiet
379 1431 431 1486 me,
458 1423 485 1470 et
503 1415 637 1470 advitam
654 1416 784 1486 perducet
803 1423 889 1472 aeter·

90 1505 157 1545 nom
193 1489 289 1544 Amen

123 1570 179 1608 num
192 1568 364 1607 verterimus:
386 1557 481 1612 Redde
500 1558 578 1628 mihi,
607 1559 711 1614 Pater
729 1565 890 1630 aeterne,

91 1637 118 1685 et
135 1645 267 1685 conserva
283 1630 310 1682 in
328 1643 371 1682 me
391 1637 495 1683 vestem
512 1630 687 1698 innocentiae,
707 1645 787 1697 quam
802 1628 891 1684 inBo·

92 1704 216 1770 ptismate
225 1701 325 1769 recepi,
338 1715 373 1754 ne
382 1699 508 1768 paradiso
519 1701 629 1755 coelesti
641 1701 776 1754 excludar.
798 1701 891 1756 Amen.

124 1772 210 1827 Indue
228 1786 281 1840 me,
301 1773 318 1825 J
326 1786 387 1826 esu
406 1771 558 1840 Christe,
578 1788 627 1825 rex
645 1772 755 1840 gloriae,
773 1769 892 1840 fragran-

90 1844 160 1898 tibus
179 1845 309 1898 virtutum
327 1850 434 1897 tuarum
452 1843 626 1910 vestimentis,
650 1843 806 1898 humilitatis
824 1843 893 1898 seili-

92 1924 141 1982 cet,
159 1915 317 1984 patientiae,
336 1914 456 1968 caritatis
476 1920 503 1967 et
521 1915 659 1982 castitatis,
678 1921 708 1968 ut
725 1915 814 1970 Patris
833 1931 893 1970 coe·

91 1985 164 2041 lestis
183 1986 320 2040 obtineam
337 1983 559 2041 benedictionem.
594 1985 689 2042 Amen.

125 2057 202 2111 Orno
219 2072 271 2124 me,
292 2055 455 2125 Spiritus
474 2062 610 2125 sancte,
627 2062 691 2125 toga
706 2055 894 2126 polymitodo·

92 2135 327 2198 nommetuorum,
356 2134 387 2181 ut
403 2127 432 2180 in
451 2127 534 2182 oeulis
551 2128 604 2182 tuis
623 2128 735 2196 gratiam
752 2129 895 2183 inveniam.

92 2199 185 2254 Amen

126 2271 215 2324 Aetne
232 2269 305 2336 fidei.
332 2268 462 2322 Firmiter
479 2266 559 2322 eredo
579 2273 606 2322 et
621 2267 750 2336 profiteor
767 2270 896 2338 quidquid

93 2340 216 2397 Christus
235 2340 334 2409 docuit,
353 2339 478 2407 Apostoli
487 2339 683 2408 praedicarunt,
703 2348 730 2395 et
743 2350 836 2396 saneto
850 2359 896 2396 ro·

92 2427 171 2466 mana
180 2412 295 2466 eeclesia
307 2410 470 2465 eredendum
479 2411 619 2478 proponit3
639 2411 702 2478 quia
714 2419 752 2481 tu,
771 2413 894 2482 Domine,

92 2484 229 2551 revelasti,
246 2484 348 2537 veritas
362 2489 472 2536 aeterne
488 2489 515 2535 et
529 2481 682 2550 infallibilis,
702 2490 781 2551 atque
800 2485 827 2538 in
845 2485 897 2539 hae

92 2552 146 2608 fide
165 2562 194 2610 et
212 2570 261 2622 pro
279 2554 332 2608 hae
349 2552 402 2606 fide
420 2552 512 2606 vivere
531 2559 559 2606 et
575 2553 643 2606 mori
665 2554 727 2608 volo
752 2561 780 2610 et
797 2562 895 2610 statuo.

127 2627 218 2681 Aeros
234 2627 300 2693 φοί.
335 2623 421 2692 Spero
439 2624 468 2676 in
484 2631 512 2677 te
531 2631 559 2678 et
577 2640 593 2678 a
610 2631 646 2692 te,
671 2626 708 2678 mi
725 2625 807 2696 Deus,
836 2641 895 2694 grn-

92 2695 172 2766 riam,
200 2697 313 2764 gloriam
332 2701 360 2750 et
378 2695 467 2749 omnio
485 2695 577 2749 salutis
595 2693 698 2762 medie3
728 2703 806 2763 potes
826 2697 896 2750 enim

94 2765 175 2837 dere,
193 2767 258 2835 quie
276 2767 448 2834 omnipotens,
463 2781 507 2833 es;
532 2766 573 2820 vis
592 2766 685 2833 etiam,
713 2768 776 2833 quis
793 2765 896 2819 infinite

93 2838 248 2894 miseriem
266 2854 308 2906 es;
327 2837 403 2892 debis
421 2843 519 2906 autem,
537 2836 601 2904 quia
618 2836 687 2890 sieut
705 2836 739 2890 de
756 2835 897 2904 promissis

150 2927 415 2970 numentanorum.
443 2926 527 2977 (nertio
541 2925 591 2974 VI.)
781 2924 796 2972 1
