2108 3226
299 202 374 242 Prima
386 202 527 252 praeparatio
541 201 569 242 ud
582 202 679 244 Missam
841 238 849 258 ,
864 195 890 241 tt

136 299 274 354 Psulmus
291 303 340 356 84
369 301 544 373 Benediristi,
557 302 681 372 Domine,
694 309 794 358 terrum
802 310 891 358 tnann

109 370 216 425 avertisti
234 373 414 440 captivitatem
432 374 525 429 Jacob.

136 440 266 498 Demisisti
278 444 446 512 iniquitatem
466 445 553 514 plebis
565 452 643 499 tuae:
664 445 794 513 operuisti
803 445 891 500 omnia

105 519 204 577 peecata
221 529 320 569 eorum.

135 581 259 653 Mitigasti
277 601 383 641 omnem
399 587 467 642 iram
484 593 572 642 tuam:
596 586 717 642 avertisti
743 585 777 640 ab
794 587 836 641 ira
852 587 891 644 in·

106 652 252 720 dignationis
269 664 342 712 tuae.

137 725 326 853 Convertebnos
335 729 410 784 Deus
423 729 547 784 salutaris
561 736 668 785 noster:
687 735 715 784 et
724 727 892 784 averteiram

104 803 252 854 tonnano
272 801 304 854 is.

137 867 268 938 Numquid
284 872 314 926 in
332 877 469 926 aeternum
487 872 611 927 nasceris
628 872 720 927 nobis:
740 877 787 926 aut
800 875 891 926 exten·

107 935 149 994 des
163 941 228 996 irum
246 950 321 997 tuam
340 957 357 997 a
374 943 546 1010 generatione
563 944 592 996 in
609 943 829 1012 generationem?

134 1009 204 1067 Deus
221 1020 252 1068 tu
270 1029 417 1069 conversus
441 1013 588 1070 vivificabis
609 1030 674 1070 noe:
700 1023 729 1069 et
750 1014 827 1084 plebs
844 1020 893 1069 tua

104 1077 236 1138 notabitur
252 1085 281 1138 in
298 1092 336 1139 te.

135 1151 247 1210 Ostende
265 1157 354 1225 nobis,
381 1155 505 1226 Domine,
532 1156 740 1213 misericordiam
758 1163 845 1211 tuam:
864 1163 892 1212 et

88 1223 209 1280 salutare
227 1234 304 1282 tuum
323 1226 461 1282 danobis.

133 1295 251 1368 Audiam,
266 1299 332 1367 quid
342 1299 469 1366 loquatur
480 1301 509 1354 in
522 1313 565 1353 me
576 1298 707 1354 Dominus
717 1299 807 1356 Deus:
827 1313 892 1367 quo·

102 1365 165 1420 maur
182 1369 307 1437 loquetur
325 1386 421 1438 paoem
437 1371 466 1424 in
482 1371 589 1439 plebem
607 1385 690 1426 snam.

102 1437 266 1564 ιωΕὲᾱειιρετ
284 1441 398 1497 Snnotos
412 1457 490 1497 suos:
510 1449 537 1496 et
554 1443 583 1496 in
595 1443 656 1511 eos,
675 1441 721 1510 qui
734 1445 892 1495 convertun-

206 1529 261 1568 eor.

133 1579 323 1638 Verumtamen
334 1598 420 1651 prope
438 1584 562 1639 timentes
583 1598 643 1639 eum
663 1583 780 1639 solutore
793 1581 892 1650 ipsius:

104 1656 128 1704 nt
143 1652 273 1710 inhabitet
291 1655 379 1724 gloria
395 1655 424 1708 iu
440 1661 514 1710 terra
530 1661 630 1710 nostra.
868 1721 875 1734 ι

135 1721 320 1782 Misericordia
339 1733 367 1780 et
384 1725 484 1783 veritas
503 1727 679 1782 obviaverunt
699 1724 764 1781 sibi:
792 1721 894 1778 iustitia

104 1799 128 1845 tt
143 1810 194 1862 pax
212 1798 351 1853 oseulatae
370 1804 440 1852 sunt.

134 1863 238 1924 Veritas
266 1868 394 1924 deterre
419 1875 479 1924 orta
496 1876 553 1924 est:
580 1873 610 1922 et
631 1867 733 1924 imnis
759 1865 793 1920 de
818 1864 894 1920 coelo

101 1941 240 2006 prospexit.

133 2007 238 2064 Etenim
265 2011 399 2066 Dominus
428 2010 502 2066 dabit
530 2010 737 2078 benignitatem:
769 2015 797 2064 et
821 2015 896 2063 terra

104 2085 188 2134 nostra
205 2080 282 2137 dabit
298 2082 414 2143 fructum
432 2099 517 2138 suum.

134 2149 242 2210 iustitis
252 2160 316 2209 aute
331 2169 392 2208 eum
406 2153 568 2209 ambulabit:
588 2160 616 2208 et
627 2158 711 2222 ponet
723 2151 752 2205 in
762 2150 807 2206 vie
820 2164 893 2219 gree·

102 2231 142 2274 tus
158 2237 229 2279 snos.

134 2290 222 2350 Gloria
239 2295 317 2351 Patri
336 2302 387 2350 eto.
425 2294 499 2351 Siout
517 2301 575 2350 erat
593 2301 643 2352 ete.

133 2363 279 2420 Psalmue
297 2369 347 2422 85.
384 2367 493 2436 Inclino,
516 2366 640 2435 Domine,
667 2378 759 2420 aurem
776 2369 850 2418 tuem
869 2368 896 2416 et

106 2435 267 2493 exaudime:
293 2439 419 2506 quoniam
436 2439 514 2508 inops
533 2445 561 2494 et
577 2451 681 2507 pauper
700 2452 758 2490 sum
776 2450 835 2503 ego.

136 2504 245 2564 Custodi
273 2511 389 2564 animam
416 2525 503 2564 meam
535 2509 660 2576 qnoniam
689 2514 797 2562 sanetus
825 2520 895 2559 snm:

105 2575 199 2654 §alvum
217 2580 262 2636 iso
281 2595 390 2636 servum
414 2587 503 2651 tuum,
532 2581 608 2636 Deus
626 2593 717 2648 meus,
745 2581 897 2645 sperantem

104 2659 128 2699 in
142 2655 175 2704 ie.

138 2719 268 2778 Miserere
286 2722 354 2791 mei,
382 2721 512 2791 Domine,
538 2721 663 2790 quoniam
689 2718 724 2774 ed
740 2724 768 2772 te
787 2715 898 2771 clemeri

106 2793 157 2846 tota
173 2792 231 2849 die:
252 2793 370 2850 laetifica
387 2795 501 2850 animam
520 2793 654 2861 servitui,
672 2789 797 2859 quoniem
810 2786 845 2840 ad
862 2791 899 2852 te,

105 2855 219 2934 Domine,
237 2866 352 2921 animam
370 2880 457 2920 meam
474 2865 571 2920 levari.
