2108 3226
341 184 416 224 'fortia
430 184 550 233 gratiarum
564 187 629 229 sotio.
842 184 883 228 lv

59 287 203 342 maiestas
229 285 509 355 incomprehensibilis
538 265 611 342 esti¹
637 287 726 342 Unum
751 294 792 342 est
817 289 882 346 mihi

15 395 16 414 ι
78 359 271 426 necessarium,
292 366 320 412 et
337 359 389 412 hoc
407 357 492 412 solum
512 373 625 424 quaero:
644 359 672 411 iu
690 365 717 412 te
736 359 835 429 vivere,
853 362 882 414 in

78 435 104 484 te
122 431 276 498 quiescere,
294 445 312 482 a
324 436 353 483 te
365 443 502 496 nunquam
515 430 643 498 separari.
671 429 750 482 Felix
768 437 817 499 est,
836 432 882 498 qui

15 535 16 544 ι
79 507 104 555 te
118 501 243 568 quaerit:
263 498 376 569 felicior,
391 501 436 568 qui
450 507 477 554 te
492 500 627 569 possidet;
645 499 821 570 felicissimus,
836 503 882 569 qui

14 557 16 644 l

79 572 106 625 iu
122 573 176 626 hac
194 573 371 639 possessione
393 578 551 639 perseverat
575 579 602 626 et
625 571 746 628 moritur.
783 571 805 625 0
824 571 882 628 dies

80 642 209 710 infelices,
237 658 306 710 quos
324 644 439 711 turpiter
455 645 581 712 transegi,
608 642 721 710 diligens
739 643 884 698 vanitatem

82 721 109 768 et
121 713 255 769 recedens
269 730 287 767 a
300 717 342 767 te!
378 715 415 768 Et
431 731 509 783 nunc,
527 713 650 783 Domine,
669 715 715 781 qui
735 714 833 769 venisti
854 715 883 769 in

82 785 151 839 hunc
169 785 308 854 mundum,
327 790 358 839 ut
374 793 530 853 peccatores
544 786 633 840 salvos
651 784 762 855 iaceres,
781 785 882 841 redime

84 857 197 910 animam
216 872 305 910 meam
322 856 351 909 in
368 857 427 911 sola
443 855 541 910 fiducie
558 857 757 911 miserationum
775 864 883 911 tuarum

83 929 270 996 respirantem,
290 933 318 981 et
335 927 411 981 aufer
429 943 445 982 a
462 943 505 981 me
524 927 613 981 omnia
625 929 723 983 amoris
741 929 781 983 tui
797 929 882 998 impe·

85 997 210 1053 dimonia
247 999 346 1052 Procul
365 999 399 1054 sit
413 1015 430 1052 a
445 1014 489 1052 me
507 999 592 1053 omnis
605 1006 713 1054 terrena
726 998 881 1069 delectatio;

85 1070 147 1123 nihil
165 1070 256 1138 sapiat
274 1069 347 1138 mihi,
364 1070 430 1123 nihil
448 1084 490 1124 me
504 1069 611 1139 alliciat,
629 1071 681 1125 nisi
697 1079 735 1124 ιιι.
771 1071 840 1126 Vive
855 1079 882 1126 et

84 1155 167 1210 regna
179 1156 288 1209 semper
296 1141 324 1193 in
336 1155 387 1209 me,
401 1139 555 1196 fidelissime
570 1149 674 1195 amator
683 1143 786 1196 animae
794 1157 881 1212 meae;

85 1211 111 1264 in
128 1219 156 1266 te
175 1213 248 1266 enim
267 1218 329 1266 sunt
347 1213 436 1266 omnia
446 1213 532 1280 bona3
552 1217 579 1266 et
594 1213 648 1266 iam
665 1212 790 1282 deinceps
803 1229 881 1284 para·

84 1289 126 1338 tus
144 1300 223 1352 sumf
249 1283 338 1337 omnia
354 1284 445 1351 potius
462 1284 533 1338 mala
550 1281 663 1353 perpeti,
690 1300 769 1352 quarn
786 1292 817 1339 ιιι
834 1301 882 1338 un·

86 1370 164 1422 quam
183 1369 286 1409 cessem
305 1369 395 1408 amare
418 1361 455 1412 te.
491 1353 514 1408 Ο
538 1353 642 1422 Corpus
668 1357 882 1425 sacratissimum,

85 1427 202 1494 quinque
219 1426 376 1480 vulneribus
395 1425 556 1480 sauciatum!
579 1441 649 1494 pone
667 1432 695 1480 te
713 1434 744 1480 ιιι
762 1427 882 1494 signacu-

85 1496 138 1550 lum
151 1511 237 1565 super
250 1513 296 1551 cor
309 1511 404 1566 rneum,
420 1504 447 1551 et
459 1497 580 1564 imprime
594 1497 633 1550 illi
647 1499 784 1551 caritatem
793 1505 882 1566 tuam;

86 1569 199 1636 obsigna
212 1568 296 1636 pedes
310 1583 393 1635 meos,
411 1575 442 1623 ιιι
455 1583 553 1635 sequar
565 1568 680 1636 vestigia
691 1575 753 1635 tua;
771 1569 884 1635 obsigna

85 1639 169 1709 latus,
197 1647 230 1693 ut
246 1639 457 1694 ferventissimos
475 1640 573 1694 amoris
597 1640 637 1693 tui
655 1645 730 1693 actus
748 1637 884 1705 proferam

84 1710 111 1764 in
128 1718 278 1765 aeternum.
316 1709 338 1764 0
358 1710 473 1779 Sanguis
491 1710 692 1779 pretiosissime,
715 1711 761 1776 qui
780 1723 884 1763 omnem

84 1781 220 1836 hominem
238 1781 326 1836 abluis
344 1787 371 1836 et
388 1780 528 1850 purificas,
546 1782 609 1834 lava
622 1781 737 1834 animam
753 1788 884 1835 meamet

83 1868 155 1921 pone
174 1854 280 1922 signum
298 1853 327 1907 in
345 1851 439 1907 faciem
452 1867 547 1920 meam,
565 1860 596 1906 ut
613 1851 714 1905 nullum
730 1857 883 1919 praetorto

85 1933 233 1979 amatorem
251 1923 397 1978 admittam.
429 1923 452 1978 Ο
471 1922 584 1978 dulcedo
606 1922 694 1978 cordis
712 1924 765 1978 mei
783 1929 811 1978 et
828 1923 885 1978 vita

85 1997 189 2050 animae
205 2011 300 2069 meae,
319 1995 388 2050 sicut
404 2001 434 2050 tu
451 1995 480 2048 in
497 1995 579 2049 Patre
598 2000 625 2049 et
642 1994 724 2050 Pater
741 1995 769 2048 in
786 2001 813 2048 te
834 2001 883 2064 est,

83 2067 121 2122 ita
139 2083 192 2136 ego
211 2081 261 2136 per
279 2067 394 2134 gratiam
410 2073 484 2120 tuam
501 2082 571 2120 unus
584 2071 672 2120 tecum
686 2065 736 2122 sim
751 2081 841 2121 amore
856 2073 884 2120 ct

84 2139 239 2206 voluntate,
267 2138 386 2205 mihique
411 2135 526 2192 mundus
554 2135 694 2192 crucifixus
720 2138 755 2193 sit
780 2145 808 2192 et
832 2152 883 2205 ego

84 2209 192 2264 mundo.
229 2209 325 2262 Amen.

119 2281 285 2336 Gratiarum
302 2279 382 2334 actia
419 2279 525 2334 Gratias
542 2279 592 2333 tibi
610 2294 676 2348 ago,
694 2278 882 2346 benignissime

84 2351 168 2422 Dens,
187 2351 262 2420 quod
282 2365 325 2404 me
340 2351 496 2405 vilissimum
509 2357 679 2419 peccatorem
691 2348 831 2418 admittere
845 2347 884 2403 di·

85 2431 181 2492 gnatus
198 2437 231 2478 es
251 2420 285 2476 ad
302 2419 437 2475 vivificum
452 2429 516 2476 tuae
534 2435 642 2476 mensae
660 2421 818 2477 convivium.
847 2420 885 2474 Ει

85 2495 143 2562 quis
163 2511 224 2550 sum
238 2508 298 2563 ego,
315 2493 405 2560 pulvis
422 2500 450 2548 et
463 2494 536 2562 cinis,
555 2500 585 2547 ut
598 2507 749 2561 apponeres
764 2506 829 2559 erga
841 2505 884 2544 me

85 2581 129 2620 cor
148 2574 239 2635 tuum,
267 2563 397 2619 inclinans
416 2565 506 2619 coelos
523 2572 584 2618 tuos
605 2572 632 2618 et
649 2561 828 2630 descendens,
854 2567 884 2616 ut

86 2635 222 2706 Sanguine
240 2641 289 2690 tuo
306 2635 448 2704 purissimo
467 2634 560 2690 sordes
572 2650 646 2690 meas
660 2636 774 2702 lavares,
792 2639 820 2686 et
838 2631 884 2686 de·

84 2706 219 2763 sicientem
237 2721 303 2775 prae
327 2705 398 2761 fame
417 2707 531 2761 animam
548 2721 643 2775 meam,
662 2721 717 2759 non
734 2719 832 2758 manna
849 2702 883 2756 de

85 2780 168 2851 coelo,
189 2778 239 2835 sed
258 2777 344 2832 Carne
365 2785 413 2832 tua
428 2778 598 2832 immaculata
614 2775 739 2831 reficeres
758 2780 785 2828 et
804 2774 883 2828 satia·

85 2852 150 2908 ros?
189 2850 220 2906 Si
245 2848 315 2904 coeli
340 2850 475 2904 coelorum
504 2854 532 2904 te
557 2862 654 2916 capere
684 2862 739 2902 non
762 2850 883 2912 possunt,
