2106 3228
367 171 492 214 Meditaudl
506 173 626 213 methodus.
885 171 899 214 θ

79 306 82 314 ·
109 268 206 340 iecisse,
233 272 263 326 3⁰
281 288 361 341 quam
379 274 454 328 beati
473 290 542 328 nunc
564 275 615 330 viri
640 275 725 330 sancti
749 276 803 330 siut
826 283 854 332 et
870 275 899 332 in

109 349 235 396 aeteruum
252 343 337 399 futuri
356 345 417 414 sint,
439 345 487 412 qui
507 347 602 414 exiguo
620 355 741 414 tempore
759 345 899 402 difficulta-

107 413 171 468 tibus
188 423 295 471 strenue
315 418 451 485 superatis
470 417 529 471 Deo
549 419 711 485 servierunt,
736 434 815 487 quam
832 434 897 475 vero

106 483 215 540 infelices
233 487 280 556 illi,
308 489 354 554 qui
372 489 556 556 voluptatibus
574 488 701 545 brevibus
719 490 771 544 imo
790 505 897 544 nomen·

106 556 183 612 taneio
204 558 422 626 posthabuerunc
441 560 598 630 coelestem,
617 568 768 628 aeternam,
786 561 816 614 4⁰
834 559 898 629 quid

108 626 217 684 Christus
226 629 368 699 Dominus,
387 630 548 685 huiusvitae
567 631 761 686 calamitatibus
780 637 808 686 et
820 633 897 688 miae·

106 698 147 752 riis
162 702 245 754 nostri
264 717 348 756 causa
360 702 432 756 ultro
452 701 598 770 subiectus,
625 703 720 758 iecerit
739 719 770 758 ac
788 718 897 772 perpes·

107 785 146 824 sus
163 771 209 840 sit;
237 772 268 825 5⁰
287 780 355 840 quot
379 780 407 828 et
430 773 521 839 qualia
538 773 668 830 beneficia
690 790 707 828 a
723 775 784 828 Deo
803 774 831 828 in
848 790 898 830 noa

105 841 192 896 collata
209 844 307 898 saltem
321 844 493 912 gratitudinis
502 846 607 900 nomine
626 862 643 900 a
656 846 733 900 nobis
748 845 828 900 fidele
842 861 898 900 ser-

103 912 188 967 vitium
206 915 334 984 exigant,
353 915 472 983 6⁰quam
484 916 629 984 gloriosum
647 917 688 986 sit,
706 917 765 971 Deo
785 917 897 972 amicum

102 999 163 1054 esse,
183 1001 268 1055 eaque
288 987 388 1055 facere,
408 1002 478 1054 quae
495 988 547 1055 ipsi
564 988 679 1057 placent.
715 988 767 1043 Ubi
791 987 897 1044 deuna

101 1057 207 1112 resimte
227 1073 262 1112 ex
281 1059 397 1112 materia
409 1057 589 1114 meditationis
603 1059 718 1114 deducta
735 1060 773 1116 sic
790 1059 895 1114 ratiooi·

100 1127 152 1181 uati
170 1144 269 1198 sumus,
291 1129 328 1183 ad
348 1130 462 1182 alteram
479 1131 637 1199 transimus,
663 1137 691 1184 et
707 1131 758 1186 hac
776 1131 897 1186 similiter

101 1199 218 1254 absoluta
236 1200 273 1254 ad
292 1201 419 1269 tertiam,
448 1201 531 1256 etsie
550 1200 689 1270 deinceps,
718 1202 816 1269 ubique
835 1202 895 1258 illus

100 1272 266 1336 quaestiones
286 1271 332 1325 vel
345 1287 448 1339 omnes,
467 1273 510 1326 vel
528 1280 600 1327 certe
615 1273 718 1339 alqucs
736 1288 827 1326 earum
840 1273 895 1341 agi·

99 1341 183 1400 tando.
203 1373 238 1382 -
258 1342 475 1398 Voluntatis
499 1343 527 1396 iu
544 1344 717 1398 meditatione
736 1343 835 1412 duplex
854 1350 896 1400 est

99 1412 218 1483 officium,
247 1414 363 1468 affectus
383 1414 486 1469 scilicet
501 1415 561 1482 pios
576 1417 692 1470 excitare
712 1422 739 1470 et
756 1416 896 1483 proposita

98 1481 222 1554 formare,
253 1500 325 1553 quae
344 1484 399 1539 duo
425 1484 492 1539 adeo
518 1493 580 1540 sunt
598 1487 765 1554 essentialia,
790 1495 821 1540 ut
838 1486 895 1542 uine

99 1554 157 1622 ipsis
174 1556 317 1612 meditatio
335 1572 392 1610 non
411 1557 497 1611 oratio
508 1558 639 1626 mentalis,
660 1557 708 1612 sed
725 1573 827 1612 merum
840 1564 894 1612 stu·

99 1624 178 1695 dum,
206 1629 252 1682 vel
272 1627 423 1696 speculatio
448 1626 518 1682 foret
540 1628 659 1682 dicenda.
701 1628 774 1696 Ignis
793 1629 894 1696 gratiae

98 1703 122 1751 et
138 1700 235 1754 amoris
256 1699 356 1767 divini,
393 1699 438 1766 qui
463 1699 558 1754 ardere
583 1701 610 1754 in
636 1699 760 1754 cordibus
786 1699 894 1769 uostris,

96 1769 135 1822 vel
152 1779 225 1826 certe
244 1770 344 1824 adesse
362 1771 515 1824 necessario
535 1770 622 1840 debet,
641 1771 668 1824 in
686 1770 800 1825 decursu
812 1769 893 1824 medi·

96 1842 198 1896 tationis
223 1857 277 1910 per
303 1842 395 1896 varias
430 1841 657 1897 considerationes
682 1842 785 1896 variam
811 1841 894 1896 veluti

95 1913 228 1967 materiam
237 1921 345 1981 nactus,
363 1913 391 1965 in
409 1911 529 1967 flammas
538 1928 712 1982 prorumpere
726 1929 775 1980 pro
789 1914 893 1967 ratione
988 1948 991 1954 ·

95 1983 195 2038 oblatae
214 1985 349 2039 materiae
369 1984 453 2051 solet;
481 1984 552 2038 unde
571 1984 682 2038 affectus
701 1984 892 2053 admirationis,

95 2052 184 2124 laudis,
210 2056 323 2123 amoris,
350 2056 496 2123 gratiarum
515 2055 634 2124 actionis,
657 2056 768 2124 timoris
783 2055 892 2124 doloris,

95 2124 284 2181 humiliationis
301 2134 351 2180 etc.
386 2125 447 2179 Nou
467 2134 515 2194 est,
535 2143 582 2180 cur
600 2127 706 2182 solliciti
724 2128 814 2194 simus,
834 2127 891 2193 qui·

95 2193 140 2252 bus
155 2199 248 2252 verbis
276 2198 328 2252 hos
348 2196 460 2251 affectus
485 2205 592 2252 nostros
610 2199 804 2266 exprimamus,
832 2213 892 2252 cum

95 2267 168 2322 suam
188 2271 248 2324 solo
266 2267 357 2337 corde,
377 2268 456 2321 nullis
474 2269 563 2323 verbis
582 2269 715 2338 adhibitis,
734 2269 833 2337 optime
846 2283 891 2323 ex·

93 2340 165 2406 primi
182 2341 299 2408 possint
311 2369 345 2378 -
356 2339 423 2392 Cum
435 2338 494 2393 finis
512 2339 691 2394 meditationis
709 2341 751 2408 sit,
770 2347 892 2399 nontan·

94 2407 151 2464 dum
168 2420 279 2480 tempus
298 2409 409 2477 aliquod
426 2411 580 2478 impendere
589 2411 648 2466 Deo
667 2427 716 2480 per
735 2412 891 2479 orationem,

94 2481 137 2536 sed
153 2481 311 2537 meditando
339 2489 367 2535 et
392 2481 583 2536 considerando
609 2485 723 2537 animam
740 2497 856 2551 purgare
875 2497 892 2534 a

93 2552 167 2622 vitiis,
188 2569 323 2608 exornare
341 2552 500 2624 virtutibus,
526 2554 607 2607 vitam
627 2570 730 2608 omnem
748 2553 891 2608 emendare

95 2631 119 2676 et
135 2625 276 2694 perlicere,
295 2621 454 2678 confirmare
468 2639 496 2678 se
508 2624 535 2677 in
548 2626 656 2680 servitio
670 2625 770 2693 divino,
789 2624 891 2678 munire

94 2709 121 2748 se
138 2703 233 2751 contra
260 2694 433 2749 difficultates
452 2697 669 2765 ostentationes,
692 2697 809 2751 actiones
828 2709 891 2750 suas

93 2765 140 2820 rite
158 2767 314 2836 disponere,
335 2781 388 2833 quo
404 2763 548 2833 perfectius
559 2766 698 2836 obeantur,
716 2783 785 2834 quae
804 2765 893 2819 omnia

94 2839 194 2894 nonnisi
212 2853 265 2907 par
282 2837 426 2907 proposita
449 2837 499 2892 rite
526 2839 555 2890 in
572 2838 745 2892 meditatione
764 2840 894 2898 concepta

754 2921 788 2972 1*
