2106 3228
136 183 150 225 i
408 183 529 224 Meditaudi
542 183 665 227 methodus.

102 311 104 320 ι
135 289 247 338 profectus
262 287 333 328 omnis
346 288 440 330 auctrix.
468 287 491 328 iil
504 289 575 338 video,
588 289 661 337 iuqnlt
674 285 695 332 8.
705 287 881 338 Chrysoatomua
895 287 933 328 im·

135 354 216 394 minem
229 354 253 392 in
266 354 391 394 meditando
406 353 528 402 remissum,
546 365 587 394 neo
599 353 622 393 id
636 354 756 404 quidquam
769 355 832 404 pansi
846 355 933 406 habere,

135 421 183 462 eius
198 421 294 460 animam
307 421 419 470 pertenuis
433 420 522 460 uirtutis
536 421 694 470 perpaucisque
704 421 744 460 Dei
758 420 821 468 donis
834 422 934 460 ornatam

73 481 76 490 “
137 498 186 527 esse
200 487 299 530 coniicio.
327 475 388 526 illius
406 486 515 526 rationem
534 486 621 526 subiicit
641 483 663 524 S.
679 486 826 534 Augustinus,
847 485 932 524 dicens:

137 557 210 602 „nocte
223 552 286 592 novit
300 552 384 600 vivere,
399 551 436 600 qul
450 553 508 589 recte
528 551 589 589 novit
603 551 688 592 orare.“
717 550 762 590 Neo
777 549 831 588 adeo
847 549 933 598 mirum,

137 628 184 658 esse
197 619 284 656 tantum
297 617 321 655 in
334 616 475 655 meditatione
489 617 636 664 momentum
651 615 694 654 hae
707 615 765 654 enim
774 615 891 654 destitutus
901 625 934 652 re·

136 683 236 732 ligioaus,
251 683 316 736 (idem
331 682 441 721 dicendum
455 681 480 720 de
494 681 615 730 sacerdote),
636 682 691 720 teste
706 681 726 722 S.
740 680 834 730 Thomu,
853 682 886 719 est
899 689 935 718 ve·

136 750 177 789 luti
192 749 254 788 miles
269 749 315 788 sine
329 747 411 795 armis,
435 757 485 786 eum
504 749 526 784 et
544 746 627 786 lumina
648 745 668 785 ei
689 745 761 784 desint
779 747 801 783 et
818 745 849 794 pli
863 747 935 784 motus

136 816 166 855 ad
179 814 350 855 conservandum
365 813 467 862 spiritum
479 813 573 852 maxime
593 813 718 854 necessarii.
746 813 817 860 Quare
831 815 855 850 ut
869 811 935 852 medi·

137 881 243 920 tationem
264 880 437 918 uberrimarum
455 879 529 917 fructu
547 878 661 928 instituat,
685 880 707 919 et
726 878 797 918 facilis
816 877 935 918 meditandi

136 946 265 995 methodus,
285 946 307 984 et
329 943 447 984 nonnullae
471 944 639 984 meditationum
660 944 766 984 materiae
788 943 935 984 subiiciendis

136 1013 197 1053 visae
212 1013 269 1054 sunt.

360 1112 527 1158 Meditandt
540 1114 710 1158 methodica.

66 1261 68 1266 ,
174 1211 260 1278 Quum
279 1225 323 1265 ars
340 1208 484 1263 meditandi
502 1209 637 1276 pertineat
660 1208 695 1262 ad
713 1208 849 1262 seientiam
868 1208 934 1263 San·

138 1290 248 1350 ciorum,
268 1296 336 1349 quae
354 1297 409 1334 non
426 1287 481 1334 tam
494 1280 645 1349 praeceptis
660 1295 691 1334 ac
705 1279 832 1334 doctrinis
849 1280 934 1335 homi·

137 1369 208 1423 num,
228 1369 308 1420 quam
326 1352 450 1405 unctione
469 1351 583 1419 Spiritus
602 1351 687 1406 sancti
705 1367 721 1404 a
737 1351 824 1405 bonae
843 1352 935 1406 volun·

138 1425 202 1480 tatis
222 1423 353 1478 desiderio
373 1429 485 1490 constat,
504 1422 653 1490 quicunque
665 1437 729 1476 vere
748 1422 821 1490 cupit
838 1438 935 1490 magno

139 1513 199 1550 eum
216 1494 304 1548 fructu
321 1492 451 1564 meditari,
470 1494 538 1546 hauc
555 1494 667 1561 gratiam
682 1493 806 1547 ardenter
824 1500 852 1548 et
869 1494 936 1548 assi·

139 1567 191 1621 due
209 1573 285 1635 petat
303 1564 428 1618 dicendo:
456 1564 629 1634 „Domine‚
649 1563 735 1618 doce
753 1580 799 1618 me
819 1580 935 1634 orare,

140 1639 224 1693 doce
242 1636 432 1691 meditari.“
468 1636 512 1689 Ex
529 1643 622 1690 nostra
639 1643 715 1703 parte
735 1635 856 1689 adhunc
874 1651 935 1704 gra·

139 1710 204 1764 tiam
223 1707 332 1763 accedat
348 1713 473 1775 opportet
487 1713 597 1762 conatus
615 1707 709 1775 serius,
728 1723 780 1774 quo
797 1722 829 1760 ea
847 1707 937 1761 omnia

140 1786 308 1849 praestamus
318 1786 345 1832 et
357 1779 538 1846 observamus,
553 1793 621 1846 quae
634 1785 713 1832 ante
727 1777 934 1847 meditationem,

140 1853 173 1905 in
186 1851 262 1919 ipsa
276 1850 447 1904 meditatione
458 1855 485 1903 et
498 1857 578 1917 post
593 1850 679 1918 ipsam
690 1856 751 1903 sunt
764 1848 935 1916 praestanda.

141 1923 216 1989 Quae
235 1927 296 1975 ante
314 1920 513 1974 meditationem
531 1920 663 1974 servanda
681 1927 750 1990 sunt,
769 1921 938 1976 eontinentur

141 1993 190 2049 sub
208 1993 313 2047 nomine
331 1991 552 2059 praeparationis.

178 2065 360 2130 Praeparatio
379 2061 478 2130 duplex
497 2068 545 2130 est,
563 2069 667 2116 remota
685 2069 712 2116 et
729 2062 859 2130 proxima

174 2135 322 2190 Remota
338 2134 569 2202 praeparatio
589 2134 710 2191 consistit
726 2135 831 2187 invem
845 2140 872 2187 et
885 2133 939 2188 sin-

141 2221 202 2261 cero
221 2205 354 2260 desiderio
372 2203 527 2273 proficiendi
542 2205 571 2258 in
582 2205 638 2259 vita
656 2204 801 2274 spirituali3
819 2203 939 2272 nihilque

141 2277 214 2333 aliud
232 2284 285 2344 est,
312 2292 391 2344 quam
416 2276 496 2330 animi
519 2277 580 2331 talis
604 2275 782 2344 comparatio,
809 2291 877 2343 quae
905 2274 941 2329 ad

140 2355 214 2403 reeta
232 2347 412 2402 meditandum
429 2347 561 2416 disponit,
586 2347 747 2402 removendo
773 2347 875 2402 scilicet
892 2347 940 2401 ob·

142 2419 245 2476 siaonia
263 2425 290 2474 et
308 2417 457 2472 adhibendo
478 2418 637 2474 adiumenta.

176 2490 343 2545 Proxima
360 2491 589 2558 praeparatio
608 2504 643 2543 ex
661 2489 782 2544 doctrina
798 2487 825 2542 S.
840 2488 941 2556 Ignatii

141 2561 208 2616 haec
226 2560 282 2616 iere
293 2561 488 2630 complectitur:
510 2561 538 2614 1⁰
549 2567 579 2615 ut
596 2560 683 2629 pridie
701 2561 840 2615 materiam
857 2558 941 2614 medi·

141 2633 249 2688 tationis
264 2633 410 2687 matutinae
426 2639 527 2688 attente
545 2632 665 2700 legamus
680 2632 723 2686 vel
739 2631 876 2686 audiamus
894 2631 941 2686 ob·

142 2704 282 2774 servando,
302 2705 409 2772 quinam
426 2701 528 2760 nucius
546 2720 595 2772 pro
610 2703 751 2772 praesenti
770 2703 873 2757 animae
892 2719 941 2756 no·

142 2783 213 2832 strae
246 2782 318 2831 statu
350 2792 384 2831 ex
408 2777 461 2831 ista
486 2774 658 2830 meditatione
684 2775 719 2829 sit
743 2773 942 2842 decerpendus;

142 2847 172 2901 2⁰
190 2848 290 2903 utiam
314 2848 429 2903 inlecto
448 2847 635 2902 decumbentes
655 2853 716 2902 ante
741 2862 864 2902 somnum
881 2845 943 2900 bre·
1000 2845 1010 2858 '
