2108 3226
83 193 85 198 .
167 165 196 206 ἰθ
384 169 416 208 De
429 169 597 218 praeparatione
610 169 639 208 ad
652 169 750 208 Missum.

201 268 289 335 Atque
308 269 387 324 huius
412 269 535 336 puritatis
560 267 679 324 defectus
705 285 787 338 seepe
811 285 892 326 causa
911 279 963 342 est,

166 355 214 394 our
227 339 380 394 sacerdotes
402 356 457 395 non
476 341 555 408 pauci
572 349 628 394 tam
645 357 758 408 parrum
777 356 810 395 ex
828 341 965 410 frequenti

166 411 245 465 huius
263 395 346 466 divini
363 411 485 466 sacrificii
502 413 705 494 participatione
728 412 843 467 fructum
867 429 962 482 repor-

166 488 232 550 tent,
260 482 328 536 adeo
346 490 376 537 ut
394 499 448 537 non
464 484 595 538 immerito
613 484 683 538 hanc
700 485 853 552 Prophetae
873 486 964 540 obiur-

167 554 301 621 gationem
320 555 358 608 eis
377 554 560 622 adeptereris:
587 554 751 623 domuistis,
776 562 801 608 et
824 572 879 608 ιιοιι
900 558 967 613 estis
1044 611 1045 618 ,

167 625 278 693 saitem
303 625 418 691 bibistis,
448 631 473 678 et
495 642 551 678 mm
574 627 638 678 eetie
655 626 794 693 irtedrr'cti5
820 629 967 694 operuistis

167 711 215 750 coe
232 702 257 750 et
273 712 329 749 ιιοι
346 697 409 749 estis
426 697 558 762 cobefecti,
582 701 608 750 et
632 698 680 764 qui
702 697 833 752 mercedes
855 714 966 767 compre-

166 769 250 836 peuit,
264 768 337 820 misit
350 783 395 820 eae
408 769 438 820 m
457 767 593 821 saemrlmm
605 773 754 834 perimerem,
769 783 864 836 nempe
875 770 902 822 in
916 786 966 824 cor

166 837 321 892 distructum
331 845 358 892 et
367 839 528 894 vanitatibus
539 838 685 893 discissum.
699 839 742 893 Ne
756 847 845 894 temen
855 841 965 896 omnino

166 908 276 978 diffidas,
298 911 320 962 si
333 908 479 977 perfectam
493 911 571 964 istam
585 910 741 965 munditiem
754 911 802 964 tibi
812 911 905 966 deesse
917 911 965 966 de·

165 978 354 1049 prehenderis,
373 980 421 1034 sed
436 980 569 1049 frequenti
582 981 797 1064 quotidianorum
812 981 966 1038 defectuum

165 1050 333 1104 confessione
352 1060 380 1106 et
398 1052 486 1108 cordis
504 1052 663 1106 contritione
684 1053 787 1106 animae
806 1061 868 1108 tuce
886 1054 966 1112 lebes

163 1122 295 1176 resarcire
314 1129 429 1190 satagas.

201 1193 348 1247 Puritatem
366 1195 498 1248 internam
516 1193 614 1248 mentis
633 1195 753 1261 sequitur
770 1194 931 1249 rectitudo
923 1210 965 1248 nr-

161 1265 299 1333 tentionis,
327 1281 396 1332 quae
421 1265 507 1334 efficit,
535 1272 566 1319 ut
589 1266 640 1319 hoc
668 1264 826 1320 sacrificium
851 1265 886 1319 ad
910 1265 965 1320 Dei

162 1335 278 1402 gloriam
297 1336 455 1406 ordinatum,
474 1336 579 1392 nonnisi
597 1336 631 1390 ud
649 1337 760 1390 eandem
779 1337 898 1405 gloriam,
917 1337 965 1392 rel

163 1422 235 1472 quoe
254 1406 289 1460 ed
307 1407 380 1462 illem
402 1416 532 1476 spectent,
550 1406 690 1462 referetur.
728 1407 779 1474 Qui
797 1409 875 1462 aliter
893 1409 965 1462 eele-

163 1477 234 1546 bret,
253 1477 349 1546 dignus
367 1486 416 1547 est,
436 1480 481 1547 qui
500 1479 533 1532 ab
557 1480 678 1533 omuibus
699 1477 861 1546 demoretur,
881 1486 966 1547 prout

164 1549 247 1604 etiam
261 1549 287 1603 S.
301 1550 491 1604 Beneventum
503 1550 626 1617 deploret
639 1551 680 1604 his
695 1551 798 1604 verbis:
822 1551 885 1618 Vae,
903 1565 964 1618 oue,

163 1637 223 1688 rae,
249 1621 365 1675 Domine
383 1623 467 1688 Deus,
490 1623 525 1675 iis
543 1621 732 1689 sacerdotibus,
756 1623 806 1690 pei
829 1621 895 1676 dum
923 1621 966 1676 di·

164 1693 231 1744 οιιιο
248 1695 376 1761 mysterio
394 1695 539 1761 accipient,
568 1708 624 1746 mom
643 1693 776 1746 coelestem
789 1709 899 1760 partem,
917 1693 968 1748 eod

165 1768 300 1817 terrerum
314 1771 463 1832 promere,-
480 1779 536 1818 riom
550 1763 691 1831 Spiritum,
709 1764 757 1816 sed
770 1764 892 1831 ιιιιιιιος
909 1779 967 1820 riom

166 1833 222 1888 Dei
238 1835 377 1902 tenerem,
404 1836 452 1890 ced
475 1851 553 1890 ecam
576 1835 762 1901 ambitionem,-
779 1851 835 1888 mori
851 1836 967 1890 satutem

165 1906 329 1972 ammarum,
343 1907 391 1960 ced
405 1912 543 1974 οιιιιοιιιιοι
552 1908 732 1973 pecuniarum
737 1925 746 1972 ,·
764 1911 789 1960 et
804 1907 845 1959 ito
860 1905 968 1974 Corpore

166 1976 281 2030 Domini
304 1993 360 2033 mori
384 1983 440 2032 tam
465 1978 615 2044 accipient,
643 1993 724 2045 quom
742 1978 868 2044 reptem,
899 1978 968 2045 cete

167 2047 299 2102 accedunt
316 2065 371 2102 ιιοιι
389 2050 480 2102 ιοοιιι
496 2065 515 2102 ι
531 2047 600 2114 Deo,
625 2049 672 2104 aed
689 2049 800 2116 impete·
816 2065 835 2102 ο
852 2064 904 2102 suo
922 2065 968 2104 cu·

163 2118 283 2187 piditote
300 2125 326 2172 et
343 2121 471 2173 auaritia.

206 2188 278 2258 Quiri
305 2196 330 2244 et
352 2190 422 2244 iliud
441 2191 618 2258 peculiariter
641 2191 790 2244 carendum
808 2195 853 2256 eet,
882 2206 916 2244 me
935 2206 969 2246 ee

167 2260 226 2316 aolc
249 2261 368 2328 quadem
393 2262 475 2316 οιιιο
502 2268 527 2316 et
555 2262 677 2330 insipide
708 2261 900 2316 consuetudine
930 2261 970 2318 ad

167 2332 330 2396 sacrificium
348 2332 514 2399 offerendum
538 2333 664 2400 accedes,
690 2333 737 2386 sed
761 2333 892 2386 eeceieum
918 2334 968 2386 aii-
1041 2347 1042 2358 ²

168 2419 247 2472 quem
265 2409 290 2456 et
308 2403 442 2458 coetestem
458 2405 539 2470 finem
552 2405 604 2458 rui
615 2419 764 2472 proponas,
784 2404 877 2471 poclm
894 2409 967 2473 eremi,

168 2474 216 2542 qui
232 2480 396 2543 sequentum
421 2480 447 2530 1.
472 2476 528 2546 Dei
544 2491 670 2543 suprema
697 2474 969 2530 temerariorum.

167 2549 194 2599 2.
205 2543 388 2600 Sanctorum
376 2563 405 2600 m
414 2547 492 2600 coelio
499 2553 689 2600 commotorum
695 2547 821 2616 redemero
830 2562 969 2602 memorem

167 2619 193 2670 3
219 2617 394 2672 Peccatorum
416 2619 495 2672 ιιιιια
521 2623 601 2685 atque
625 2619 754 2672 remisero.
787 2621 812 2670 4.
832 2617 971 2684 Propriae

167 2687 502 2753 infirmitatiseudeidiem.
521 2691 545 2742 5.
563 2689 848 2743 Terrteiiomsemotio.
868 2691 893 2742 6.
908 2689 968 2742 Aii-
1040 2707 1041 2714 ¹

132 2777 144 2807 ο
168 2760 246 2814 cuiue
273 2760 338 2814 boni
361 2761 494 2828 speritate
520 2761 682 2828 impetratio.
716 2763 741 2814 7.
767 2759 823 2813 Pro
851 2761 971 2828 accepire

167 2831 224 2887 Dei
247 2830 326 2886 domic
342 2832 496 2901 pretiorum
520 2832 600 2888 ectio.
637 2835 663 2886 8.
681 2831 826 2888 Amicitiam
844 2831 970 2888 rivorum
1039 2907 1040 2910 Ἴ
