2108 3226
155 159 198 204 ldl
242 165 322 204 Preces
335 163 359 202 ln
373 163 499 204 vlsitatlone
513 162 547 208 Sd,
561 162 696 203 §sommam
708 162 872 212 persolvendae.

187 265 209 320 0
229 264 379 321 dulcissime
398 266 471 335 Jesu,
491 265 537 332 qui
558 279 622 319 vere
641 265 685 319 hic
705 265 822 320 esDens
838 263 954 320 abscon·

153 336 238 392 ditus!
258 337 375 392 concede
392 337 465 406 mihi,
484 352 593 405 quaeso,
613 352 681 403 quae
695 337 744 391 tibi
756 337 871 404 placent,
891 336 952 390 dili-

153 417 247 477 genter
255 416 282 463 et
291 408 618 476 ardenterconcnpiscere‚
625 407 951 476 prudenterinrestigare,

154 480 287 534 veraciter
300 495 445 548 agnoscere
459 487 487 534 et
499 479 617 547 perfecte
637 478 781 546 adimplere
796 478 830 532 ad
843 478 953 540 laudem

156 558 184 605 et
200 551 312 620 gloriam
329 551 442 606 nominis
464 552 512 605 tui.
549 549 613 604 Vias
636 557 697 604 tuas
715 549 870 604 demonstra
886 550 955 604 mihi

49 627 61 650 '
94 681 97 686 ,
155 629 183 677 et
201 623 309 678 semitas
327 631 388 676 tuas
407 621 489 677 edoce
507 637 567 686 me;
590 620 662 688 quod
680 637 697 676 a
714 636 756 675 me
773 620 889 688 requiris
906 621 956 674 tri·

155 693 216 763 bne,
235 701 265 748 ut
279 695 368 762 sciam,
383 701 410 748 et
423 692 458 747 da
470 693 588 760 exsequi,
603 693 671 747 sicut
682 699 789 760 oportet
802 699 830 746 et
843 691 955 760 expedit
1050 749 1051 780 ᾖ

155 765 260 818 animae
273 779 358 822 meae.
393 764 437 818 Da
449 765 515 818 mihi
535 764 647 832 gratiam
664 779 718 818 non
732 762 870 816 deficiendi
883 763 956 817 inter

155 851 287 904 prospera
305 843 332 890 et
350 834 471 903 adversa,
497 849 531 888 ne
558 835 671 889 extollar
688 835 717 888 in
733 835 795 903 illis,
818 849 888 888 neve
907 833 954 888 de·

155 907 256 976 primar
273 907 309 958 in*
319 906 386 961 istis.
421 906 465 960 De
490 907 564 960 nulla
580 921 611 960 re
636 905 760 974 gaudiam
778 906 822 959 vel
840 904 959 974 doleam,
1050 955 1051 968 ,

156 978 208 1032 nisi
222 992 290 1044 quae
305 976 385 1030 ducat
397 977 432 1030 ad
444 984 480 1044 te,
494 978 539 1032 vel
553 976 667 1031 abducat
681 993 698 1030 a
710 983 753 1044 te3
767 977 833 1030 nulli
845 976 954 1044 placere

156 1055 290 1116 appetam,
308 1049 352 1101 vel
373 1047 514 1116 displicere
527 1049 643 1118 timeam,
665 1048 717 1102 nisi
730 1048 779 1102 tibi
792 1047 851 1104 soli.
881 1047 954 1102 Vile·

156 1126 233 1175 soant
245 1119 412 1182 mihiomnia
424 1120 579 1175 transitoria
592 1126 703 1188 propter
720 1125 756 1189 te,
776 1126 803 1173 et
821 1134 884 1172 cara
901 1119 956 1174 sint
986 1175 989 1178 .

155 1190 220 1250 mihi
238 1190 327 1244 onmia
343 1198 391 1244 tua
409 1197 436 1244 et
453 1197 491 1258 tu,
518 1191 554 1244 mi
570 1191 654 1259 Deus,
672 1190 732 1258 plus
752 1205 831 1258 quam
849 1189 953 1244 omnia!

156 1260 277 1315 Taedeat
294 1276 336 1315 me
355 1261 453 1329 gaudii,
473 1261 546 1328 quod
568 1269 609 1317 est
636 1263 755 1330 sinete,
780 1276 829 1314 nea
848 1261 954 1329 cupiam
1050 1319 1051 1326 ,

156 1331 269 1400 aliquid,
295 1332 368 1399 quod
386 1339 428 1386 est
446 1341 523 1386 extm
540 1339 582 1402 te;
601 1332 715 1387 delectet
732 1347 774 1386 me
792 1331 884 1402 labor,
908 1333 954 1399 qui

157 1409 266 1471 est'pro
284 1410 326 1472 te,
352 1410 380 1458 et
396 1403 519 1458 taediosa
536 1404 571 1459 sit
588 1404 653 1457 mihi
671 1404 755 1458 omnis
774 1404 865 1472 quies,
884 1418 954 1470 quae

156 1489 210 1528 non
228 1481 269 1529 est
286 1475 315 1527 in
332 1481 368 1528 te.
403 1475 448 1528 Da
465 1476 537 1543 mihi,
557 1476 656 1530 obone
670 1475 745 1544 Jesu,
764 1475 885 1544 matiam,
908 1490 955 1529 cor

156 1560 244 1600 meum
262 1545 417 1614 frequenter
434 1545 469 1601 ad
485 1553 513 1600 te
532 1545 670 1614 dirigendi,
689 1547 778 1600 omnia
795 1547 824 1599 in
842 1546 955 1600 caritate
1050 1585 1051 1590 κ

156 1616 279 1687 faciendi,
298 1618 374 1685 quasi
389 1625 522 1672 mortuum
539 1617 682 1685 reputandi
700 1616 829 1684 quidquid
847 1616 883 1671 ad
900 1617 955 1672 cul·

156 1696 214 1742 tum
230 1695 306 1742 tuum
323 1706 377 1744 non
394 1690 519 1757 pertinet,
538 1689 656 1743 actiones
670 1703 743 1742 meas
765 1704 819 1743 non
840 1702 874 1742 ex
892 1703 955 1742 con·

157 1759 297 1814 suetudine
324 1759 485 1828 peragendi,
511 1759 559 1814 sad
583 1759 680 1813 devote
704 1758 738 1813 ad
761 1766 788 1813 te
814 1758 953 1827 dirigendi.

156 1830 213 1884 Fac
232 1847 274 1884 me
288 1832 414 1888 humilem
428 1833 484 1886 sine
503 1830 619 1899 fictione,
641 1831 754 1884 hilarem
769 1830 826 1884 sine
841 1829 955 1885 dissolu·

156 1901 237 1970 tione,
246 1903 349 1959 tristem
360 1903 416 1956 sine
424 1901 580 1970 deiectione,
591 1908 722 1955 matritum
731 1903 788 1956 sine
799 1902 954 1982 asperitate,

157 1986 281 2026 veracem
299 1974 355 2028 siue
374 1972 538 2042 duplicitate,
556 1980 583 2027 te
601 1973 737 2026 timentem
756 1973 813 2027 sine
827 1971 955 2040 despera·

156 2043 238 2110 done,
247 2044 275 2096 in
284 2050 312 2098 te
322 2051 475 2111 sperantem
484 2045 540 2099 sine
547 2044 772 2111 praesumptione,
783 2043 954 2098 obedientem

157 2113 215 2168 sine
240 2115 464 2184 contradictione,
483 2116 629 2183 patientem
652 2115 709 2169 sina
735 2116 953 2169 murmuratione.

156 2184 201 2238 Da
217 2186 282 2238 mihi
300 2187 388 2254 etiam,
407 2186 557 2240 dulcissime
575 2187 650 2252 Jesu,
676 2202 722 2241 cor
739 2187 861 2255 pervigil,
880 2185 954 2253 qnod

157 2255 230 2309 nulla
244 2264 299 2310 ate
314 2256 429 2311 abducat
442 2259 548 2311 curiosa
561 2257 687 2324 agitati03
703 2257 738 2311 da
751 2273 797 2311 cor
809 2257 954 2325 immobile,

157 2325 229 2392 quod
246 2327 319 2380 nulla
337 2327 462 2382 deorsum
479 2329 569 2382 trahat
587 2327 696 2396 indigna
716 2327 836 2395 affeeti03
862 2327 896 2380 da
914 2329 954 2382 in·

157 2397 264 2466 victum,
282 2397 354 2466 quod
367 2399 441 2452 nulla
458 2398 564 2467 frangat
577 2398 622 2452 vel
638 2397 734 2466 fatiget
749 2399 900 2466 tribulatio;
919 2399 956 2454 da

156 2467 277 2536 liberum,
296 2469 368 2536 qnod
381 2469 455 2524 nulla
468 2471 518 2524 sibi
531 2469 649 2524 vindicet
660 2470 779 2524 violenta
795 2468 955 2538 delectati03

158 2537 193 2591 da
210 2549 319 2608 rectum,
340 2539 412 2608 qnod
429 2542 502 2594 nulla
520 2556 642 2596 seorsum
658 2541 777 2609 obliquet
789 2541 899 2595 sinistra
915 2541 956 2594 in·

157 2609 250 2664 tentio.
286 2611 398 2680 Largire
423 2613 488 2666 mihi
505 2613 667 2666 intellectum
690 2619 718 2666 te
741 2619 956 2681 cognoscentem,

157 2678 321 2748 diligentiam
340 2690 367 2736 te
386 2690 572 2751 quaerentem,
597 2683 755 2750 sapientiam
772 2690 800 2736 te
818 2683 956 2751 invenien-

157 2757 219 2819 tem,
239 2755 468 2809 conversationem
487 2755 537 2808 tibi
549 2755 706 2822 placentem,
725 2754 955 2822 perseverantiam
1050 2765 1051 2776 ¹

69 2817 76 2832 ⁸
156 2828 183 2875 te
202 2822 318 2878 fideliter
335 2831 548 2894 exspectantem,
576 2823 699 2880 fiduciam
722 2833 749 2879 te
767 2823 881 2878 feliciter
898 2840 955 2880 am-
