2138 3226
135 171 177 216 248
306 176 340 216 Da
353 177 499 217 celebratione
513 175 549 220 88.
564 175 645 216 unare
659 176 768 220 mnndi.

136 279 301 336 solummodo
311 280 404 335 Oratio
414 279 494 336 tertio
507 279 567 334 loco
577 279 674 347 posita.
691 277 787 345 (Rada
795 295 855 348 yar.
864 278 941 336 Μιε-

135 351 202 405 sulse
218 351 275 406 lx.
293 354 368 406 2-7
385 357 410 406 et
427 351 456 406 8.
469 351 504 406 R.
520 349 549 406 O.
569 353 611 404 15.
626 349 699 417 seps
712 352 803 417 1736.)

174 422 201 492 d)
221 423 356 491 Tempore
365 423 502 478 Passionis
512 421 641 476 inMissis
652 421 790 476 ferialibus
799 422 819 489 1)
829 421 943 478 etinfra

136 499 245 550 octavas
268 494 390 550 Paschae
414 501 449 548 et
465 494 535 548 Pent
523 499 640 548 tecostes
668 491 736 546 dnae
764 499 868 548 tantum
893 493 936 548 di·

135 571 231 619 cuntur
248 564 398 630 Orationes,
416 581 529 633 qnorum
547 563 664 619 secunda
682 569 724 618 est
740 563 935 620 Ειοιιιιιιινθι

130 637 260 705 ριαροΡ
261 637 364 707 o.-2)
330 637 519 691 -Dominica
532 635 683 690 Palmarnm
702 641 730 689 ct
745 635 911 690 Dominica
902 653 936 692 m

130 651 260 776 Albiaap
237 724 341 762 necnon
358 707 387 762 in
399 707 497 776 vigiliis
508 707 663 762 Nasutatis
674 706 783 760 Domini
796 713 824 761 et
834 707 938 762 Pente·

135 785 223 834 costes
241 795 295 832 una
312 785 415 833 tantum
436 778 533 832 dicitnr
552 777 653 845 Oratio,
679 784 707 832 et
727 777 827 832 debent
846 777 935 834 omitti

135 848 276 905 Orationes
291 863 308 903 a
323 849 467 917 Superiora
480 849 636 919 imperatae.
655 877 690 888 -
702 848 849 904 Dominicis
861 848 935 906 inira

133 926 243 975 octavas
264 919 296 974 fit
317 926 421 975 tantum
445 920 659 975 commemoratio
685 925 796 975 octavae
819 927 848 975 et
868 919 934 976 festi
1032 953 1038 962 ·

132 992 259 1074 simplicis
272 990 342 1046 forte
354 991 526 1062 occurrentis,
545 991 593 1046 sed
605 991 747 1047 Orationes
765 991 799 1046 de
809 998 935 1060 tempore

133 1068 373 1202 omiiulliinirrnmero
384 1132 541 1188 Orationum
558 1149 613 1188 non
625 1131 778 1188 referuntur
787 1132 934 1190 Orationes

131 1205 314 1274 praescriptae
332 1205 366 1260 ab
381 1204 531 1273 Ordinario,
549 1219 638 1272 neque
658 1203 751 1259 Oratio
765 1203 798 1258 ds
811 1205 933 1260 Venera-

130 1275 179 1329 bili
196 1275 224 1329 in
243 1276 335 1332 Missis
352 1291 443 1331 coram
469 1276 593 1344 exposito
625 1275 674 1331 SS.
692 1275 873 1330 Sacramenta
893 1305 929 1316 --

131 1346 164 1400 In
180 1345 267 1402 Missa
283 1361 449 1416 quocumque
468 1347 547 1403 modo
566 1352 673 1402 conata
691 1345 724 1400 de
742 1345 811 1402 festo
830 1347 932 1415 duplici

54 1445 56 1452 v
130 1417 166 1472 H.
185 1418 367 1476 cLomittitur
383 1419 599 1474 commemoratio
618 1418 752 1486 simplicis,
772 1431 841 1485 quae
852 1418 933 1473 iuxta

131 1489 264 1544 rubricam
282 1489 313 1544 fit
329 1491 357 1545 in
376 1490 467 1545 Missis
486 1490 599 1558 privatis
612 1496 723 1543 tantum.
743 1488 784 1556 (S.
801 1489 840 1552 R,
858 1488 886 1544 0.
901 1491 930 1549 8.

130 1560 201 1630 Aps·
220 1565 347 1618 1808.t
320 1569 347 1618 et
366 1564 390 1616 7.
406 1560 479 1629 Sept.
493 1563 582 1628 1816.)
616 1560 690 1614 ldem
707 1560 781 1615 valet
798 1561 826 1614 in
843 1559 932 1616 Missa

132 1632 301 1689 conventuali
325 1634 383 1688 sine
409 1639 496 1703 cantu,
528 1631 577 1687 sed
605 1631 676 1686 lecta
699 1647 716 1686 a
741 1631 930 1688 communitate

131 1703 267 1773 religiosa
287 1703 380 1772 (SR.
401 1674 719 1771 deauratarum.)

165 1721 210 1844 figi
207 1776 274 1832 Oum
291 1774 414 1830 dicuntur
432 1775 524 1843 plures
544 1774 693 1843 Orationes,
719 1780 747 1828 et
764 1789 818 1828 una
836 1771 932 1828 Oratio

132 1845 227 1900 eadem
244 1847 280 1902 sit
297 1863 357 1900 cum
375 1847 428 1901 aha
436 1846 535 1900 ibidem
549 1845 668 1914 dicenda,
686 1815 780 1900 Oratio
790 1842 932 1910 eiusmodi,

131 1915 178 1970 illa
196 1917 304 1985 scilicet,
323 1932 392 1985 quae
406 1917 501 1972 eadem
515 1923 564 1986 est,
582 1933 637 1972 non
658 1916 736 1985 aliae,
754 1921 935 1970 commutetur

132 2003 192 2042 cum
210 1987 264 2042 alia
280 1987 315 2042 de
334 1988 473 2044 Communi
486 1989 530 2043 vel
541 1987 665 2057 Proprie,
684 2003 753 2055 quae
771 1985 933 2044 s1td1varsa.

150 2128 173 2181 ¹)
188 2129 216 2170 In
230 2129 306 2170 sileris
320 2129 441 2177 ronanam,
455 2139 512 2178 quas
526 2129 657 2178 contingunt
669 2139 684 2168 a
697 2128 761 2168 Dom.
774 2127 888 2168 Passionis
903 2128 933 2168 ad

184 2193 262 2234 seriam
275 2195 301 2239 V.
315 2195 339 2234 ln
352 2194 425 2234 Ooons
438 2194 534 2242 Domini,
548 2205 597 2234 oum
607 2193 710 2233 obvenlat
723 2193 824 2232 iactanda
838 2203 933 2232 comme-

184 2259 280 2299 moratio
293 2259 411 2309 simplicis,
435 2260 555 2300 omittenda
573 2261 608 2300 est
628 2257 696 2299 tertia
709 2257 796 2307 Oratio,
820 2267 876 2308 quae
890 2268 934 2307 pro

184 2323 282 2364 secunda
300 2325 427 2374 assignatur
447 2325 471 2364 in
494 2324 587 2365 Mluali.
620 2323 650 2374 (S.
665 2324 691 2364 a.
707 2323 729 2366 0.
742 2323 779 2367 22.
793 2323 845 2364 Not.
858 2321 935 2375 1659.)

151 2386 172 2444 ²)
188 2389 211 2430 Si
229 2391 368 2439 praescripta
387 2390 416 2430 ιιι
436 2390 512 2430 Oratio
530 2401 572 2440 pro
592 2389 679 2428 cocleae
707 2388 742 2428 vel
764 2401 806 2440 pro
825 2389 886 2438 Papa
904 2398 933 2428 eo

183 2455 293 2504 tempore,
314 2464 358 2503 qno
371 2454 479 2496 alterutra
492 2455 558 2494 slmul
571 2455 594 2494 ln
608 2454 677 2494 Missa
691 2454 733 2494 dici
748 2455 825 2503 debet,
844 2463 935 2502 semper

185 2519 276 2560 dicenda
290 2524 323 2561 eat
335 2523 438 2570 utraque,
456 2521 496 2571 lta,
515 2523 540 2560 nt
558 2531 602 2560 non
621 2521 693 2570 possit
711 2520 815 2560 satisfieri
828 2519 935 2560 rubricas

185 2588 207 2626 ot
223 2589 341 2636 praecepto
365 2587 486 2636 superioris
508 2598 547 2636 par
565 2587 635 2626 oolam
654 2586 780 2626 Orationem
800 2598 840 2636 pro
862 2586 934 2636 Papo.

185 2651 214 2703 (S.
228 2653 254 2693 R.
269 2654 291 2696 O.
304 2653 342 2694 23.
357 2654 413 2694 Moti
428 2653 501 2703 1835.)
522 2675 545 2683 -
567 2653 657 2701 Quando
675 2654 698 2694 ιιι
719 2653 788 2694 Missa
804 2653 934 2702 perplures

184 2719 231 2758 dieo
245 2718 321 2760 Oratio
341 2720 447 2760 Ειιιιιιιιι
460 2721 495 2760 vel
506 2733 547 2770 pro
560 2721 619 2770 Papo
632 2720 773 2770 assignatur,
798 2723 851 2760 tunc
864 2720 935 2761 altar·

184 2787 262 2835 satim,
276 2787 360 2826 scillcet
373 2797 419 2826 nna
432 2786 468 2826 dle
481 2787 597 2836 Maiae,
610 2786 682 2826 altera
695 2796 748 2826 varo
759 2797 801 2836 pro
813 2787 876 2836 Papo
889 2787 934 2828 dlcl

185 2853 293 2892 convenit.
356 2863 360 2870 ’
