2106 3228
139 145 154 190 8
412 148 531 190 Meditandi
545 149 668 192 motbcdus.

142 250 205 306 dum
223 250 280 306 sive
307 250 533 320 ratiocinandum,
561 251 656 319 hisque
681 249 759 320 proin
777 249 942 306 discursibus

142 323 198 378 sive
217 322 462 378 ratiocinationibus
480 323 650 377 voluntas
669 321 703 376 ad
720 322 810 376 varios
828 321 941 378 affectus

143 394 254 448 excitari
263 394 357 462 possit.
385 395 526 449 Itaautem
537 394 703 448 memoria
721 393 881 461 applicanda
890 401 940 463 est,

142 472 180 534 ut,
199 465 223 520 si
240 465 406 520 meditationi
420 465 561 534 proposita
579 473 621 522 est
638 465 779 533 sententia,
804 471 832 519 et
849 463 943 519 andia-

142 552 201 592 mus
220 536 332 590 eandem
342 537 420 591 nobis
435 535 494 605 dici,
508 544 536 591 et
549 542 649 591 attente
663 536 740 591 nobis
752 550 943 605 proponamus,

143 608 265 674 quisnam
283 607 328 662 ille
348 609 395 673 sit,
415 609 460 675 qui
478 609 531 662 boc
550 607 629 676 dicat,
648 614 751 662 attenta
768 606 836 660 bane
854 607 944 662 cuius·

142 679 209 733 libet
225 679 299 735 vocis
317 677 525 748 significatione3
544 679 567 733 si
584 694 650 733 vero
663 679 775 732 materia
793 677 945 733 meditatio·

143 751 185 804 nis
204 751 239 808 sit
255 765 300 804 res
318 757 402 818 geste,
421 758 525 818 partem
537 749 656 804 eiusdem
668 751 696 804 in
706 765 759 804 uno
768 756 867 818 puncto
880 764 944 804 con·

144 827 245 876 tentam
264 837 322 876 cum
342 821 464 877 omnibus
473 822 684 889 circumstantiis,
703 815 772 889 quae
789 821 828 874 illi
843 821 945 891 insunt,

145 899 247 946 attente
276 891 402 948 debemus
428 892 596 952 considerare
626 893 756 959 nobisque
782 907 946 960 proponere,

146 964 317 1031 quaestiones
335 963 470 1018 iaciendo:
490 963 549 1031 quis
567 963 619 1018 hoc
637 962 721 1017 feeit?
745 962 828 1030 quid?
847 962 945 1030 quibus

147 1033 273 1100 auxiliis?
297 1035 365 1088 our?
391 1034 543 1103 quomodo?
563 1033 690 1101 quando?
727 1034 779 1088 Ubi
796 1033 855 1088 lieri
874 1048 946 1088 com-

145 1104 224 1158 mode
242 1112 341 1174 potest,
358 1105 387 1159 in
404 1107 455 1160 hac
464 1107 609 1160 memoriae
628 1105 806 1174 applicatione
824 1105 947 1160 eliciatur

147 1183 222 1231 aetus
240 1175 303 1230 fidei
322 1177 393 1231 circa
408 1178 549 1232 veritatem
564 1177 609 1232 vel
617 1177 756 1232 historiam
770 1176 946 1246 propositam.

147 1275 182 1286 -
199 1248 346 1314 Postquam
363 1263 407 1302 res
425 1248 579 1302 meditanda
596 1248 667 1303 dicto
685 1247 765 1302 modo
783 1247 865 1302 menti
882 1262 947 1313 pro-

146 1318 236 1386 posita
245 1326 294 1388 est,
305 1326 450 1387 sequentur
457 1328 532 1374 aetus
544 1319 759 1387 intellectus,
769 1319 844 1373 cuius
852 1325 948 1386 partes

147 1396 218 1459 sunt,
236 1389 325 1445 varias
343 1389 503 1446 reflexiones
522 1406 603 1459 super
619 1391 732 1444 veritate
751 1390 795 1444 111
811 1405 841 1444 re
860 1397 947 1460 gesta,

149 1476 216 1528 quas
234 1461 362 1516 memoria
379 1463 527 1532 proposuit,
546 1461 643 1531 iacere,
664 1461 724 1516 illas
743 1460 778 1514 ad
796 1476 845 1515 nos
863 1462 949 1530 ipsos,

147 1539 307 1601 nostrasque
325 1534 499 1590 necessitates
518 1534 662 1602 applicare,
683 1531 864 1586 conclusiones
883 1548 947 1600 pra-

148 1603 230 1658 cticas
244 1604 306 1658 inde
316 1603 457 1674 deducere,
472 1621 564 1660 earum
574 1605 675 1658 motiva
683 1602 833 1672 ponderare
846 1609 874 1656 et
884 1618 950 1657 con·

148 1674 276 1744 siderare,
295 1676 428 1744 quomodo
442 1676 587 1732 secundum
597 1676 664 1730 istas
680 1675 808 1730 11111111
817 1674 951 1731 haetenus

149 1761 200 1801 nos
208 1747 378 1817 gesserimus,
396 1747 464 1804 etin
478 1755 617 1817 posterum
631 1762 681 1802 nos
690 1761 785 1814 gerere
795 1745 951 1801 debeamus.

152 1816 399 1874 Commodissimum
418 1828 472 1888 est,
497 1817 619 1887 sibiipsi
640 1819 689 1872 bas
707 1817 752 1871 vel
769 1817 868 1872 similes
885 1832 952 1884 pro·

150 1903 252 1956 ponere
272 1891 456 1956 quaestiones:
478 1891 506 1944 10
525 1888 588 1957 quid
607 1888 640 1942 de
658 1889 709 1943 boo
724 1886 951 1956 (1111111111-

149 1959 212 2013 dum
230 1961 403 2028 proponitur,
428 1960 471 2014 vel
499 1960 571 2028 quod
595 1958 673 2014 modo
698 1959 827 2015 memoria
843 1966 950 2027 pertra-

150 2031 231 2099 ctavi)
246 2030 539 2086 estconsiderandum?
557 2031 587 2084 2⁰
603 2046 672 2099 quae
686 2031 820 2086 conclusio
830 2031 952 2097 practica
1050 2083 1051 2100 ,

149 2100 212 2156 inde
231 2109 273 2158 est
291 2101 466 2156 deducenda?
504 2103 533 2156 30
557 2118 626 2170 quae
644 2103 745 2156 motiva
766 2100 896 2155 inducunt
915 2101 952 2156 ad

149 2172 220 2226 hano
238 2173 431 2228 conclusionem
445 2175 590 2242 practicam
599 2173 777 2228 servandam?
798 2173 887 2241 (quam
904 2171 953 2226 de·

151 2243 233 2299 cens?
251 2244 336 2298 utile?
353 2245 517 2300 iucundum?
535 2246 715 2300 necessarium
723 2245 746 2312 1)
765 2243 795 2300 4⁰
815 2243 953 2311 quomodo

150 2313 179 2368 id
197 2315 326 2370 haetenus
345 2316 507 2371 1111111111
544 2316 573 2370 5⁰
592 2315 656 2383 quid
679 2317 708 2369 in
730 2321 867 2383 posterum
884 2315 955 2370 milri

150 2385 322 2440 faciendum?
342 2388 371 2440 60
383 2387 461 2455 quale
470 2387 688 2456 impedimentum
697 2386 782 2441 debeo
792 2386 954 2440 removere?

152 2458 182 2510 7⁰
201 2457 279 2524 quale
297 2457 412 2513 medium
431 2458 515 2514 debeo
535 2458 684 2512 adhibere?
720 2457 764 2512 Ad
782 2456 955 2511 excitandum

151 2528 180 2582 in
194 2527 324 2596 frigidiori
344 2529 465 2585 discursu
484 2531 598 2584 animum
616 2529 704 2598 faciet,
728 2529 751 2584 si
770 2527 957 2596 expendamus

155 2601 184 2652 1⁰
202 2599 266 2668 quid
284 2600 342 2656 abis
360 2602 389 2655 in
405 2601 476 2656 malo
495 2601 685 2670 pertinacibus,
704 2607 751 2654 aut
769 2600 849 2654 etiam
867 2600 956 2655 amico

152 2670 205 2724 bac
222 2671 250 2724 in
267 2686 297 2726 re
315 2688 365 2727 nos
383 2673 531 2729 consulenti
549 2673 662 2740 suasuri,
680 2671 828 2740 quibusque
842 2671 956 2726 rationi·

152 2742 205 2797 bus
224 2741 258 2796 ad
276 2743 383 2800 virtutis
401 2744 517 2801 studium
535 2759 595 2798 enm
612 2742 746 2798 inducturi
763 2757 897 2809 essemus3
923 2743 957 2796 2⁰

154 2813 219 2881 quid
236 2814 265 2870 in
282 2823 368 2872 morte
387 2823 467 2885 atque
485 2817 545 2885 ipso
564 2815 729 2870 aeternitatis
747 2811 821 2868 aditu
838 2813 958 2869 velimus
