2098 3222
203 247 318 286 Vornrulae
332 247 420 295 petendi
434 248 507 287 verim
520 247 639 288 facultates
654 251 675 287 et
689 251 780 298 gratias.
853 246 893 290 set
933 257 941 270 ·

91 345 210 402 lessione
234 347 317 401 semel
343 348 372 402 in
395 362 486 403 mense
511 363 561 416 per
578 355 684 416 tempus
703 350 812 404 arbitrio
830 365 891 406 meo

94 417 264 473 statuendum
288 425 316 472 et
332 426 437 474 remota
461 420 570 488 praevie
589 419 725 474 recidendi
744 421 891 492 occasione,

89 490 133 544 ius
151 489 277 544 amisum
296 487 475 556 dispensando
494 491 662 560 restituendi,
683 498 733 546 cte.

91 624 133 668 2⁰.
155 618 280 664 Formula
294 619 400 674 petendi
419 619 625 676 dipensationem
639 632 655 666 a
669 632 746 666 sacra
760 620 896 667 Poenlten·

106 679 189 756 titurio¹
203 696 284 740 super
297 684 481 740 impedimento
495 685 598 730 occulto
616 687 676 740 post
689 680 882 732 Matrimonium

349 751 465 796 invalide
477 755 646 797 contractum.

164 831 381 890 Eminentissime
400 848 431 886 ac
449 832 681 888 Reverendissime
699 831 826 888 Domine!

41 949 44 953 .
127 903 280 974 Exponitur
297 904 431 959 humiliter
443 904 611 959 Eminentiae
621 904 735 959 Vestrae
753 911 892 972 procerte

92 973 185 1028 devoti
202 975 290 1042 Ipsius
310 973 430 1030 Oratoris
449 975 521 1044 Titii,
540 974 613 1044 quod
630 976 697 1043 ipse,
724 975 790 1030 alias
803 975 891 1043 impe-

93 1044 203 1100 dimenti
220 1046 408 1112 conscius(er
424 1047 548 1114 iquorem)
563 1046 763 1100 Matrimonium
780 1045 890 1102 infacic

91 1116 221 1170 ecclesiae
240 1117 403 1170 contraxerit
416 1124 443 1170 et
457 1119 679 1172 consummaverit
697 1133 757 1170 cum
770 1116 889 1186 muliere,

92 1187 168 1242 cuius
195 1201 314 1241 sororem
340 1187 392 1254 (cet
415 1193 535 1255 matrem,
557 1194 643 1256 prout
669 1190 769 1242 ceritas
794 1189 890 1257 accipit)

92 1264 173 1312 antea
191 1257 333 1310 carnaliter
352 1265 530 1326 cognoverat,
549 1275 608 1312 cum
621 1265 710 1313 autem
724 1259 810 1314 dictus
825 1258 891 1314 Ora·

90 1335 135 1383 tor
154 1328 188 1382 ob
207 1327 341 1393 affinitatis
350 1328 568 1396 impedimentum
582 1345 616 1383 ex
630 1329 706 1384 dictis
719 1331 890 1400 proveniens,

91 1398 165 1467 quod
183 1399 314 1452 oecultum
333 1406 381 1468 est,
400 1400 427 1453 in
446 1399 658 1455 eoMatrimonio
677 1416 815 1456 remanere
835 1418 890 1456 uon

90 1470 177 1538 possit
196 1470 296 1537 absque
315 1469 392 1524 Sedis
406 1471 576 1538 Apostolicae
595 1470 802 1539 dispensatione,
822 1479 849 1526 et
868 1472 893 1527 si

88 1541 235 1596 divortium
250 1541 320 1595 inter
334 1556 381 1596 eos
394 1540 479 1611 fieret,
499 1541 625 1596 scandala
638 1542 734 1596 exinde
746 1543 887 1612 orirentur,

89 1612 164 1680 cupit
182 1628 199 1665 a
216 1611 379 1680 praemissis,
399 1611 432 1666 de
450 1613 546 1680 quibus
565 1628 666 1668 summe
684 1612 765 1682 dolet,
785 1613 889 1668 absolvi

91 1689 120 1737 et
146 1698 236 1738 secum
263 1698 344 1751 super
367 1683 556 1751 impedimento
582 1683 616 1737 ad
642 1682 832 1738 remanendum
859 1685 888 1740 in
912 1695 914 1699 ·

7 1761 8 1764 ’
90 1753 163 1808 dicto
181 1754 353 1817 Matrimonio
372 1754 528 1824 dispensari,
549 1756 586 1822 (ai
598 1756 690 1822 proles
703 1771 736 1809 ecc
755 1771 784 1808 ac
802 1771 888 1808 eacce-

7 1839 8 1894 j
87 1829 141 1894 pta
159 1827 201 1894 ait,
221 1824 366 1892 addetum)
377 1827 532 1894 prolemque
550 1827 700 1894 legitimari.
721 1825 809 1894 Quare
818 1826 892 1880 Emi·

7 1905 8 1918 ¹
91 1896 200 1950 nentiae
219 1897 332 1951 Vestrae
352 1903 411 1968 etc,
429 1903 461 1951 ot
478 1913 571 1966 capra.

7 2037 8 2062 ³
102 2043 141 2085 21.
161 2037 285 2083 Mormnla
298 2037 403 2092 petendi
417 2037 635 2094 dispensationem
649 2039 677 2084 ln
690 2039 750 2084 roro
764 2041 873 2084 externo

90 2104 126 2150 ab
136 2103 263 2158 episeopo
273 2103 316 2148 vel
326 2103 423 2148 Nuntio
435 2104 468 2148 ad
478 2103 670 2149 Matrimonium
681 2105 893 2150 contrahendum.

165 2183 398 2238 Reverendissimo
417 2190 445 2237 et
462 2183 642 2238 Illustrissime
669 2184 721 2249 (ccl
740 2183 892 2238 Celsissime

7 2237 8 2266 ¹
84 2260 173 2326 prout
190 2255 311 2324 dmitos
325 2267 459 2322 pascuae
477 2255 569 2324 accipit)
590 2254 723 2309 Domine!
844 2303 850 2309 .

127 2327 280 2394 Exponitur
297 2325 548 2380 Reverendisaimae
560 2325 691 2394 Dignitati
708 2324 759 2391 (cei
781 2323 891 2379 Octodu-

90 2397 162 2464 aar)
181 2397 295 2452 Vestrae
314 2413 363 2465 pro
382 2404 458 2464 parte
477 2396 634 2452 devotorum
646 2397 734 2464 lpsius
748 2393 891 2452 Oratorem

90 2469 169 2524 Pauli
181 2469 216 2525 N.
235 2476 263 2522 et
282 2467 471 2536 Margarethae
492 2467 525 2522 N.
541 2467 671 2522 dioecesis
685 2467 728 2535 N,
747 2468 892 2534 parochiae

89 2539 137 2607 N,
155 2540 228 2606 quod
245 2539 309 2594 dicti
328 2539 455 2594 Oratores
484 2538 652 2594 orthodoxae
675 2537 738 2592 fidei
763 2539 889 2608 cultores,

90 2623 155 2663 vere
173 2625 307 2678 pauperes
325 2627 357 2664 ac
373 2610 548 2678 miserabiles,
566 2611 720 2678 ignorantes
739 2608 789 2678 (ccl
805 2611 892 2663 actea

7 2733 8 2740 ,
90 2682 141 2746 tea)
162 2681 232 2735 inter
250 2696 279 2735 se
298 2681 464 2736 intercedere
482 2680 699 2748 impedimentum
714 2682 751 2748 (c.
763 2697 789 2749 p.
800 2681 892 2748 publi·

7 2746 10 2814 ἔ
90 2767 138 2806 cae
152 2751 309 2820 deamicitia,
329 2752 572 2821 couoauyaiaitutc's
590 2753 621 2805 to
639 2752 775 2806 tertiaeet
793 2755 891 2818 quarto

86 2821 201 2894 modu),
220 2823 357 2890 sponsalia
371 2823 561 2893 contraxerint,
580 2831 661 2891 atque
675 2822 843 2878 familiariter
851 2822 892 2874 in-

87 2903 133 2952 ter
151 2908 180 2952 se
199 2895 351 2949 conversati
371 2895 424 2950 sint
445 2895 482 2961 (a
498 2895 534 2949 ot
559 2895 678 2964 capitio
704 2893 823 2962 ewalde,
843 2898 893 2948 aut
