2108 3226
214 181 302 220 Μαι
314 181 392 221 modus
405 181 510 222 visitandi
524 182 561 226 88.
572 182 744 224 Sacramentum.
841 181 882 226 lot

76 283 257 351 plectentem,
284 281 338 336 tuis
355 280 492 338 beneficiis
513 282 542 336 in
564 282 610 336 via
634 283 674 337 nti
692 299 743 353 per
761 286 881 358 gratiam,

78 361 105 407 et
122 352 235 408 tandem
261 352 366 421 gaudiis
392 354 447 408 tuis
468 354 498 406 in
521 368 589 421 pace
613 353 666 408 frui
690 370 739 423 per
763 357 882 424 gloriam.

78 425 175 480 Amen.
217 425 275 494 (Ex
293 426 416 478 madoco
433 423 461 480 S.
483 425 600 479 idoneae
616 426 771 494 semitiora.)

311 555 361 600 eu·
374 555 488 608 pasione·
501 555 525 600 8.
539 527 657 612 Anquaiini.

110 637 232 693 Domine
241 638 316 708 Jesu,
335 639 456 694 noverim
474 654 524 708 me,
544 640 667 693 noverim
679 646 716 709 te,
735 640 747 665 ⁴
765 638 823 694 Neo
835 640 882 695 ali·

78 709 145 777 qnid
165 709 272 778 cupiam
296 710 347 764 nisi
370 717 407 766 te.
425 713 437 738 ⁴
456 709 564 765 Oderim
588 725 630 765 mc
656 717 683 766 et
706 725 792 764 amem
815 718 851 782 te,
870 714 883 740 ⁴
946 767 952 776 ,

77 779 178 834 Omnia
203 796 282 848 agam
304 788 469 848 propterte.
488 785 500 810 ⁴
518 782 662 836 Humiliem
682 797 737 850 me,
767 783 883 837 exaltem

75 858 111 906 te.
131 855 144 880 ⁴
164 851 242 906 Nihil
255 853 369 919 cogitem
381 853 432 908 nisi
449 860 485 907 te.
500 854 512 878 ⁴
525 853 686 908 Mortificem
699 869 742 907 me
755 860 783 907 et
793 855 882 908 vivam

74 922 102 976 in
120 931 161 978 te.
180 926 193 950 ⁴
213 923 402 990 Quaecumque
416 925 548 992 eveniant,
571 925 698 993 accipiam
713 941 729 978 a
742 932 778 980 te.
792 928 803 952 ⁴
817 925 882 980 Pcr-

76 1009 179 1062 seqnar
197 1009 249 1062 me,
269 1001 417 1063 sequente,
437 996 448 1020 ⁴
470 994 635 1063 Semperque
652 1003 741 1064 optem
755 998 832 1064 sequi
844 1004 882 1052 te.

74 1068 86 1092 ⁴
99 1065 221 1133 Fugiam
234 1080 287 1133 me,
306 1065 457 1134 confugiam
470 1066 504 1120 ad
517 1073 553 1134 te,
573 1069 585 1092 ⁴
603 1067 640 1122 Ut
654 1083 759 1122 merear
773 1067 881 1124 defendi

75 1144 149 1194 ete.
181 1138 193 1162 ⁴
223 1136 343 1190 Timeam
360 1138 440 1206 mihi,
465 1138 631 1206 timeamus,
655 1142 668 1166 ⁴
691 1139 728 1194 Ut
745 1139 794 1193 dm
811 1140 882 1194 inter

75 1207 180 1262 electos
199 1223 217 1260 a
229 1214 265 1260 te.
279 1210 292 1234 ⁴
303 1207 427 1261 Diffidam
447 1209 519 1276 mihi,
537 1207 618 1262 fidam
638 1209 666 1263 in
686 1216 722 1264 te.
736 1211 749 1236 ⁴
763 1209 880 1265 Obedirc

74 1279 160 1333 velim
178 1283 292 1346 propter
316 1286 351 1334 te.
370 1280 382 1305 ⁴
401 1278 444 1333 Ad
461 1279 527 1332 nihil
546 1279 659 1348 afficiar,
685 1280 738 1335 nisi
762 1280 797 1335 ad
814 1289 850 1350 te,
868 1284 881 1310 ⁴

74 1348 112 1404 Et
130 1365 240 1418 pauper
258 1350 308 1404 sim
325 1357 489 1418 propterte.
509 1353 521 1377 ⁴
539 1351 638 1419 Aspice
656 1367 707 1421 me,
725 1358 756 1406 ut
773 1351 881 1421 diligam

75 1427 118 1492 te;
140 1419 250 1545 *AYnoca
263 1436 314 1491 me,
327 1428 358 1476 ut
370 1421 474 1476 videam
486 1428 522 1490 te,
539 1424 551 1448 ⁴
564 1423 602 1477 Et
614 1423 643 1476 in
656 1431 794 1478 aeternum
807 1423 882 1478 fruar

75 1498 111 1546 te.
207 1506 248 1545 en.

112 1561 336 1632 commendoms
354 1561 411 1631 tibi,
430 1578 446 1617 o
461 1561 531 1617 bone
545 1563 563 1618 J
564 1565 623 1618 esui
642 1563 713 1618 intra
725 1561 880 1618 mellifluum

75 1651 122 1690 cor
141 1641 220 1688 tuum
239 1633 372 1688 absconde
390 1649 441 1704 me,
459 1650 509 1688 uec
521 1635 646 1703 permitte
665 1650 707 1688 me
725 1635 846 1702 separari
864 1651 881 1689 a

74 1712 112 1762 te.
154 1705 197 1759 Sis
211 1705 276 1758 mihi
295 1705 322 1758 in
335 1705 391 1758 vita
410 1705 540 1774 solatium,
559 1706 586 1759 in
601 1712 687 1760 morte
701 1706 835 1775 viaticum,
852 1705 881 1760 iu

77 1777 241 1832 aetemitate
264 1775 419 1843 praemium.
456 1776 488 1830 ld
505 1791 572 1845 rogo
599 1783 627 1830 te
652 1792 701 1844 pro
723 1791 766 1830 mc
785 1783 813 1830 et
829 1792 879 1844 pro

77 1848 204 1912 omnibus
222 1845 350 1902 fratribus
369 1854 396 1901 et
414 1847 505 1902 amicis
523 1848 597 1916 meis,
616 1849 818 1918 perlacrymas,
837 1864 880 1903 su·

76 1918 172 1975 dorem
192 1924 220 1971 ct
239 1916 401 1986 Sanguinem
418 1925 500 1972 tuum.
536 1920 630 1973 Amen.

111 1987 235 2044 Benedic
253 1989 326 2058 mihi,
343 1989 457 2044 Domine
471 1989 546 2058 Jesu,
565 2006 625 2044 cum
637 1990 719 2044 Patre
738 1995 766 2044 et
787 1995 879 2044 sancto

77 2059 190 2131 Spiritu,
209 2060 372 2128 uberemque
386 2060 484 2128 largire
497 2062 610 2129 gratiam
621 2060 798 2129 amplectendi
812 2077 879 2115 sem-

74 2147 125 2200 per
145 2140 173 2186 et
191 2131 220 2184 in
248 2132 383 2200 omnibus,
411 2148 480 2184 nunc
505 2133 578 2187 etin
601 2132 670 2187 hora
691 2133 784 2187 mortis
806 2139 880 2186 tuem

77 2203 275 2258 sanctissimam
292 2203 464 2257 voluntatem.
500 2204 594 2257 Amen.
673 2269 675 2274 Α

132 2345 249 2402 Tertius
269 2343 367 2400 modu·
385 2343 513 2400 visitandi
527 2344 585 2400 ⁴88.
605 2344 825 2401 Sacramentum.

184 2477 253 2520 Actus
266 2474 433 2520 commotam·
445 2475 472 2518 ed
484 2473 648 2519 acutissimum
662 2489 700 2519 cor
713 2476 772 2520 duo.

113 2559 277 2613 Dulcissime
295 2558 370 2627 Jesu,
388 2556 451 2612 fons
465 2558 571 2626 amoris,
589 2565 667 2625 pater
686 2554 880 2611 misericordia·

81 2646 138 2684 rum
148 2637 177 2684 et
186 2629 262 2683 Deus
272 2629 354 2684 totius
368 2629 565 2697 consolationis,
576 2629 621 2696 qui
633 2627 782 2683 ineffabiles
792 2626 880 2682 cordis

81 2701 118 2755 tui
133 2700 242 2754 divitias
256 2700 333 2754 nobis
347 2699 450 2754 miseris
469 2707 496 2754 et
508 2699 622 2768 indignis
637 2700 742 2767 aperire
757 2696 880 2766 dignatus

82 2786 125 2841 es;
145 2787 197 2841 ego
211 2771 246 2825 N.
265 2772 293 2824 in
311 2773 456 2838 matianum
470 2769 601 2825 actionem
619 2786 671 2838 pro
690 2769 834 2823 innumeris
852 2769 880 2820 in

81 2858 122 2899 me
137 2851 298 2910 ceterosque
311 2843 432 2898 homines
447 2839 550 2897 collatis
563 2841 699 2897 beneficiis
714 2855 745 2894 ac
758 2851 880 2907 praeser-
