2128 3228
284 175 316 216 De
330 175 481 216 muctlonlbus
494 175 562 216 feriae
576 176 614 216 IV.
629 177 737 218 utrorum.
871 173 912 218 788

109 278 295 348 insacristia‚
323 278 368 333 vel
390 293 482 334 sacrae
504 278 627 346 imagini,
656 278 690 332 ad
714 279 797 333 altore
816 279 909 334 meius.

6 341 7 344 '
111 351 139 420 ιι)
153 319 295 404 Praecedit
309 350 410 418 primus
425 349 536 405 clericus
550 349 691 404 menibus
684 351 788 418 iunctis,
808 358 835 404 et
849 351 909 406 sub-

112 422 234 488 sequitur
251 421 398 504 celebrans,
416 428 488 476 teoto
507 421 594 489 capite
612 419 736 475 medius
729 428 799 475 inter
817 435 909 476 seeun-

113 492 177 546 dum
195 499 223 546 et
239 493 348 546 tertium
366 493 498 546 clericum.
536 493 572 574 6)
581 492 726 546 celebrans
744 498 807 545 ante
825 492 910 546 ultare

112 563 223 631 deponit
240 563 380 618 biretum
372 579 401 617 ιιι
419 567 513 618 nlanus
532 563 610 631 primi
624 562 720 629 clerici,
740 561 848 616 etfacit
866 561 910 617 de·

110 635 194 688 bitom
210 635 389 689 reverentiam
406 635 495 690 altari,
529 635 555 703 7)
585 633 713 690 Ascendit
731 633 829 702 altare,
857 649 910 688 me-

112 705 173 760 dius
190 706 261 760 iuter
283 706 428 761 secundum
446 712 474 761 et
491 707 600 760 tertium
623 705 761 772 clericum,
789 711 817 758 et
834 720 910 760 oscu-

112 777 184 831 latur
210 775 276 831 illud
301 778 329 831 in
350 776 446 832 medio.
483 777 509 846 8)
533 777 643 831 Interim
667 776 768 844 primus
791 775 910 842 clericus,

111 847 235 916 deposito
253 847 355 917 bireto,
381 847 543 917 discooperit
568 849 678 902 cineres.
716 847 742 916 9)
766 846 911 900 celebrans

113 918 217 974 accedit
242 917 277 973 ad
302 934 386 974 cornu
402 920 556 989 Epistolee,
585 926 613 974 et
637 934 671 973 ex
695 918 799 972 Misseli
816 919 911 972 recitet

111 1006 173 1046 cum
191 990 247 1045 suis
266 989 368 1045 clericis
386 990 568 1058 Antiphonem
586 989 704 1044 Emoddi
720 995 767 1047 etc.
805 991 850 1056 10)
868 989 910 1042 In·

111 1062 191 1117 terim
204 1061 305 1128 primus
315 1061 426 1116 clericus
440 1069 585 1130 praeparat
593 1061 758 1116 thuribulum
773 1060 910 1128 cumigne.

115 1133 159 1200 11)
180 1132 307 1199 Repetite
319 1131 474 1199 Antiphone
486 1132 610 1200 Emoddi,
625 1133 763 1187 celebreris
776 1139 850 1187 stans
861 1131 910 1185 ibi·

22 1241 25 1252 .
62 1247 70 1256 .
112 1203 184 1271 dem,
202 1218 256 1257 nou
274 1217 304 1256 se
321 1209 429 1258 vertens
447 1203 483 1257 ad
494 1203 636 1286 populum,
662 1203 726 1258 dicit
742 1204 771 1256 in
789 1209 853 1258 tono
871 1201 908 1256 ie·

112 1273 189 1340 riali,
217 1289 248 1326 ac
273 1273 395 1328 manibus
419 1275 530 1328 iunctir:
558 1274 693 1328 Domioue
709 1275 857 1341 voterem,
884 1281 912 1328 et

113 1313 284 1412 postr’nodum
297 1344 433 1411 subiungit
451 1352 565 1412 quatuor
583 1343 733 1400 Orationes.
771 1345 814 1414 12)
839 1345 911 1398 Dum

114 1414 212 1468 dicitur
230 1421 326 1481 quarte
324 1413 444 1482 Oratio,
462 1415 557 1470 tertius
576 1416 687 1470 clericus
704 1415 776 1470 lecta
793 1415 910 1484 genufle-

112 1485 194 1539 xione
212 1484 298 1554 alteri,
326 1487 488 1553 accipitres
507 1501 593 1554 equae
610 1485 783 1554 benedictae,
814 1494 842 1541 et
859 1502 912 1542 una

112 1572 173 1612 oum
201 1555 296 1610 clerico
324 1556 496 1612 thuriferario
535 1556 637 1612 aceedit
664 1556 698 1612 ad
725 1557 911 1611 celebrantem.

115 1627 158 1696 13)
174 1626 323 1696 ¹Celebreus
340 1628 487 1684 ministerio
506 1628 616 1683 secundi
635 1627 723 1682 clerici
741 1628 854 1696 imponit
870 1629 909 1682 in-

112 1713 223 1753 censum
240 1699 268 1752 in
282 1699 426 1768 thuribulo,
444 1706 471 1754 et
485 1698 581 1753 deinde
599 1699 720 1767 aspergit
737 1705 764 1754 et
775 1697 910 1752 thmificet

115 1770 220 1824 cineres
234 1769 267 1824 de
280 1785 362 1824 more.
396 1770 439 1840 14)
453 1771 570 1838 Expleta
581 1769 775 1838 benedictione,
788 1785 837 1824 vas
851 1785 910 1823 cum

115 1841 250 1896 cineribus
272 1842 381 1910 ponitur
407 1843 436 1896 in
459 1842 547 1896 medio
566 1842 666 1897 alteris.
704 1843 747 1908 15)
767 1840 910 1896 celebrans

116 1910 221 1980 sedens,
240 1920 270 1966 ιιι
282 1913 349 1968 elios
367 1913 395 1966 iu
414 1913 596 1981 suppedaneo,
613 1913 696 1968 babet
714 1927 863 1967 sermonem
876 1911 911 1966 sd

7 2035 9 2060 ἦ
113 1983 244 2052 populum
262 1999 343 2052 super
360 1983 544 2040 benedictione
563 1992 591 2040 et
606 1983 775 2054 impositione
793 1984 911 2038 cinerum

113 2057 143 2110 in
160 2056 211 2108 bec
229 2054 305 2111 ferie

153 2131 222 2179 Art.
240 2128 268 2180 3.
295 2128 344 2178 De
368 2128 510 2180 cinerum
534 2128 747 2190 impositione:
786 2124 811 2194 1)
837 2123 911 2178 Gele-

116 2197 198 2252 brons
216 2197 323 2251 obserate
340 2197 395 2251 alio
412 2197 557 2265 sacerdote,
575 2197 646 2252 facta
661 2197 813 2254 reverentie
832 2197 911 2265 cruci,

116 2268 272 2337 genuflectit
290 2283 381 2352 super·
389 2268 588 2336 suppedaneo
580 2285 609 2322 m
626 2267 722 2324 medio.
759 2270 785 2334 2)
805 2266 850 2320 Sio
867 2282 911 2335 ge-

117 2337 241 2395 nufiexus
259 2339 339 2395 sibi
331 2339 384 2407 1psi
402 2339 505 2395 cineres
526 2341 554 2394 iu
572 2338 679 2394 modum
698 2337 783 2393 crucis
800 2337 913 2405 imponit

117 2410 259 2480 incapite,
277 2411 343 2464 nihil
361 2410 461 2466 dicens
499 2410 532 2466 Si
549 2411 621 2464 adsit
638 2411 710 2464 clius
727 2408 853 2462 sacerdos
869 2410 913 2463 bio

116 2482 175 2534 sinc
192 2482 261 2534 stolo
279 2481 408 2536 decederes
424 2481 461 2535 ad
479 2483 573 2549 ultore,
600 2481 714 2549 imponit
732 2482 832 2534 moeres
850 2481 912 2534 cele·

117 2550 216 2618 brecti,
235 2554 283 2620 qui
299 2553 380 2607 stabit
394 2553 481 2620 capite
498 2523 637 2625 ιπιιῆιιιιο,
655 2557 680 2606 et
695 2551 769 2634 secie
785 2567 863 2605 cerea
876 2551 914 2604 ad

113 2623 255 2705 populum,
274 2623 403 2678 docendo:
420 2623 582 2707 ,M,emento,
595 2624 685 2692 homo,
698 2623 761 2691 quia
772 2622 860 2690 pulvis
874 2638 913 2691 es,

119 2693 171 2747 et'
163 2709 192 2746 ιιι
208 2694 344 2761 pulverem
363 2695 516 2750 revertens
518 2695 534 2724 “
572 2695 598 2764 3)
627 2695 772 2750 Celebrans
796 2694 913 2762 acceptis

117 2763 259 2834 cineribus,
279 2765 381 2821 accedit
399 2765 434 2820 ed
451 2765 587 2822 Missole
580 2783 608 2820 ιιι
624 2781 708 2821 cornu
719 2765 867 2832 Epistolee,
887 2770 913 2818 et

116 2835 212 2891 recitat
230 2852 290 2891 oum
307 2837 418 2908 clericis,
446 2844 477 2894 ut
494 2853 590 2909 supra,
615 2837 796 2906 Antiphonem
813 2836 913 2890 Immu-
