2130 3242
321 195 354 234 lie
370 195 513 235 sacramento
526 194 684 237 Poenltentlae.
864 191 907 236 lli

9 276 14 297 ’
101 295 257 366 dispositus.
294 295 324 350 Si
340 311 407 351 vero
425 297 577 366 ignorantia
595 298 631 352 sit
652 297 825 364 invincibilia
844 313 907 352 con·

99 368 229 424 fossarius
249 383 310 422 eum
327 383 434 422 monere
459 371 636 422 dimetrum
660 373 771 435 utetur,
797 369 907 436 quando

100 445 230 509 rperutar
241 440 356 506 feodus,
375 455 424 494 racc
436 441 565 494 timentur
579 439 749 494 incommodo
761 441 908 509 practura,-

100 525 170 578 qnae
188 512 215 564 ei
226 511 381 578 prudenter
397 517 562 579 metuantur,
590 518 636 565 aut
652 512 759 578 fructus
776 525 832 564 oon
849 526 907 578 ape-

6 631 8 654 4
98 588 183 649 retro,
201 597 258 635 oon
275 587 389 648 tenetur,
407 582 461 636 imo
479 599 536 636 ooo
548 588 640 650 potest
657 597 764 636 monem
792 581 854 647 (nisi
871 582 906 636 si·

6 661 7 676 ¹
98 654 212 708 lentium
230 651 329 707 officiat
347 653 417 708 bono
437 655 581 720 communi)
593 654 621 723 ¹),
641 654 704 720 qnia
717 652 907 706 debctbonum

98 724 265 794 poenitentis
282 739 447 793 procurare3
471 741 503 780 uc
522 732 718 792 consequenter
735 724 806 778 licite
825 723 906 778 etiam

6 815 7 826 ¹
44 809 48 817 ·
99 795 205 862 suadet,
232 801 264 849 ut
288 795 435 850 secuudum
461 812 537 850 suam
569 797 747 864 ignorantiam
772 800 906 864 operetur,

98 884 126 922 v.
145 883 179 936 g„
192 865 283 934 Gaiae,
301 873 332 920 ut
348 865 446 920 reddat
471 866 591 922 debitum
618 868 698 936 Titio,
718 881 796 934 quem
821 866 907 919 invin-
965 857 972 872 '

99 938 216 994 cibiliter
241 937 326 992 credit
351 953 429 992 snum
457 951 516 993 esse
544 939 677 1006 maritum,
703 955 762 992 cum
785 937 906 992 nonsit.

102 1008 238 1076 (Sanoua
256 1015 284 1062 et
302 1009 347 1062 alii
360 1008 432 1076 apud
448 1009 477 1064 S.
487 1010 549 1078 Lip.
561 1009 605 1063 lat.
625 1013 649 1064 6.
671 1025 699 1063 a.
715 1013 774 1064 609.
789 1016 817 1063 et
835 1011 906 1076 611.)

98 1081 163 1149 lpse
183 1079 211 1134 S.
230 1079 374 1148 bignonius
394 1079 485 1149 (Hom.
499 1086 586 1148 oport.
605 1087 683 1135 auct.
695 1085 737 1136 16.
750 1097 824 1134 arua.
833 1082 906 1144 113.)

102 1151 183 1206 dicit:
202 1150 253 1218 „In
272 1166 344 1218 casu,
364 1167 418 1218 quo
436 1151 636 1206 Matrimonium
654 1152 764 1207 nulliter
780 1151 831 1205 luit
844 1166 906 1206 con-

99 1228 217 1277 tractum
236 1220 270 1275 ob
289 1222 422 1276 occultum
433 1222 542 1290 aliquod
559 1223 784 1292 impedimentum,
804 1229 832 1278 et
845 1239 906 1278 con-

101 1293 180 1362 iuges
198 1299 341 1347 versantur
358 1293 386 1347 in
404 1292 555 1360 bonafide,
574 1294 597 1348 si
614 1293 685 1348 forte
696 1310 764 1349 uxor
782 1309 811 1349 se
831 1309 907 1348 accu-

103 1371 154 1433 sat,
175 1379 290 1432 negasse
301 1363 418 1418 debitum
430 1365 498 1432 viro,
512 1365 596 1420 tutior
608 1366 674 1419 mihi
687 1365 794 1420 videtur
807 1365 906 1434 opinio,

104 1434 179 1504 quod
197 1442 261 1490 tuno
280 1434 459 1490 confessarius
479 1437 504 1489 ei
523 1436 594 1490 dicat
611 1437 639 1490 in
653 1451 759 1505 genere,
779 1435 908 1504 qnodllla

100 1506 196 1574 nequit
215 1506 327 1576 absolvi,
346 1507 369 1561 si
383 1507 539 1575 obligationi
550 1523 614 1562 suae
629 1505 785 1562 satisfacere
803 1507 906 1574 renuit;

101 1585 129 1633 ct
148 1575 294 1646 quodiam
312 1578 395 1632 scitur
412 1579 550 1632 mulierem
575 1579 661 1633 teneri
688 1594 736 1632 suo
754 1577 813 1632 viro
833 1577 907 1630 debi-

101 1655 160 1704 tum
177 1646 319 1703 reddere.“
341 1679 374 1688 —
394 1648 423 1702 Si
441 1649 621 1704 confessarius
640 1648 797 1717 praevideat
812 1647 907 1715 poeni·

101 1727 207 1774 tentem·
229 1735 284 1774 non
308 1720 494 1775 restituturum
523 1719 546 1776 si
566 1721 619 1788 ipsi
637 1719 778 1788 detegatur
799 1717 907 1774 nullitas

101 1791 182 1860 tituli,
202 1806 282 1857 quem
299 1806 349 1858 pro
369 1805 398 1845 se
418 1806 478 1846 csse
497 1761 569 1845 lona
585 1791 639 1846 lide
657 1797 743 1860 putat,
761 1790 829 1844 haec
847 1789 906 1844 nul·

100 1862 165 1918 litas
182 1861 255 1916 tituli
273 1862 325 1930 ipsi
342 1877 398 1916 non
416 1868 458 1916 eet
468 1861 619 1931 detegenda
637 1879 654 1916 a
671 1861 834 1928 confessario
851 1875 908 1914 aua

101 1933 285 2001 interrogem
310 1931 406 2000 quodsi
430 1948 496 1987 vcro
513 1935 657 2001 poenitens
676 1930 779 1988 dubitet
802 1932 847 1986 vel
863 1946 907 1987 rc-

102 2011 157 2073 get,
175 2004 277 2058 veritas
295 2003 351 2071 ipsi
366 2010 408 2058 est
426 2004 594 2058 declaranda.
614 2035 648 2046 -
667 2004 696 2058 Si
713 2005 854 2072 poenitens
867 2009 907 2057 te·

101 2081 214 2130 neretur
232 2075 304 2142 (licet
321 2075 371 2128 sub
389 2082 500 2142 peccato
520 2077 634 2145 mortali)
662 2075 696 2130 ad
720 2075 819 2142 aliquid
837 2073 906 2128 adeo

103 2145 219 2214 difficile,
237 2152 339 2200 utnon
358 2145 513 2200 crederetur
530 2162 703 2214 aeneaeque
723 2147 810 2200 animo
830 2159 904 2200 acce-

102 2223 207 2285 pturns,
227 2221 254 2270 et
268 2216 326 2269 alic
343 2217 399 2270 cicc
410 2217 506 2270 melias
519 2224 701 2286 suscepturus,
715 2216 833 2285 prudens
844 2231 905 2270 con-

102 2286 232 2342 fessarius
249 2293 341 2355 potest
358 2287 432 2340 illum
450 2288 602 2354 relinquere
620 2289 647 2341 in
666 2287 808 2342 bonafide
827 2303 905 2342 excu-

81 2367 180 2422 ‚sante
200 2364 354 2426 operette,
379 2364 406 2412 et
423 2359 596 2413 monitionem
615 2358 723 2414 differre
748 2360 776 2412 in
800 2365 906 2426 tempus

104 2431 290 2498 opportunius,
308 2445 342 2483 nc
360 2430 470 2484 territus
489 2445 505 2482 a
524 2428 691 2485 confessione
703 2431 835 2485 abstineat
848 2445 907 2498 gra·

104 2501 217 2570 eiusque
236 2499 424 2555 detrimentum
441 2501 567 2555 incurrat.

141 2577 183 2627 11.
202 2572 269 2627 Post
288 2578 415 2640 exceptas
434 2571 616 2628 confessiones
637 2569 814 2627 confessarius
832 2570 906 2624 labo·

120 2735 143 2787 1)
158 2735 217 2776 HIno
235 2735 357 2774 monendus
377 2736 411 2776 est
428 2735 543 2784 poenitens
563 2735 590 2774 de
610 2735 746 2783 obligatione
766 2732 908 2773 denuntiandi

161 2799 326 2848 sollicitantem,
348 2800 447 2849 quamvis
469 2800 623 2850 praevideatur
644 2809 689 2838 non
712 2799 903 2846 obtemperaturus

160 2864 190 2916 (ll.
203 2864 250 2914 Io'a.
265 2865 301 2904 lto.
316 2863 338 2906 6.
351 2877 372 2904 a.
387 2862 447 2912 694.)
529 2877 535 2888 ·

750 2931 802 2984 12*
