2128 3228
170 195 203 234 De
217 194 367 234 tuncdoninus
381 195 404 234 in
418 194 476 234 sesto
490 195 650 234 Purificationis
664 196 690 235 Β.
703 197 732 239 Μ.
747 197 772 237 V.
787 198 827 240 etc.
860 193 901 236 m

101 306 130 354 et
148 313 208 354 eam
222 299 365 367 osculatio,
386 304 414 352 et
426 296 509 352 tradit
522 298 608 365 primo
622 298 718 352 clerico
733 297 900 358 servandam.

104 370 150 435 (Si
167 369 240 424 addi
258 370 360 438 aliquis
377 369 530 436 sacerdoe¹l
549 369 592 422 bic
609 369 685 423 dabit
703 369 843 423 candelam
861 387 900 424 ce-

101 441 218 495 lebranti
234 443 319 494 danti
333 442 406 509 facie
423 439 462 492 ad
474 440 621 508 papulam,
651 455 711 514 ann
729 440 819 494 ascalo
837 457 900 495 care·

102 513 178 567 delae
195 517 314 580 tantan,
341 518 366 566 et
384 511 518 566 celebrans
535 511 658 564 aasabim
682 511 823 564 candelam
840 517 900 565 tan·

101 589 159 638 inm
178 584 362 651 vandalicor.)
399 583 426 650 4)
452 582 556 636 Deinde
582 583 721 637 celebrans
745 581 848 636 accedit
865 582 900 636 ad

101 671 185 709 cornu
198 655 345 724 Epistulae,
367 661 394 708 et
413 654 564 708 alternatim
581 669 641 707 cum
659 654 715 708 suis
729 653 832 708 clericis
845 653 901 708 alta

104 732 132 780 et
150 741 237 793 aequa
254 741 329 794 voce,
357 741 432 780 more
451 726 608 780 clericorum
625 725 787 792 regularium
805 725 900 778 recita·

100 797 141 852 bit
171 797 352 866 Antiphonem
382 797 490 850 Lamca
517 804 567 850 etc.
596 803 623 850 et
654 797 791 850 Canticum
818 797 902 850 Nan
984 826 989 838 κ

101 869 216 922 dimitite
234 876 283 923 etc.
316 869 341 938 ὃ)
360 869 487 936 Repetite
504 875 566 936 post
584 867 661 922 Secta
678 873 737 921 erat
753 868 784 920 c'n
797 868 901 935 mam·

98 941 149 1009 pio
168 947 217 994 etc.
236 940 392 1008 Antiphone
408 940 515 993 himen
529 946 588 1007 etc,
607 939 752 1006 celebrans,
771 937 844 992 facia
860 939 900 991 in·

102 1011 244 1066 clinatione
262 1011 342 1079 cruci,
370 1011 452 1065 vertit
469 1023 498 1066 se
518 1011 552 1065 ad
570 1011 706 1080 populum,
732 1009 786 1080 et2)
812 1009 900 1069 dialti-

102 1082 160 1136 buit
178 1082 303 1136 candelas
321 1082 407 1150 primo
425 1082 604 1150 presbyteris,
632 1082 655 1136 ei
674 1081 775 1149 adsint,
804 1080 901 1135 deinde

104 1153 216 1222 clericis,
236 1153 373 1221 dispositis
391 1153 509 1206 seriatim
523 1167 605 1220 super
619 1167 667 1207 ora
680 1152 854 1222 suppedanei,
874 1157 902 1206 et

103 1223 239 1292 digniores
257 1239 341 1292 prope
362 1239 444 1277 cornu
461 1224 616 1291 Epistolae3
644 1225 690 1290 qui
708 1239 800 1278 omnes
818 1239 902 1292 genu·

85 1293 167 1348 'flexi
185 1295 322 1348 candelam
347 1301 375 1348 et
396 1309 503 1348 manum
521 1294 679 1348 celebrantis
702 1295 900 1350 osculabuntur.

103 1365 130 1433 6)
148 1365 253 1419 Deinde
267 1365 414 1432 celebrans,
432 1364 505 1419 facta
522 1366 674 1418 reverentia
693 1366 778 1434 altari,
797 1365 901 1420 medius

102 1436 173 1490 inter
192 1451 255 1490 suos
275 1436 385 1490 clericos
410 1437 513 1490 accedit
538 1436 572 1488 ad
592 1436 723 1490 cancellos
741 1437 901 1506 presbyterii

102 1523 120 1562 a
144 1515 221 1574 parte
246 1508 393 1575 Epistulae.
432 1507 457 1576 7)
483 1507 584 1560 ibidem
602 1503 695 1574 incipit
712 1507 870 1561 distribuere
878 1506 901 1574 ³)

102 1578 236 1648 candelas,
262 1579 348 1647 primo
366 1579 439 1646 viris,
467 1577 562 1632 deiude
580 1577 693 1646 leminis,
711 1578 856 1645 praebente
876 1577 901 1632 ei

116 1749 136 1804 1)
151 1749 193 1791 Pro
206 1747 320 1792 maioribus
334 1747 443 1792 ecclesiia:
466 1749 594 1795 celebrans.
614 1750 665 1806 dum
681 1748 761 1797 accipit
775 1757 789 1786 a
802 1745 901 1794 digniore

156 1828 217 1856 suam
232 1817 356 1866 candelam,
379 1821 438 1858 stare
456 1817 521 1858 debet
540 1819 563 1857 in
577 1817 727 1866 suppedaneo,
749 1814 836 1862 dignior
849 1821 901 1850 vero

154 1883 224 1946 lpsra3
245 1895 286 1924 nec
304 1885 352 1933 ipse
371 1885 484 1924 celebrans
503 1885 566 1924 debet
584 1887 637 1924 tuuc
658 1882 752 1922 osculari
766 1891 854 1920 manum
869 1879 901 1918 dl-

154 1951 245 2000 gulone,
262 1951 299 1990 sed
308 1953 396 1990 tantum
406 1951 524 1994 candelam.
550 1950 660 1998 lpsevcro
674 1949 761 1997 dlfflrior
775 1947 901 1994 accipiendo

154 2017 307 2058 ecelebrante
325 2029 387 2056 suam
406 2018 519 2057 candelam
537 2019 602 2057 debet
619 2015 763 2066 genuflectere
779 2016 803 2053 in
822 2023 900 2062 suppe-

153 2084 224 2122 daneo
238 2084 260 2121 et
274 2083 369 2122 osculari
383 2083 443 2122 ultra
456 2084 569 2122 caudelam
583 2085 650 2123 etiam
664 2092 751 2121 manum
766 2081 813 2120 elus
836 2079 864 2127 (s.
874 2080 901 2122 Β.

153 2149 171 2190 O
189 2147 221 2190 14.
230 2149 291 2188 near.
307 2147 384 2198 aaa),
394 2151 418 2186 nt
432 2149 504 2189 facere
518 2152 621 2197 tenentur
634 2148 718 2196 reliqui,
741 2147 834 2194 Dignior
847 2153 900 2186 vero

156 2217 180 2254 in
193 2214 291 2254 ecclesiis
305 2214 468 2254 cathedralibus
488 2217 511 2254 et
530 2215 652 2264 collegistis
673 2225 716 2252 non
731 2215 820 2252 tenetur
834 2223 900 2256 uenu-

154 2281 249 2329 tlectere,
268 2291 308 2320 nec
325 2281 419 2320 osculari
433 2291 520 2320 menum
536 2280 675 2329 celebrantis,
695 2280 726 2318 iia
739 2289 809 2328 neque
823 2278 901 2327 reliqui

154 2348 260 2388 canonici.
282 2347 353 2390 ,Scene
367 2347 481 2387 dicendum
496 2349 523 2386 de
536 2347 672 2388 beneficiat-is
686 2357 724 2386 scu
738 2345 900 2394 mansionariis,

155 2415 239 2453 clericis
251 2416 300 2461 etc„
314 2413 351 2462 qni
367 2423 441 2452 omues
451 2415 554 2452 tenentur
565 2412 711 2461 genuflectere
722 2414 744 2460 et
754 2410 850 2450 osculari
860 2411 901 2450 ete.

155 2479 318 2525 (caeremoniale
339 2479 436 2528 Episcop.
459 2479 495 2520 lib.
515 2477 542 2520 ΙΙ.
562 2491 608 2528 cap.
632 2477 676 2530 18.)
718 2476 744 2515 ln
769 2475 901 2524 accipiendis

155 2545 250 2584 candelis
270 2549 292 2584 et
312 2545 390 2594 palmis
405 2545 538 2592 accipientes
559 2545 652 2594 primum
672 2543 784 2582 caudelam
802 2545 841 2582 sut
854 2540 901 2592 pnl-

155 2619 213 2648 mam
236 2612 259 2648 et
273 2612 351 2659 postea
364 2613 450 2649 tanturm
474 2621 562 2650 manum
577 2609 678 2659 Episcopi
692 2608 792 2648 osculare
814 2607 900 2646 debent.

159 2675 188 2721 (d.
203 2675 229 2714 li.
245 2675 266 2714 0.
282 2674 314 2715 16.
329 2675 382 2726 Sept,
400 2675 468 2726 1365.)

117 2739 138 2788 ²)
150 2741 244 2782 Detecto
260 2743 339 2790 capite.
360 2743 389 2790 (S.
406 2743 431 2782 li.
446 2742 467 2782 0.
484 2741 515 2782 18.
530 2741 586 2782 duelli
599 2739 660 2785 1626.
675 2744 696 2780 et
711 2739 743 2780 13.
758 2741 818 2780 Febr.
833 2736 902 2788 1666)

117 2805 140 2858 ⁸)
155 2804 264 2846 candelae
283 2818 327 2846 non
347 2810 398 2847 sunt
419 2806 601 2846 transmittendae
620 2807 648 2845 ad
667 2807 730 2846 aedes
749 2805 901 2852 saecularium,

157 2872 195 2912 sed
210 2871 346 2921 recipiendae
360 2883 374 2911 a
389 2872 470 2922 populo
479 2873 502 2911 in
513 2871 611 2914 ecclesia,
626 2871 654 2916 (S.
666 2873 690 2911 R.
701 2870 745 2911 (1.9
761 2872 822 2911 Jcnlt
832 2867 902 2916 1⁶68.)

743 2941 797 2996 21*
