2124 3230
389 194 422 234 Da
435 193 511 235 iliacis
524 195 610 242 votivis,
861 193 903 238 288

96 295 376 351 commemoraticaem
389 294 430 361 (S.
437 295 472 354 it.
484 295 513 354 0.
524 299 566 350 16.
577 293 649 364 Sept.
659 299 737 350 1865.
748 303 775 351 et
784 298 901 354 22.Dcc.

98 369 190 434 1753.)
219 366 263 420 vel
280 367 420 432 morem,
450 375 477 421 et
495 367 638 422 omissione
663 368 737 422 vocis
762 383 856 422 annua
874 378 901 424 et

94 439 185 506 hodie,
197 438 217 506 ¹)
236 444 327 506 potest
346 439 507 493 conveniens
525 437 596 507 ficri3
623 438 787 493 insecundo
812 447 901 495 autem

19 517 21 580 g
97 524 172 577 casu,
190 509 236 562 vei
254 509 277 562 si
291 507 377 562 Missa
390 509 500 576 propria
519 516 596 563 ema
609 509 708 564 festum
726 516 799 565 esset
811 511 900 565 incon·

19 583 20 634 t
97 581 225 648 veniens,
250 587 308 633 tota
326 579 410 634 Missa
428 579 575 634 desumitur
594 597 628 634 ex
647 581 794 650 Communi,
820 589 902 650 prout

19 659 20 668 ¹
99 653 169 706 ratio
195 650 324 718 temporis
351 651 471 718 requirit.
509 650 563 705 Sed
587 653 615 705 in
632 651 724 708 Missis
748 653 846 708 votivis
865 652 899 707 de

18 761 19 774 ,
95 723 125 777 S.
135 723 242 777 Joanne
252 722 375 789 Baptista
388 729 528 776 sumuntur
537 722 638 793 Oratio,
654 723 764 778 Secreta
778 731 805 779 et
817 724 896 779 Post·

18 795 19 800 ’
96 793 250 848 communio
270 807 304 846 ex
322 794 379 847 eius
397 793 504 861 Vigilia.
765 837 769 842 .

134 865 165 918 si
182 864 222 917 iili
240 864 347 932 Sancto,
366 865 440 919 cuius
449 865 535 920 Missa
551 865 644 919 votiva
660 863 775 934 legenda
798 873 847 935 est,
865 866 894 920 in

97 935 214 1004 Proprie
233 935 390 988 Sanctorum
414 937 565 1004 assignetur
589 935 674 991 Missa
698 936 732 990 de
752 937 897 1008 Communi,

97 1007 196 1062 eadem
210 1005 340 1060 sumenda
358 1013 399 1060 est
411 1023 461 1074 pro
475 1008 574 1062 votiva.
594 1007 631 1076 Si,
650 1007 767 1076 quiaille
786 1007 899 1064 Sanctus

96 1080 153 1132 ritu
172 1077 287 1145 simplici
304 1091 364 1130 cum
383 1077 472 1132 aitiori
490 1077 575 1133 officio
601 1087 757 1133 occurrente
782 1081 899 1134 celebra·

96 1157 152 1217 tur,
172 1149 231 1203 sola
249 1147 341 1202 Oratio
361 1150 513 1217 assignetur
531 1149 564 1203 de
584 1149 730 1219 Communi,
749 1151 796 1204 illa
814 1151 899 1207 Missa

97 1219 216 1289 legenda
234 1227 282 1288 est,
309 1235 343 1273 ex
361 1235 415 1288 qua
435 1219 537 1289 Oratio,
564 1220 674 1275 Secreta
699 1228 746 1275 aut
764 1222 901 1278 Pasicom-

99 1291 192 1346 munio
211 1291 363 1358 assignatur
382 1291 422 1356 (S.
441 1291 475 1346 R.
493 1291 521 1350 0.
540 1295 581 1345 11.
600 1292 672 1360 Sept.
690 1294 788 1358 1842).
809 1293 837 1347 Si
856 1310 901 1348 au·

98 1370 155 1417 tem
175 1361 317 1416 Orationes
335 1378 390 1416 non
409 1369 470 1416 sunt
488 1362 521 1416 de
536 1363 675 1416 Communi
693 1363 737 1416 vel
750 1363 777 1416 in
787 1364 901 1433 Proprie

102 1434 262 1488 Sanctomm
279 1433 346 1485 nihii
363 1433 478 1488 habetur
497 1433 529 1487 dc
548 1434 655 1501 Sancto,
670 1434 745 1488 cuius
759 1436 850 1489 votiva
865 1436 902 1489 le·

101 1504 191 1574 genda
210 1511 260 1571 est,
279 1505 347 1558 sumi
365 1511 455 1572 potest
472 1503 558 1559 Missa
575 1504 609 1558 de
628 1503 775 1558 Communi.

138 1576 169 1630 Si
187 1573 301 1628 dicenda
324 1575 359 1629 sit
376 1575 461 1630 Missa
478 1577 570 1630 votiva
595 1576 623 1629 in
648 1576 777 1629 honorem
802 1567 903 1645 Sancti,

102 1648 149 1714 qui
169 1647 196 1699 in
215 1645 301 1700 'officio
326 1645 379 1700 diei
404 1647 488 1700 solam
510 1647 593 1700 habet
619 1645 903 1700 commemorationem

101 1721 136 1788 (e.
156 1734 182 1785 g.
202 1716 229 1770 S.
249 1716 365 1771 Theclae
383 1717 497 1772 infesto
517 1718 544 1771 S.
563 1717 632 1786 Lini,
651 1719 694 1771 23.
706 1717 792 1786 Sept.)
812 1723 903 1785 potest

105 1788 138 1843 de
158 1787 262 1856 eodem,
281 1789 305 1842 si
323 1787 380 1843 dies
398 1789 536 1858 permittit,
554 1788 640 1844 Missa
658 1789 762 1856 integra
774 1788 903 1843 celebrari

100 1877 163 1914 cnm
182 1860 433 1914 commemoratione
458 1860 524 1929 eins,
551 1859 584 1914 de
608 1875 662 1927 quo
681 1858 712 1913 fit
729 1857 850 1929 officium,
877 1867 904 1915 et

101 1947 163 1985 oum
184 1930 281 1984 Gloria
298 1931 327 1983 in
344 1932 457 1998 gratiam
474 1930 627 1986 festivitatis
646 1932 784 2001 currentis,
810 1930 859 1987 sed
876 1933 903 1986 in

100 2002 214 2069 reliquis
231 2015 306 2056 more
324 2002 425 2056 votivo.

141 2072 171 2126 Si
189 2080 267 2126 extra
283 2079 390 2139 tempus
414 2072 541 2140 paschale
564 2072 651 2128 Missa
676 2073 768 2127 votiva
789 2072 823 2128 de
850 2089 904 2128 unc

103 2143 148 2197 vel
179 2143 301 2212 pluribus
328 2143 499 2212 Martyra'bas
527 2143 689 2198 celebranda
714 2145 764 2213 sit,
791 2159 904 2212 qnorum

102 2213 203 2270 Missae
227 2215 256 2267 in
273 2214 378 2269 Missali
405 2216 459 2269 ritu
482 2215 611 2283 temporis
635 2216 769 2284 paschalis
798 2223 904 2270 tantum

103 2286 265 2340 exhibentur
290 2289 318 2351 (a
336 2284 380 2338 die
399 2289 440 2340 13.
459 2285 561 2354 iiprilis
586 2295 671 2354 usqne
695 2285 730 2340 ad
757 2289 798 2341 18.
820 2286 904 2356 Maii),

103 2364 167 2410 nnnc
179 2363 302 2412 servetur
311 2357 418 2410 mirica
430 2358 458 2410 in
471 2357 575 2412 Missali
589 2365 651 2425 post
665 2357 796 2412 eiusmodi
804 2358 903 2413 Missas

103 2443 152 2496 pro
171 2443 236 2482 casu
252 2428 350 2496 posita
369 2442 422 2495 quo
440 2427 539 2482 festum
559 2437 636 2482 extra
653 2435 760 2497 tempus
774 2429 901 2497 paschale

102 2497 317 2554 transferendum
335 2499 378 2568 sit,
397 2505 444 2554 aut
461 2499 512 2554 hac
530 2498 637 2553 rubrica
656 2499 796 2554 deficiente
816 2515 903 2554 suma·

121 2611 143 2665 ¹)
157 2616 177 2657 8,
192 2615 217 2658 R
232 2615 255 2656 0.
270 2613 415 2662 interrogata,
430 2625 458 2653 an
479 2615 502 2652 in
520 2614 662 2654 Orationibus
684 2617 730 2654 tarn
754 2615 821 2654 oiiicii
838 2625 904 2663 quam

157 2679 240 2719 Missae
252 2679 335 2718 samari
348 2679 442 2718 debcant
460 2679 513 2719 itanc
527 2680 583 2718 diem
595 2680 631 2718 vol
643 2680 765 2720 hodierum
779 2679 840 2729 dian,
859 2681 904 2720 siva

154 2748 284 2795 presumant
297 2745 354 2784 iiim
369 2755 419 2784 oum
431 2744 565 2785 transiet-tur
579 2745 675 2786 officinm
695 2746 740 2785 sive
754 2745 902 2786 accidentario

156 2811 203 2849 sivo
214 2811 329 2859 perpetuo,
343 2810 378 2849 dio
393 2807 412 2852 7.
427 2809 487 2858 Sept.
497 2807 556 2854 1816.
571 2810 696 2858 respondit:
712 2809 780 2858 ..aasz
793 2809 902 2849 immutan-

155 2875 205 2915 dam
218 2876 335 2916 inomaus
348 2887 408 2916 mora
422 2875 604 2928 conprensum&
