2108 3226
159 181 201 224 lae
392 183 577 232 praeparationes
590 183 619 222 ad
632 183 728 224 umnam.

194 287 325 356 Denique,
344 286 409 354 quia
424 286 453 340 in
469 287 521 342 hoo
538 287 667 356 mysterio
684 287 773 356 ipsum
792 288 877 343 omnis
895 303 958 356 gra·

158 360 213 414 tiae
227 358 328 413 fontem
341 365 370 412 et
381 357 464 412 totius
476 364 585 413 nostrae
599 359 693 414 salutis
708 365 844 413 auctorem
857 365 958 414 tracta-

158 447 226 498 mus,
248 429 333 485 offerc
346 429 396 484 tibi
409 429 460 484 hoc
474 428 632 486 sacrificium
645 429 707 483 Filii
720 430 768 499 tui,
789 437 820 484 ut
832 445 882 498 per
896 431 958 486 eius

160 501 321 570 Sanguinem
336 508 364 556 et
376 515 473 554 nomen
486 508 610 569 petentes
622 501 803 571 impetremus,
824 500 895 570 quod
907 517 959 558 no·
1042 569 1043 576 ἵ

159 573 221 628 stris
239 573 341 626 meritis
358 587 412 626 non
429 572 557 627 valemus.

195 645 311 712 Propter
328 644 399 697 hunc
416 630 507 710 itaque
525 645 629 714 respice
649 645 801 714 ecclesiam,
829 659 958 712 sponsam

160 715 226 783 eius,
251 728 364 780 eamque
381 713 431 768 tibi
449 713 506 768 sine
531 716 635 770 macula
659 723 687 770 et
713 731 781 784 ruga
805 715 959 783 speciosam
1042 713 1043 716 ’

160 787 271 864 exhibe;
295 784 383 854 fidem,
407 799 490 854 spem,
509 787 649 842 caritatem
667 787 692 841 ei
711 786 823 854 adauge.
858 787 957 842 Perse-

161 864 282 912 cutorum
301 863 328 910 et
345 856 461 910 hostium
479 856 537 912 eius
554 865 663 913 contere
681 858 842 926 superbiam,
859 858 956 913 haere·

162 943 206 984 ses
225 935 252 982 et
270 934 357 982 sectas
372 927 533 997 extermina,
551 930 689 998 populisa
706 927 759 983 fide
774 928 867 983 alienis
884 929 958 984 veri-

160 1000 226 1054 tatis
238 1005 301 1053 tuae
314 999 400 1052 lucem
413 997 523 1052 infunde
537 1015 637 1068 eosque
651 999 737 1054 adduc
747 1000 776 1053 in
789 1000 859 1054 evile
870 1005 956 1069 tuum,

161 1086 196 1125 ne
214 1077 327 1138 pereant
343 1076 385 1124 tot
409 1070 513 1124 animae
532 1071 567 1125 ad
590 1072 732 1140 imaginem
755 1077 830 1126 tuam
848 1077 957 1126 creatae

159 1147 190 1205 et
210 1141 345 1208 Sanguine
362 1139 425 1194 Filii
442 1141 482 1195 tui
499 1141 663 1212 redemptae.
682 1166 683 1170 ¹

196 1211 313 1266 Provide
332 1212 461 1266 ecclesiae
478 1219 541 1268 tuae
556 1213 695 1282 praesules
714 1219 741 1266 et
754 1218 878 1280 pastores
891 1211 958 1267 fide·

161 1283 210 1350 les,
229 1297 277 1338 seu
295 1284 433 1351 operarios
451 1290 575 1340 smarnos
594 1291 621 1339 et
633 1284 891 1352 irreprehensibiles,
913 1285 960 1352 qui

163 1354 277 1410 sollicite
295 1355 406 1422 vigilent
422 1355 587 1411 in-custodia
600 1356 689 1424 gregis
709 1355 759 1410 sibi
772 1355 913 1424 commissi,
933 1362 962 1410 et

164 1426 286 1495 exemplo
305 1426 368 1479 Filii
385 1425 433 1496 tui,
457 1428 551 1481 summi
567 1427 692 1495 pastoris,
713 1427 793 1480 etiam
811 1442 865 1481 non
884 1425 960 1480 dubi·

161 1503 221 1553 tent
239 1497 340 1553 animas
359 1512 422 1552 suas
439 1512 541 1566 ponere
559 1514 609 1566 pro
628 1496 722 1552 ovibus
741 1498 804 1552 suis.

198 1569 244 1624 Da
260 1569 407 1636 universis,
433 1583 501 1636 quos
518 1570 547 1622 in
565 1569 664 1624 cleram
683 1575 710 1622 et
726 1569 870 1636 religiosae
888 1567 963 1621 vitae

164 1647 265 1696 statum
279 1655 378 1696 vocare
396 1639 520 1708 dignatus
538 1655 575 1710 es,
602 1655 704 1695 morum
724 1655 755 1694 ac
771 1640 843 1694 vitae
862 1637 960 1694 sancti·

162 1713 290 1782 moniam;
314 1711 401 1766 zelum
417 1727 467 1780 pro
485 1712 588 1766 honore
605 1719 653 1766 tuo
672 1716 699 1765 et
715 1711 897 1779 proximorum
915 1725 958 1764 sa·

83 1818 88 1828 ,
161 1783 218 1838 lute
235 1785 264 1837 in
282 1783 321 1838 eis
340 1782 463 1851 accende,
488 1789 518 1838 ut
541 1782 635 1837 fideles
658 1782 828 1836 inveniantur
844 1780 961 1836 ministri

162 1855 202 1908 tui
221 1861 249 1909 et
266 1854 464 1923 dispensatores
482 1854 668 1923 mysteriorum
685 1860 799 1908 tuorum.
831 1852 960 1920 Supplico

162 1925 212 1979 tibi
230 1925 318 1993 etiam,
338 1941 354 1979 o
371 1939 421 1979 rex
432 1939 533 1994 regum,
551 1941 601 1993 pro
613 1924 730 1994 regibus,
748 1923 913 1992 principibus
932 1931 962 1978 et

80 2040 82 2052 .
162 1996 360 2064 magistratibus
377 1995 543 2063 christianis,
561 2003 592 2050 ut
610 1994 658 2051 des
672 1996 720 2050 siis
741 2011 837 2063 pacem
855 2000 883 2050 et
895 2009 959 2049 con·

163 2067 287 2136 cordiam,
306 2067 393 2121 zelum
411 2073 438 2120 et
456 2081 574 2120 amorem
591 2067 717 2136 iustitiae,
744 2065 850 2120 fidelem
868 2065 960 2122 subdi·

161 2145 250 2192 torum
263 2154 362 2206 curam,
380 2138 409 2190 in
420 2136 474 2191 fide
488 2144 516 2191 et
529 2138 643 2192 ecclesia
653 2137 754 2192 tuenda
766 2137 960 2206 constantiam

162 2209 267 2277 respice
284 2209 417 2278 propitius
442 2221 524 2277 super
548 2223 640 2264 omnes
667 2209 888 2278 congregationes
905 2208 961 2264 illis
1042 2245 1043 2252 κ

163 2281 331 2348 commissas3
356 2287 384 2334 et
408 2279 496 2334 omnia
512 2281 632 2335 membra
650 2281 779 2336 eeclesiae
804 2288 832 2334 ct
848 2279 960 2348 politiae
1042 2275 1043 2340 i

164 2352 279 2407 clemens
297 2357 418 2420 protege,
436 2358 474 2420 ut,
493 2367 546 2420 qua
564 2353 676 2420 quisque
694 2352 835 2406 vocatione
847 2357 962 2405 vocatus

164 2429 213 2492 est,
231 2423 260 2477 in
274 2438 307 2478 ea
319 2423 368 2477 tibi
381 2421 461 2490 digne
480 2430 508 2477 et
520 2422 691 2478 laudabiliter
711 2423 819 2486 serviat.
855 2423 901 2475 Da
919 2421 961 2474 iu-

162 2493 210 2550 stis
219 2494 456 2564 perseverantiam,
465 2493 666 2562 proficientibus
672 2493 814 2562 fervorem,
825 2492 873 2548 sed
881 2506 962 2561 prae·

162 2565 240 2634 cipue
258 2565 445 2634 peccatoribus
462 2566 662 2634 poenitentiam.
694 2565 736 2618 Tu
755 2565 824 2618 enim
841 2580 896 2618 non
915 2563 962 2617 de·

161 2636 269 2692 lactaris
282 2638 310 2691 in
328 2636 479 2705 perditione
490 2637 669 2705 morientium,
690 2635 746 2702 sed,
767 2643 798 2689 ut
810 2635 909 2690 mortni
922 2634 962 2686 vi·

164 2714 266 2779 vereat,
284 2709 383 2763 Filium
401 2715 477 2764 tuum
493 2708 561 2762 mori
579 2707 697 2764 voluisti.
734 2707 824 2760 Trahe
842 2721 907 2774 ergo
926 2702 962 2759 ad

162 2787 191 2834 te
208 2788 365 2850 peccatores
382 2779 507 2834 funiculis
526 2779 645 2834 caritatis
662 2785 739 2846 tuae;
757 2793 808 2832 nec
826 2777 896 2832 enim
914 2791 961 2831 ve·

163 2852 221 2908 nire
239 2859 375 2923 poterunt,
393 2853 446 2908 nisi
464 2850 562 2907 caritas
580 2857 628 2906 tua
644 2849 757 2906 traxerit
773 2849 842 2904 illos.

992 2931 995 2940 '
1034 2918 1040 2997 Ι
