2108 3226
178 171 219 218 lte
258 179 338 220 Preces
350 179 374 219 ln
387 178 516 219 &betlono
530 178 566 223 Sd.
580 179 718 220 demanarit
730 177 894 230 persolvendae.

180 275 342 334 manducent
359 283 386 333 et
402 277 503 332 bibant.
541 277 595 332 Sed
617 278 685 332 heul
710 285 810 346 quanto
835 278 982 334 vehemen-

178 349 232 404 tius
245 347 324 404 doleo
337 355 365 403 et
384 347 476 403 dolere
494 364 584 418 cogor,
605 349 669 417 quie
681 350 733 418 ipsi
751 349 866 404 ministri
879 356 908 404 et
919 351 982 406 noti

177 420 226 490 tui,
245 418 313 474 adeo
332 420 444 475 exaltati
469 426 496 474 et
520 420 639 489 quotidie
658 421 780 488 enutriti,
807 419 984 489 magnificent

470 492 476 504 ’
971 495 979 523 d

177 491 755 631 ttttttllltlttltlttlltttt
767 491 980 619 tetulit

177 633 264 703 turpis
278 633 345 688 lucri
357 634 455 702 gratim
474 633 573 689 utendo
589 634 709 689 vestibus
729 635 856 704 pannosis
877 640 905 688 et
918 650 980 690 sor·

178 703 256 774 didis,
269 720 323 759 non
332 704 501 760 diiudicuudo
514 706 617 774 Corpus
627 712 710 774 tuum,
721 704 843 760 faciendo
857 705 885 758 in
896 704 979 761 domo

177 782 225 831 tua
238 775 377 844 sacrilegia
389 776 480 830 multa.
517 776 624 845 Verum,
644 793 660 830 o
681 775 794 831 Domine
809 776 883 845 iesu,
903 777 980 844 quod

178 847 300 902 acerbius
312 847 368 900 urit
382 853 411 901 et
430 847 565 902 excruciat
586 864 633 902 cor
651 862 748 915 meum,
763 846 831 901 illud
844 855 893 916 est,
912 849 981 916 quia

179 933 229 986 ego
243 933 301 973 sum
313 933 390 986 unus,
403 918 457 972 imo
467 918 538 973 iuter
552 919 653 988 primos
666 933 700 972 ex
711 919 752 973 his
766 919 878 987 ingratis
890 918 978 973 homi·
1046 957 1047 964 κ

177 988 263 1057 nibus,
283 987 409 1043 ministris
426 988 493 1058 turis3
514 1005 578 1064 ego„
592 1005 642 1058 ego
661 1005 727 1058 snm,
746 991 792 1057 qui
808 991 926 1058 peccavi,
945 998 978 1046 et

177 1057 318 1114 nefandius
336 1074 401 1128 prae
420 1061 516 1116 ceteris
534 1061 644 1130 peccari
660 1061 689 1114 in
705 1067 741 1129 te,
761 1069 788 1115 et
802 1075 892 1115 coram
903 1067 932 1114 te
946 1068 979 1116 et

177 1145 268 1185 coram
278 1129 323 1184 hic
335 1138 497 1199 congregata
513 1132 593 1202 plebe
605 1139 665 1190 tua
697 1132 832 1201 Venatum,
851 1132 976 1202 obsecro,

176 1217 271 1257 manus
288 1208 336 1256 tua
347 1207 440 1256 contra
452 1217 503 1273 me,
521 1205 567 1271 qui
579 1219 646 1273 prae
660 1203 781 1258 omnibus
796 1202 835 1258 fui
848 1217 975 1273 nequam,

178 1272 242 1340 quia
258 1278 289 1326 tu
305 1272 392 1327 bonus
411 1271 493 1328 bristi.

212 1343 346 1412 Attamen,
361 1343 433 1411 quod
441 1359 484 1398 me
497 1343 579 1398 bisin
592 1345 721 1412 angustiis
735 1344 895 1414 consolatur,
908 1344 977 1399 illud

177 1420 227 1484 est,
246 1414 319 1482 quod
331 1431 467 1482 nunquam
480 1415 612 1483 despicias
630 1430 677 1470 cor
690 1415 831 1470 contritum
848 1422 875 1469 et
888 1416 976 1470 humi·

175 1485 277 1556 lictum,
295 1492 324 1540 et
341 1485 413 1553 quod
430 1484 612 1542 misericordia
628 1493 676 1541 tua
689 1487 858 1555 praestabilis
876 1487 912 1541 sit
929 1503 975 1543 su·

175 1571 226 1626 per
243 1556 345 1612 malitia
357 1573 425 1612 mee.
457 1557 499 1612 Do
517 1564 564 1611 tuu
576 1558 658 1625 igitur
673 1559 774 1626 pietate
792 1556 916 1627 confisus,
934 1559 974 1612 la-

176 1627 429 1699 cryptoporticus,
456 1628 536 1684 faciei
558 1643 635 1683 meae
658 1627 812 1686 corbulone
830 1635 977 1698 ooopertus

175 1706 205 1755 et
222 1702 351 1756 contritum
370 1699 450 1755 corde
468 1699 583 1769 supplex
601 1715 649 1754 oro
667 1701 780 1755 veniam.
816 1700 901 1754 Parce
916 1699 973 1756 Do-

174 1771 255 1841 mine,
268 1787 349 1840 parce
363 1771 464 1840 populo
473 1778 536 1840 tuo;
548 1771 595 1825 ubi
604 1771 831 1840 superabundavit
840 1770 976 1843 delictum,

172 1841 210 1896 ibi
224 1842 425 1911 superabundet
437 1849 465 1897 et
478 1842 580 1911 gratia3
592 1857 627 1896 ne
640 1844 791 1898 memineris
803 1842 975 1910 iniquitatum

171 1918 325 1968 nostrarum
337 1914 506 1981 antiquarum
516 1915 545 1967 in
555 1920 630 1969 tuum
645 1913 843 1969 Sacramentum
851 1915 974 1970 commis·

172 1998 279 2052 sarum;
298 1983 454 2053 anticipient
467 2001 516 2039 nos
528 1985 808 2054 misericorditem,
820 1985 974 2042 misericors

173 2060 201 2109 et
212 2054 356 2110 miserator
367 2056 442 2110 Jesu.
474 2055 529 2110 Sed
541 2056 670 2124 imprimis
688 2056 823 2125 propitius
837 2063 895 2111 esto
907 2057 975 2111 milri

171 2125 307 2250 fieocatori
325 2133 353 2182 et
368 2126 552 2195 indignissimo
569 2127 690 2182 ministro
715 2134 763 2182 tuo
790 2143 844 2182 non
861 2126 975 2182 babenti

192 2195 310 2267 duriam,
337 2197 390 2251 nisi
406 2198 435 2251 in
451 2205 500 2253 tua
515 2214 614 2266 magna
630 2197 826 2267 misericordia3
850 2198 973 2266 poenitet

171 2281 215 2321 me
232 2282 375 2337 peccasse;
393 2269 507 2323 maxime
525 2269 619 2339 doleo,
645 2277 673 2325 et
695 2269 802 2338 quidem
826 2270 854 2323 in
872 2270 974 2324 unione

171 2338 244 2394 illius
263 2337 371 2409 doloris,
389 2355 443 2407 quo
462 2339 642 2394 dulcissimum
666 2348 806 2396 cortuum
822 2341 852 2394 in
867 2341 972 2409 recogi·

171 2409 273 2464 tatium
291 2410 517 2466 abominationum
534 2427 653 2466 mearum
671 2412 821 2480 anxiatum,
840 2417 868 2466 et
884 2426 973 2480 usque

171 2480 207 2535 ad
223 2487 336 2536 mortem
349 2481 426 2538 triste
439 2481 498 2537 fuit.
526 2483 652 2551 Propono
665 2499 719 2538 non
731 2484 844 2552 amplius
855 2497 973 2551 peccare

171 2551 229 2622 tibi,
247 2553 312 2621 quin
330 2552 418 2623 etium,
436 2554 517 2622 plena
534 2561 562 2608 et
574 2554 702 2609 immobili
719 2553 780 2624 fide,
799 2569 848 2622 spe
860 2554 924 2609 vire
942 2561 971 2609 et

172 2623 284 2678 curimte
301 2622 406 2678 fervida
429 2625 481 2680 hoc
507 2640 632 2693 magnum
658 2627 814 2694 mysterium
837 2625 973 2695 venerari,
1047 2647 1048 2650 ¹

173 2694 284 2762 eiusque
302 2694 471 2751 devotionem
496 2697 593 2751 ceteris
610 2694 747 2752 ferventer
762 2697 912 2766 iugitcrque
930 2697 971 2750 in·

175 2765 290 2821 sinuare.
322 2767 374 2837 De,
392 2773 423 2822 nt
436 2767 515 2822 huius
529 2767 696 2822 Sacramenti
711 2767 787 2837 fider,
806 2766 923 2837 dovotio,
942 2773 972 2822 et

173 2837 326 2894 reverentia
334 2837 363 2893 in
372 2837 430 2894 dies
442 2845 545 2894 crescat
554 2855 586 2894 ao
594 2837 717 2908 proficiat
726 2840 755 2894 in
768 2839 857 2894 anima
867 2846 972 2908 nostra,
