2138 3226
166 177 208 221 alc
422 181 480 222 Ordo
493 181 552 220 vitae
564 181 714 222 sacerdotalis.

170 284 326 353 frequentes
344 291 373 340 et
391 284 491 340 assidui
510 284 611 339 adeste.
646 285 691 338 Ex
714 284 757 339 his
783 284 923 339 commoda
940 292 970 341 et

169 356 354 425 emolumenta,
382 371 414 410 eo
439 357 524 424 pluris
542 355 691 425 pendenda,
720 370 772 423 quo
791 355 920 424 faciliora,
939 364 971 412 et

169 429 275 496 aptiora
292 427 398 483 suntad
412 429 537 482 materias
550 426 613 482 fidei
627 435 654 482 et
667 443 769 481 morum
784 427 968 497 elucidandas,

169 499 204 553 ad
221 501 351 555 unitatem
369 499 506 553 doctrinae
524 498 738 566 comparandam,
766 498 801 552 ad
826 497 969 553 conformi·

168 577 251 625 tatem
269 571 407 639 regiminis
432 569 598 638 servandam,
626 569 662 624 ad
685 570 832 623 animorum
855 585 969 625 consen·

169 642 272 696 sionem
289 641 441 710 fovendam,
456 641 597 709 diligenter
615 647 642 694 et
661 639 760 695 attente
770 641 909 710 percipite.
930 642 969 696 Ut

170 712 273 768 fructus
291 713 377 770 maior
396 727 430 765 ex
447 713 480 766 iis
499 712 684 766 collationibus
702 712 851 780 colligatur,
869 713 967 780 procul

170 784 258 838 absint
277 784 477 851 aemulationes,
503 784 694 852 contentiones,
717 799 813 836 vocum
837 783 970 839 elationes

169 862 197 910 et
215 854 393 922 confusiones,
409 869 476 921 quae
491 853 524 907 ad
538 853 685 909 fastuosam
698 854 805 921 ingenii,
820 852 969 924 doctrinae,

170 925 328 980 elocutionis
341 926 547 980 ostentationem
555 926 632 979 unice
645 925 781 993 serviunt;
801 924 849 978 sed
870 925 969 994 singuli

171 997 292 1064 singulos
321 996 472 1049 alternatim
497 1002 524 1050 et
550 997 685 1064 patienter
713 995 829 1050 audiant.
867 996 969 1052 Omnes

168 1067 319 1135 tranquille,
338 1065 457 1135 pacifice,
477 1067 643 1121 concorditer
662 1066 696 1121 ad
714 1081 879 1121 communem
896 1069 969 1122 utili·

169 1145 251 1192 tatem
270 1138 464 1205 praemeditata
482 1137 776 1207 sensasuaconferant,
791 1139 969 1207 sequemagis

170 1209 305 1334 aesinam
319 1217 398 1277 aptos
416 1218 444 1263 et
456 1208 568 1264 idoneos
577 1211 641 1264 novi
654 1209 818 1264 Testamenti
832 1211 969 1266 ministros

170 1295 199 1334 re
238 1287 291 1334 aut.

455 1349 496 1393 Pro
510 1349 606 1400 quolibet
619 1362 682 1394 anuo.

203 1422 224 1476 1.
260 1423 409 1478 Exercita'a'e
433 1423 746 1490 alencionensem.
782 1422 836 1476 Per
861 1422 965 1489 aliquot

170 1492 236 1563 dies,
255 1495 311 1549 sive
330 1494 409 1560 domi,
428 1495 485 1548 sive
504 1495 575 1562 alibi,
595 1494 630 1548 ad
650 1492 860 1550 resuscitandam
880 1499 908 1548 et
924 1507 968 1547 re·

167 1565 318 1620 novandam
337 1565 479 1620 sacerdotii
498 1566 618 1634 gratiam,
638 1564 820 1633 spiritualibus
832 1565 974 1620 exercitiis.

167 1637 197 1690 in
213 1638 259 1705 pio
278 1652 387 1692 secessu
404 1643 507 1690 vacate.
536 1636 559 1690 Ο
578 1635 635 1690 dies
653 1637 714 1704 piae
734 1635 883 1690 solitudinis
901 1651 969 1689 nun-

168 1723 247 1775 quam
281 1709 346 1763 satis
375 1707 546 1776 aestimandi,
579 1707 675 1775 quibus
702 1707 824 1775 promisit
851 1706 968 1774 Spiritus

168 1786 276 1836 sanctus
295 1795 324 1835 se
343 1778 378 1833 ad
397 1795 443 1832 cor
461 1777 548 1832 fidelis
567 1780 670 1832 animes
684 1778 847 1833 locuturum!
867 1777 889 1831 0
906 1777 964 1834 dies

167 1851 249 1905 totius
268 1852 340 1904 vitae
359 1849 454 1904 diebus
471 1850 682 1917 praestantiores
693 1856 720 1903 et
733 1848 966 1904 commendabilio-

167 1935 220 1988 res,
246 1920 280 1974 ad
308 1921 420 1975 salutem
448 1919 610 1988 operandam
637 1919 816 1988 efficaciores,
845 1936 967 1988 quosque

166 1991 249 2046 totius
266 1992 339 2046 ritae
352 1999 458 2046 vestrae
472 1991 554 2046 inisse
569 1991 626 2046 dies
640 1991 709 2046 forte
724 1991 867 2059 aliquando
881 2007 965 2060 exop-

165 2060 267 2118 tabilis.
285 2063 316 2115 In
334 2062 380 2116 illa
397 2064 443 2131 pia
468 2061 609 2117 solitudine
637 2061 799 2117 confessioni
817 2063 967 2117 extraordi-

165 2133 257 2188 nariae
277 2147 386 2201 operam
405 2133 475 2202 date,
496 2133 646 2188 ordinatum
663 2134 736 2188 vitae
751 2149 834 2202 genus
849 2141 895 2188 aut
905 2150 963 2190 sus·

166 2203 255 2274 cipite,
270 2213 316 2258 aut
328 2211 480 2273 susceptum
489 2212 633 2272 renovate3
643 2211 832 2260 testamentum
843 2213 888 2259 aut
901 2221 965 2260 con·

165 2273 244 2343 ficite,
265 2284 311 2329 aut
322 2274 484 2329 confirmate.
500 2275 650 2343 „Diuturna
664 2277 831 2345 experientia
843 2291 964 2343 comper·

164 2352 221 2400 tum
241 2354 290 2414 est,
309 2346 344 2400 ad
361 2345 527 2400 retinendam
551 2347 814 2416 conservandamque
839 2346 964 2402 sacerdo·

164 2417 227 2471 talis
246 2417 346 2472 ordinis
364 2417 519 2485 dignitatem
538 2425 565 2472 et
583 2419 783 2473 sanctimoniam
798 2433 964 2487 magnopere

165 2487 321 2556 conducere,
339 2495 370 2542 ut
384 2489 557 2543 ecclesiastici
570 2490 620 2543 viri
631 2491 814 2558 spiritualibus
828 2490 963 2546 exercitiis
1058 2493 1059 2504 ¹

165 2559 307 2626 aliquando
326 2566 430 2628 vacent,
450 2560 547 2626 quibus
566 2560 676 2628 quiquid
695 2561 813 2616 sordium
833 2558 866 2614 de
887 2575 964 2614 mun·

165 2627 234 2682 dano
252 2631 364 2698 pulvere
383 2638 548 2684 contractum
572 2639 621 2699 est,
646 2632 783 2700 commode
807 2629 963 2701 detergitur,

164 2701 359 2756 ecclesiasticus
378 2702 646 2771 spiritusreparatur,
665 2704 761 2757 mentis
780 2703 850 2756 acies
869 2701 905 2757 ad
925 2702 963 2756 di-

166 2770 288 2825 vinarum
316 2787 406 2826 rerum
434 2773 684 2840 contemplationem
711 2773 861 2841 extollitur,
888 2779 964 2828 recte

167 2849 312 2910 sancteque
329 2843 438 2898 vivendi
455 2859 550 2899 norma
573 2845 618 2898 vel
642 2845 790 2900 instituitur
806 2844 850 2898 val
868 2843 964 2899 condr-
