2138 3226
270 187 382 235 Quaedam
394 199 434 239 pro
448 189 559 230 exercitiis
572 189 732 240 spiritualibus.
858 187 900 232 228

140 290 174 345 V.
192 290 294 345 Emitte
314 290 442 358 Spiritum
459 297 535 346 tuum
553 298 582 347 et
599 290 770 360 creabuntur,

139 362 176 418 R.
194 362 232 416 Et
249 362 393 418 renovabis
410 361 506 417 faciem
523 369 620 416 terrae.

144 432 264 491 Oranus,
292 433 375 501 Deus,
395 435 440 500 qni
453 433 535 488 corda
552 432 672 488 fidelium
690 431 775 486 sancti
791 431 906 500 Spiritus

103 504 285 561 illustratione
311 503 439 573 docuisti3
468 504 502 559 de
528 505 605 560 nobis
629 504 658 558 in
686 503 780 558 eodem
806 502 906 571 Spiritu

104 583 182 630 recta
196 590 292 643 sapere
307 581 335 631 et
348 575 381 630 de
396 576 454 630 dns
467 591 573 645 semper
586 575 768 631 consolatione
780 574 907 642 gaudere.

102 646 174 771 fier·
187 647 322 702 Christum
339 647 483 702 Dominum
506 655 635 702 nostrum.
670 646 758 700 Amen
846 645 905 702 Are

134 733 194 772 ana
205 758 212 772 Ο
228 759 234 772 Ι
248 757 255 774 0

268 805 289 848 2
310 804 367 848 Auta
379 804 469 856 anedais
482 803 608 848 exercitium
621 817 739 849 commum.

143 877 175 932 V.
199 877 268 931 Veni
283 883 375 931 sancte
388 876 516 945 Spiritus,
533 877 610 946 reple
628 884 734 932 tuorum
746 876 827 932 corda
839 875 904 932 fide·

106 947 172 1003 lium
192 956 219 1003 et
236 949 276 1002 tui
294 949 392 1002 amoris
410 949 438 1002 in
457 948 496 1003 eis
514 948 602 1018 ignem
620 948 744 1003 accende.

149 1021 180 1074 V.
200 1019 300 1074 Emitte
318 1019 446 1088 Spiritum
464 1027 539 1074 tuum
557 1027 606 1074 etc.
624 1025 766 1088 utsupra.

298 1107 351 1150 Post
364 1105 447 1157 quidvis
460 1106 587 1150 exercitium
601 1119 719 1151 commune.

144 1178 256 1247 Agimus
270 1179 320 1233 tibi
333 1179 442 1247 gratim
459 1179 626 1246 omnipotens
639 1179 722 1248 Deus,
740 1195 791 1248 pro
799 1178 905 1233 univcr-

106 1250 144 1306 sis
162 1247 299 1305 beneficiis
318 1250 383 1316 tuis,
413 1250 459 1316 qui
483 1250 551 1304 vivis
576 1255 603 1304 et
625 1266 722 1318 regnas
746 1250 905 1306 insaecula

106 1321 285 1377 saeculorum.
304 1319 338 1360 ·'-
356 1321 391 1376 R.
409 1322 504 1377 Amen.

141 1392 202 1447 Ave
219 1392 328 1446 Maria.
344 1433 372 1446 ..
392 1391 490 1446 Sancta
506 1391 594 1445 Maria
608 1432 615 1447 .
630 1433 658 1448 ..

103 1465 176 1590 MV:
196 1463 253 1519 Nos
278 1480 338 1517 cum
360 1464 437 1531 prole
462 1464 516 1532 pin,
539 1493 575 1502 -
593 1463 629 1521 R.
651 1462 797 1518 Benedicat
820 1463 903 1531 Virgo

135 1550 201 1590 arsa.

193 1625 327 1680 Materies
349 1625 482 1678 examinis
502 1625 680 1694 particularis
697 1625 827 1692 tempore

295 1697 500 1752 exercitiorum
519 1696 715 1766 spirituaiium.

140 1782 170 1836 1⁰
187 1781 231 1906 An
248 1781 368 1836 taedium
385 1789 414 1836 ct
436 1789 570 1853 teporem,
597 1783 620 1837 si
638 1782 769 1852 occurrit,
797 1787 905 1837 strenue

102 1868 212 1910 excussi

141 1926 172 1980 2⁰
189 1925 233 1976 An
252 1939 356 1979 omnem
375 1924 576 1994 dissipationem
594 1923 687 1980 sedulo
705 1923 781 1994 fugi?

140 1995 171 2050 8⁰
188 1995 233 2048 An
251 1995 384 2049 silentium
403 1995 494 2050 stricte
513 1996 676 2052 observavi?

138 2067 170 2120 4⁰
187 2066 232 2120 An
250 2082 266 2120 a
283 2067 340 2121 risu
358 2067 493 2122 abstinui?

141 2138 171 2192 5⁰
189 2137 408 2208 Anmodestiam,
418 2139 577 2206 praesertim
584 2138 730 2207 oculorum,
742 2135 904 2192 observari?

141 2209 172 2263 6ο
189 2209 234 2262 An
250 2216 351 2277 puncta
369 2207 549 2280 meditationis
568 2217 669 2265 abente
687 2209 797 2264 audivi?

141 2280 172 2333 7⁰
188 2280 233 2334 An
249 2295 373 2350 vespere,
397 2287 459 2350 post
477 2281 602 2351 cubitum,
626 2288 688 2337 ente
707 2296 828 2336 somnum
845 2279 905 2334 bre·

104 2352 174 2407 viter
191 2351 307 2419 cogitavi
325 2351 359 2406 de
377 2351 571 2406 meditatione?

143 2421 174 2477 8⁰
190 2422 235 2476 An
252 2421 466 2491 expergefactus,
486 2423 600 2478 exclusis
619 2422 678 2476 aliis
692 2421 905 2491 cogitationibus,

109 2493 142 2548 de
160 2492 255 2548 eadem
273 2494 403 2562 cogitavi,
432 2500 460 2548 et
476 2493 523 2548 illa
540 2494 605 2548 mihi
623 2493 764 2564 proposui,
790 2507 858 2562 quae
876 2493 905 2546 in

107 2563 254 2633 praeludiis
271 2565 336 2618 mihi
353 2565 493 2633 proposita
510 2565 606 2620 erant?

142 2636 172 2690 9⁰
189 2636 233 2690 An
251 2635 402 2690 immediate
416 2644 478 2690 ante
497 2635 698 2691 meditationem
710 2633 826 2688 animum
838 2647 903 2702 pau·

108 2705 189 2776 lisper
207 2705 242 2761 ad
259 2707 348 2762 Deum
367 2707 489 2762 elevavi?

143 2778 250 2902 10⁰?An
267 2779 295 2832 in
312 2777 483 2835 meditatione
502 2777 607 2833 servavi
626 2775 765 2830 decentem
781 2773 902 2841 corporis

106 2849 182 2904 situm
