<?xml version="1.0" encoding="UTF-8"?>
<!DOCTYPE html PUBLIC "-//W3C//DTD XHTML 1.0 Transitional//EN"
    "http://www.w3.org/TR/xhtml1/DTD/xhtml1-transitional.dtd">
<html xmlns="http://www.w3.org/1999/xhtml" xml:lang="en" lang="en">
 <head>
  <title>
</title>
<meta http-equiv="Content-Type" content="text/html;charset=utf-8" />
  <meta name='ocr-system' content='tesseract 3.04.00' />
  <meta name='ocr-capabilities' content='ocr_page ocr_carea ocr_par ocr_line ocrx_word'/>
</head>
<body>
  <div class='ocr_page' id='page_1' title='image "./manualesacerdot00schngoog_0103.png"; bbox 0 0 2108 3226; ppageno 0'>
   <div class='ocr_carea' id='block_1_1' title="bbox 290 174 877 229">
    <p class='ocr_par' dir='ltr' id='par_1_1' title="bbox 290 174 877 229">
     <span class='ocr_line' id='line_1_1' title="bbox 290 174 877 229; baseline 0.002 -10"><span class='ocrx_word' id='word_1_1' title='bbox 290 179 322 219; x_wconf 83' lang='lat' dir='ltr'><strong>De</strong></span> <span class='ocrx_word' id='word_1_2' title='bbox 335 177 509 229; x_wconf 65' lang='lat' dir='ltr'><strong>praeparatione</strong></span> <span class='ocrx_word' id='word_1_3' title='bbox 522 179 550 218; x_wconf 73' lang='lat' dir='ltr'><strong>td</strong></span> <span class='ocrx_word' id='word_1_4' title='bbox 563 179 660 220; x_wconf 70' lang='lat' dir='ltr'><strong>Mirum</strong></span> <span class='ocrx_word' id='word_1_5' title='bbox 850 174 877 220; x_wconf 76' lang='lat'><strong>⁷8</strong></span> 
     </span>
    </p>
   </div>
   <div class='ocr_carea' id='block_1_2' title="bbox 75 279 876 2484">
    <p class='ocr_par' dir='ltr' id='par_1_2' title="bbox 78 279 875 774">
     <span class='ocr_line' id='line_1_2' title="bbox 81 279 874 340; baseline 0.01 -8"><span class='ocrx_word' id='word_1_6' title='bbox 81 279 194 334; x_wconf 80' lang='lat' dir='ltr'><strong>vivorum</strong></span> <span class='ocrx_word' id='word_1_7' title='bbox 212 288 241 335; x_wconf 90' lang='lat' dir='ltr'><strong>et</strong></span> <span class='ocrx_word' id='word_1_8' title='bbox 261 280 449 336; x_wconf 85' lang='lat' dir='ltr'><strong>defimetorum</strong></span> <span class='ocrx_word' id='word_1_9' title='bbox 466 282 677 338; x_wconf 89' lang='lat' dir='ltr'><strong>necessitatibus.</strong></span> <span class='ocrx_word' id='word_1_10' title='bbox 711 282 772 338; x_wconf 89' lang='lat' dir='ltr'><strong>Uno</strong></span> <span class='ocrx_word' id='word_1_11' title='bbox 791 283 874 340; x_wconf 87' lang='lat' dir='ltr'><strong>verbo</strong></span> 
     </span>
     <span class='ocr_line' id='line_1_3' title="bbox 81 353 875 423; baseline 0.004 -17"><span class='ocrx_word' id='word_1_12' title='bbox 81 353 256 418; x_wconf 66' lang='lat' dir='ltr'><em>spectaculum</em></span> <span class='ocrx_word' id='word_1_13' title='bbox 273 353 366 420; x_wconf 78' lang='lat' dir='ltr'><strong>scetes</strong></span> <span class='ocrx_word' id='word_1_14' title='bbox 385 369 412 406; x_wconf 86' lang='lat' dir='ltr'><strong>ee</strong></span> <span class='ocrx_word' id='word_1_15' title='bbox 426 353 485 406; x_wconf 88' lang='lat' dir='ltr'><strong>Deo</strong></span> <span class='ocrx_word' id='word_1_16' title='bbox 503 357 529 407; x_wconf 85' lang='lat' dir='ltr'><strong>et</strong></span> <span class='ocrx_word' id='word_1_17' title='bbox 541 353 653 423; x_wconf 60' lang='lat' dir='ltr'><strong>Aucta</strong></span> <span class='ocrx_word' id='word_1_18' title='bbox 671 358 696 407; x_wconf 85' lang='lat' dir='ltr'><strong>et</strong></span> <span class='ocrx_word' id='word_1_19' title='bbox 708 354 875 422; x_wconf 53' lang='lat' dir='ltr'><strong>homiminem</strong></span> 
     </span>
     <span class='ocr_line' id='line_1_4' title="bbox 82 423 875 494; baseline 0.009 -20"><span class='ocrx_word' id='word_1_20' title='bbox 82 437 139 476; x_wconf 84' lang='lat' dir='ltr'><strong>cave</strong></span> <span class='ocrx_word' id='word_1_21' title='bbox 157 439 238 494; x_wconf 82' lang='lat' dir='ltr'><strong>ergo,</strong></span> <span class='ocrx_word' id='word_1_22' title='bbox 267 439 303 477; x_wconf 91' lang='lat' dir='ltr'><strong>ne</strong></span> <span class='ocrx_word' id='word_1_23' title='bbox 322 423 388 491; x_wconf 88' lang='lat' dir='ltr'><strong>quid</strong></span> <span class='ocrx_word' id='word_1_24' title='bbox 404 424 530 479; x_wconf 77' lang='lat' dir='ltr'>indecens</span> <span class='ocrx_word' id='word_1_25' title='bbox 550 431 577 479; x_wconf 87' lang='lat' dir='ltr'><strong>et</strong></span> <span class='ocrx_word' id='word_1_26' title='bbox 593 425 714 492; x_wconf 88' lang='lat' dir='ltr'><strong>ineptum</strong></span> <span class='ocrx_word' id='word_1_27' title='bbox 737 424 766 477; x_wconf 93' lang='lat' dir='ltr'><strong>in</strong></span> <span class='ocrx_word' id='word_1_28' title='bbox 783 431 810 480; x_wconf 92' lang='lat' dir='ltr'><strong>te</strong></span> <span class='ocrx_word' id='word_1_29' title='bbox 828 441 875 494; x_wconf 86' lang='lat' dir='ltr'><strong>ap-</strong></span> 
     </span>
     <span class='ocr_line' id='line_1_5' title="bbox 81 495 875 564; baseline 0.006 -17"><span class='ocrx_word' id='word_1_30' title='bbox 81 500 180 564; x_wconf 86' lang='lat' dir='ltr'><strong>pareat,</strong></span> <span class='ocrx_word' id='word_1_31' title='bbox 209 495 285 562; x_wconf 89' lang='lat' dir='ltr'><strong>quod</strong></span> <span class='ocrx_word' id='word_1_32' title='bbox 302 495 357 549; x_wconf 91' lang='lat' dir='ltr'><strong>Dei</strong></span> <span class='ocrx_word' id='word_1_33' title='bbox 376 511 407 550; x_wconf 84' lang='lat' dir='ltr'><strong>ao</strong></span> <span class='ocrx_word' id='word_1_34' title='bbox 425 495 580 552; x_wconf 85' lang='lat' dir='ltr'><strong>coelestium</strong></span> <span class='ocrx_word' id='word_1_35' title='bbox 603 496 701 550; x_wconf 84' lang='lat' dir='ltr'><strong>civium</strong></span> <span class='ocrx_word' id='word_1_36' title='bbox 719 495 875 562; x_wconf 88' lang='lat' dir='ltr'><strong>purissimos</strong></span> 
     </span>
     <span class='ocr_line' id='line_1_6' title="bbox 81 565 875 636; baseline 0.004 -17"><span class='ocrx_word' id='word_1_37' title='bbox 81 565 164 620; x_wconf 77' lang='lat' dir='ltr'><strong>ocidos</strong></span> <span class='ocrx_word' id='word_1_38' title='bbox 182 565 321 634; x_wconf 81' lang='lat' dir='ltr'><strong>offendet3</strong></span> <span class='ocrx_word' id='word_1_39' title='bbox 346 567 419 636; x_wconf 86' lang='lat' dir='ltr'><strong>item,</strong></span> <span class='ocrx_word' id='word_1_40' title='bbox 437 582 471 620; x_wconf 88' lang='lat' dir='ltr'><strong>ne</strong></span> <span class='ocrx_word' id='word_1_41' title='bbox 490 567 554 634; x_wconf 81' lang='lat' dir='ltr'><strong>qud</strong></span> <span class='ocrx_word' id='word_1_42' title='bbox 571 582 644 636; x_wconf 83' lang='lat' dir='ltr'><strong>ages,</strong></span> <span class='ocrx_word' id='word_1_43' title='bbox 671 582 725 634; x_wconf 90' lang='lat' dir='ltr'><strong>quo</strong></span> <span class='ocrx_word' id='word_1_44' title='bbox 746 567 875 622; x_wconf 84' lang='lat' dir='ltr'><strong>ecclesiae</strong></span> 
     </span>
     <span class='ocr_line' id='line_1_7' title="bbox 78 636 875 707; baseline 0.008 -19"><span class='ocrx_word' id='word_1_45' title='bbox 78 636 209 693; x_wconf 87' lang='lat' dir='ltr'><strong>militantis</strong></span> <span class='ocrx_word' id='word_1_46' title='bbox 227 639 258 691; x_wconf 93' lang='lat' dir='ltr'><strong>in</strong></span> <span class='ocrx_word' id='word_1_47' title='bbox 276 646 365 706; x_wconf 86' lang='lat' dir='ltr'><strong>terra,</strong></span> <span class='ocrx_word' id='word_1_48' title='bbox 394 645 422 693; x_wconf 87' lang='lat' dir='ltr'><strong>et</strong></span> <span class='ocrx_word' id='word_1_49' title='bbox 439 639 564 706; x_wconf 87' lang='lat' dir='ltr'><strong>patientis</strong></span> <span class='ocrx_word' id='word_1_50' title='bbox 589 639 618 692; x_wconf 93' lang='lat' dir='ltr'><strong>in</strong></span> <span class='ocrx_word' id='word_1_51' title='bbox 644 638 801 707; x_wconf 78' lang='lat' dir='ltr'><strong>purgatorio</strong></span> <span class='ocrx_word' id='word_1_52' title='bbox 831 653 875 694; x_wconf 84' lang='lat' dir='ltr'><strong>ex·</strong></span> 
     </span>
     <span class='ocr_line' id='line_1_8' title="bbox 78 708 407 774; baseline 0.003 -13"><span class='ocrx_word' id='word_1_53' title='bbox 78 709 201 774; x_wconf 79' lang='lat' dir='ltr'><strong>spectatio</strong></span> <span class='ocrx_word' id='word_1_54' title='bbox 221 708 407 763; x_wconf 76' lang='lat' dir='ltr'>defraudetur.</span> 
     </span>
    </p>

    <p class='ocr_par' dir='ltr' id='par_1_3' title="bbox 75 778 876 1774">
     <span class='ocr_line' id='line_1_9' title="bbox 113 778 875 849; baseline 0.005 -18"><span class='ocrx_word' id='word_1_55' title='bbox 113 778 220 834; x_wconf 84' lang='lat' dir='ltr'><strong>Sextum</strong></span> <span class='ocrx_word' id='word_1_56' title='bbox 237 780 389 834; x_wconf 82' lang='lat' dir='ltr'><strong>desumitur</strong></span> <span class='ocrx_word' id='word_1_57' title='bbox 401 779 471 849; x_wconf 88' lang='lat' dir='ltr'><strong>inde,</strong></span> <span class='ocrx_word' id='word_1_58' title='bbox 488 779 560 847; x_wconf 89' lang='lat' dir='ltr'><strong>quod</strong></span> <span class='ocrx_word' id='word_1_59' title='bbox 576 779 604 833; x_wconf 92' lang='lat' dir='ltr'><strong>in</strong></span> <span class='ocrx_word' id='word_1_60' title='bbox 615 781 667 834; x_wconf 90' lang='lat' dir='ltr'><strong>hoc</strong></span> <span class='ocrx_word' id='word_1_61' title='bbox 677 781 818 834; x_wconf 87' lang='lat' dir='ltr'><strong>incruento</strong></span> <span class='ocrx_word' id='word_1_62' title='bbox 833 796 875 835; x_wconf 89' lang='lat' dir='ltr'><strong>sa·</strong></span> 
     </span>
     <span class='ocr_line' id='line_1_10' title="bbox 77 848 875 920; baseline 0.005 -18"><span class='ocrx_word' id='word_1_63' title='bbox 77 848 170 905; x_wconf 84' lang='lat' dir='ltr'><strong>orificio</strong></span> <span class='ocrx_word' id='word_1_64' title='bbox 183 859 328 906; x_wconf 89' lang='lat' dir='ltr'><strong>cruentum</strong></span> <span class='ocrx_word' id='word_1_65' title='bbox 341 851 416 920; x_wconf 89' lang='lat' dir='ltr'><strong>illud,</strong></span> <span class='ocrx_word' id='word_1_66' title='bbox 429 851 502 919; x_wconf 88' lang='lat' dir='ltr'><strong>quod</strong></span> <span class='ocrx_word' id='word_1_67' title='bbox 511 851 593 906; x_wconf 90' lang='lat' dir='ltr'><strong>semel</strong></span> <span class='ocrx_word' id='word_1_68' title='bbox 605 851 634 904; x_wconf 92' lang='lat' dir='ltr'><strong>in</strong></span> <span class='ocrx_word' id='word_1_69' title='bbox 645 867 723 906; x_wconf 88' lang='lat' dir='ltr'><strong>cruce</strong></span> <span class='ocrx_word' id='word_1_70' title='bbox 735 858 875 920; x_wconf 84' lang='lat' dir='ltr'><strong>peractum</strong></span> 
     </span>
     <span class='ocr_line' id='line_1_11' title="bbox 79 921 873 992; baseline 0.004 -17"><span class='ocrx_word' id='word_1_71' title='bbox 79 928 124 991; x_wconf 83' lang='lat' dir='ltr'><strong>est,</strong></span> <span class='ocrx_word' id='word_1_72' title='bbox 131 937 164 976; x_wconf 85' lang='lat' dir='ltr'><strong>ex</strong></span> <span class='ocrx_word' id='word_1_73' title='bbox 171 939 225 990; x_wconf 89' lang='lat' dir='ltr'><strong>quo</strong></span> <span class='ocrx_word' id='word_1_74' title='bbox 234 923 327 978; x_wconf 89' lang='lat' dir='ltr'><strong>omnia</strong></span> <span class='ocrx_word' id='word_1_75' title='bbox 335 923 414 991; x_wconf 83' lang='lat' dir='ltr'><strong>bons,</strong></span> <span class='ocrx_word' id='word_1_76' title='bbox 425 937 568 990; x_wconf 89' lang='lat' dir='ltr'><strong>omnesque</strong></span> <span class='ocrx_word' id='word_1_77' title='bbox 575 923 694 977; x_wconf 82' lang='lat' dir='ltr'><strong>thesauri</strong></span> <span class='ocrx_word' id='word_1_78' title='bbox 702 921 873 992; x_wconf 76' lang='lat' dir='ltr'><strong>divinaegra·</strong></span> 
     </span>
     <span class='ocr_line' id='line_1_12' title="bbox 77 993 872 1062; baseline 0.006 -18"><span class='ocrx_word' id='word_1_79' title='bbox 77 993 127 1046; x_wconf 85' lang='lat' dir='ltr'><strong>tiae</strong></span> <span class='ocrx_word' id='word_1_80' title='bbox 133 993 332 1062; x_wconf 85' lang='lat' dir='ltr'><strong>profluxerunt,</strong></span> <span class='ocrx_word' id='word_1_81' title='bbox 345 993 750 1062; x_wconf 86' lang='lat' dir='ltr'><strong>nonverbistantumsedreipsa</strong></span> <span class='ocrx_word' id='word_1_82' title='bbox 763 1010 872 1062; x_wconf 82' lang='lat' dir='ltr'><strong>reprae-</strong></span> 
     </span>
     <span class='ocr_line' id='line_1_13' title="bbox 76 1064 873 1133; baseline 0.005 -17"><span class='ocrx_word' id='word_1_83' title='bbox 76 1071 193 1118; x_wconf 85' lang='lat' dir='ltr'><strong>sentatur</strong></span> <span class='ocrx_word' id='word_1_84' title='bbox 212 1073 241 1120; x_wconf 86' lang='lat' dir='ltr'><strong>et</strong></span> <span class='ocrx_word' id='word_1_85' title='bbox 260 1065 432 1133; x_wconf 82' lang='lat' dir='ltr'><strong>exprimitur3</strong></span> <span class='ocrx_word' id='word_1_86' title='bbox 451 1080 506 1118; x_wconf 87' lang='lat' dir='ltr'><strong>nna</strong></span> <span class='ocrx_word' id='word_1_87' title='bbox 519 1064 649 1132; x_wconf 81' lang='lat' dir='ltr'><strong>siquidem</strong></span> <span class='ocrx_word' id='word_1_88' title='bbox 667 1073 695 1119; x_wconf 89' lang='lat' dir='ltr'><strong>et</strong></span> <span class='ocrx_word' id='word_1_89' title='bbox 713 1065 807 1120; x_wconf 87' lang='lat' dir='ltr'><strong>eedem</strong></span> <span class='ocrx_word' id='word_1_90' title='bbox 831 1073 873 1122; x_wconf 88' lang='lat' dir='ltr'><strong>est</strong></span> 
     </span>
     <span class='ocr_line' id='line_1_14' title="bbox 77 1133 872 1206; baseline 0.005 -20"><span class='ocrx_word' id='word_1_91' title='bbox 77 1133 167 1206; x_wconf 85' lang='lat' dir='ltr'><strong>hostia,</strong></span> <span class='ocrx_word' id='word_1_92' title='bbox 176 1136 251 1190; x_wconf 92' lang='lat' dir='ltr'><strong>idem</strong></span> <span class='ocrx_word' id='word_1_93' title='bbox 257 1136 413 1204; x_wconf 85' lang='lat' dir='ltr'><strong>principalis</strong></span> <span class='ocrx_word' id='word_1_94' title='bbox 421 1135 543 1204; x_wconf 83' lang='lat' dir='ltr'><strong>offerens,</strong></span> <span class='ocrx_word' id='word_1_95' title='bbox 552 1135 622 1189; x_wconf 89' lang='lat' dir='ltr'><strong>idem</strong></span> <span class='ocrx_word' id='word_1_96' title='bbox 631 1136 758 1206; x_wconf 81' lang='lat' dir='ltr'><strong>Christus,</strong></span> <span class='ocrx_word' id='word_1_97' title='bbox 772 1137 818 1204; x_wconf 88' lang='lat' dir='ltr'><strong>qni</strong></span> <span class='ocrx_word' id='word_1_98' title='bbox 824 1138 872 1190; x_wconf 90' lang='lat' dir='ltr'><strong>im-</strong></span> 
     </span>
     <span class='ocr_line' id='line_1_15' title="bbox 77 1205 873 1276; baseline 0.005 -18"><span class='ocrx_word' id='word_1_99' title='bbox 77 1207 200 1276; x_wconf 62' lang='lat' dir='ltr'><strong>molatum</strong></span> <span class='ocrx_word' id='word_1_100' title='bbox 217 1208 320 1262; x_wconf 86' lang='lat' dir='ltr'><strong>ideireo</strong></span> <span class='ocrx_word' id='word_1_101' title='bbox 338 1207 439 1261; x_wconf 82' lang='lat' dir='ltr'><strong>cirmad</strong></span> <span class='ocrx_word' id='word_1_102' title='bbox 449 1205 711 1264; x_wconf 87' lang='lat' dir='ltr'><strong>sacrumfeoiendurn</strong></span> <span class='ocrx_word' id='word_1_103' title='bbox 722 1215 749 1262; x_wconf 91' lang='lat' dir='ltr'><strong>te</strong></span> <span class='ocrx_word' id='word_1_104' title='bbox 758 1223 873 1276; x_wconf 82' lang='lat' dir='ltr'><strong>praepa·</strong></span> 
     </span>
     <span class='ocr_line' id='line_1_16' title="bbox 76 1277 872 1346; baseline 0.001 -14"><span class='ocrx_word' id='word_1_105' title='bbox 76 1291 125 1346; x_wconf 86' lang='lat' dir='ltr'><strong>ras,</strong></span> <span class='ocrx_word' id='word_1_106' title='bbox 137 1277 299 1333; x_wconf 83' lang='lat' dir='ltr'><strong>fasciculum</strong></span> <span class='ocrx_word' id='word_1_107' title='bbox 307 1279 356 1332; x_wconf 91' lang='lat' dir='ltr'><strong>tibi</strong></span> <span class='ocrx_word' id='word_1_108' title='bbox 370 1279 495 1346; x_wconf 82' lang='lat' dir='ltr'><strong>colligere</strong></span> <span class='ocrx_word' id='word_1_109' title='bbox 505 1277 587 1332; x_wconf 88' lang='lat' dir='ltr'><strong>debes</strong></span> <span class='ocrx_word' id='word_1_110' title='bbox 600 1293 634 1332; x_wconf 84' lang='lat' dir='ltr'><strong>ex</strong></span> <span class='ocrx_word' id='word_1_111' title='bbox 647 1279 768 1333; x_wconf 88' lang='lat' dir='ltr'><strong>omnibus</strong></span> <span class='ocrx_word' id='word_1_112' title='bbox 781 1279 872 1334; x_wconf 73' lang='lat' dir='ltr'><strong>anxie</strong></span> 
     </span>
     <span class='ocr_line' id='line_1_17' title="bbox 75 1349 872 1416; baseline 0.004 -14"><span class='ocrx_word' id='word_1_113' title='bbox 75 1349 170 1405; x_wconf 83' lang='lat' dir='ltr'><strong>tatibus</strong></span> <span class='ocrx_word' id='word_1_114' title='bbox 190 1356 218 1404; x_wconf 88' lang='lat' dir='ltr'><strong>et</strong></span> <span class='ocrx_word' id='word_1_115' title='bbox 232 1349 455 1404; x_wconf 78' lang='lat' dir='ltr'><strong>amaritudinibus</strong></span> <span class='ocrx_word' id='word_1_116' title='bbox 471 1349 579 1404; x_wconf 88' lang='lat' dir='ltr'><strong>Domini</strong></span> <span class='ocrx_word' id='word_1_117' title='bbox 597 1349 737 1416; x_wconf 83' lang='lat' dir='ltr'><strong>cordisque</strong></span> <span class='ocrx_word' id='word_1_118' title='bbox 749 1349 872 1405; x_wconf 87' lang='lat' dir='ltr'><strong>medullis</strong></span> 
     </span>
     <span class='ocr_line' id='line_1_18' title="bbox 76 1418 873 1491; baseline 0.008 -21"><span class='ocrx_word' id='word_1_119' title='bbox 76 1418 199 1491; x_wconf 87' lang='lat' dir='ltr'><strong>inserere,</strong></span> <span class='ocrx_word' id='word_1_120' title='bbox 220 1429 312 1475; x_wconf 86' lang='lat' dir='ltr'><strong>mente</strong></span> <span class='ocrx_word' id='word_1_121' title='bbox 334 1428 362 1474; x_wconf 91' lang='lat' dir='ltr'><strong>et</strong></span> <span class='ocrx_word' id='word_1_122' title='bbox 374 1419 471 1475; x_wconf 85' lang='lat' dir='ltr'><strong>affeetu</strong></span> <span class='ocrx_word' id='word_1_123' title='bbox 491 1420 583 1475; x_wconf 89' lang='lat' dir='ltr'><strong>sedulo</strong></span> <span class='ocrx_word' id='word_1_124' title='bbox 598 1420 762 1475; x_wconf 85' lang='lat' dir='ltr'><strong>revolvendo</strong></span> <span class='ocrx_word' id='word_1_125' title='bbox 783 1421 873 1476; x_wconf 85' lang='lat' dir='ltr'><strong>omnis</strong></span> 
     </span>
     <span class='ocr_line' id='line_1_19' title="bbox 76 1491 875 1562; baseline 0.003 -18"><span class='ocrx_word' id='word_1_126' title='bbox 76 1496 214 1562; x_wconf 87' lang='lat' dir='ltr'><strong>tormenta,</strong></span> <span class='ocrx_word' id='word_1_127' title='bbox 229 1507 301 1560; x_wconf 87' lang='lat' dir='ltr'><strong>quse</strong></span> <span class='ocrx_word' id='word_1_128' title='bbox 314 1507 365 1560; x_wconf 89' lang='lat' dir='ltr'><strong>pro</strong></span> <span class='ocrx_word' id='word_1_129' title='bbox 379 1492 464 1546; x_wconf 87' lang='lat' dir='ltr'><strong>saluto</strong></span> <span class='ocrx_word' id='word_1_130' title='bbox 476 1499 721 1560; x_wconf 87' lang='lat' dir='ltr'><strong>nostraperpessus</strong></span> <span class='ocrx_word' id='word_1_131' title='bbox 734 1497 790 1560; x_wconf 81' lang='lat' dir='ltr'><strong>est3</strong></span> <span class='ocrx_word' id='word_1_132' title='bbox 808 1491 875 1546; x_wconf 83' lang='lat' dir='ltr'><strong>hoec</strong></span> 
     </span>
     <span class='ocr_line' id='line_1_20' title="bbox 77 1559 876 1636; baseline 0.004 -22"><span class='ocrx_word' id='word_1_133' title='bbox 77 1559 231 1631; x_wconf 81' lang='lat' dir='ltr'><strong>frequenter</strong></span> <span class='ocrx_word' id='word_1_134' title='bbox 243 1565 273 1634; x_wconf 88' lang='lat' dir='ltr'><strong>in</strong></span> <span class='ocrx_word' id='word_1_135' title='bbox 287 1578 349 1631; x_wconf 88' lang='lat' dir='ltr'><strong>ore,</strong></span> <span class='ocrx_word' id='word_1_136' title='bbox 372 1563 439 1616; x_wconf 89' lang='lat' dir='ltr'><strong>haec</strong></span> <span class='ocrx_word' id='word_1_137' title='bbox 457 1578 562 1631; x_wconf 87' lang='lat' dir='ltr'><strong>semper</strong></span> <span class='ocrx_word' id='word_1_138' title='bbox 580 1565 608 1617; x_wconf 92' lang='lat' dir='ltr'><strong>in</strong></span> <span class='ocrx_word' id='word_1_139' title='bbox 622 1563 702 1617; x_wconf 92' lang='lat' dir='ltr'><strong>corde</strong></span> <span class='ocrx_word' id='word_1_140' title='bbox 714 1563 829 1636; x_wconf 77' lang='lat' dir='ltr'><strong>habeas²</strong></span> <span class='ocrx_word' id='word_1_141' title='bbox 848 1570 876 1617; x_wconf 87' lang='lat' dir='ltr'><strong>et</strong></span> 
     </span>
     <span class='ocr_line' id='line_1_21' title="bbox 80 1631 875 1702; baseline 0.001 -15"><span class='ocrx_word' id='word_1_142' title='bbox 80 1631 142 1687; x_wconf 84' lang='lat' dir='ltr'><strong>haee</strong></span> <span class='ocrx_word' id='word_1_143' title='bbox 154 1636 205 1690; x_wconf 94' lang='lat' dir='ltr'><strong>tibi</strong></span> <span class='ocrx_word' id='word_1_144' title='bbox 221 1636 258 1689; x_wconf 88' lang='lat' dir='ltr'><strong>sit</strong></span> <span class='ocrx_word' id='word_1_145' title='bbox 278 1635 416 1688; x_wconf 80' lang='lat' dir='ltr'><strong>sublimior</strong></span> <span class='ocrx_word' id='word_1_146' title='bbox 426 1634 610 1702; x_wconf 87' lang='lat' dir='ltr'><strong>philosophia,</strong></span> <span class='ocrx_word' id='word_1_147' title='bbox 634 1634 703 1688; x_wconf 86' lang='lat' dir='ltr'><strong>seire</strong></span> <span class='ocrx_word' id='word_1_148' title='bbox 716 1634 824 1701; x_wconf 77' lang='lat' dir='ltr'><strong>lesum,</strong></span> <span class='ocrx_word' id='word_1_149' title='bbox 848 1641 875 1688; x_wconf 90' lang='lat' dir='ltr'><strong>et</strong></span> 
     </span>
     <span class='ocr_line' id='line_1_22' title="bbox 79 1702 786 1774; baseline 0.001 -18"><span class='ocrx_word' id='word_1_150' title='bbox 79 1702 144 1759; x_wconf 86' lang='lat' dir='ltr'><strong>huno</strong></span> <span class='ocrx_word' id='word_1_151' title='bbox 158 1705 325 1760; x_wconf 88' lang='lat' dir='ltr'><strong>crucifixum.</strong></span> <span class='ocrx_word' id='word_1_152' title='bbox 341 1705 378 1774; x_wconf 85' lang='lat' dir='ltr'><strong>(S.</strong></span> <span class='ocrx_word' id='word_1_153' title='bbox 391 1705 471 1760; x_wconf 88' lang='lat' dir='ltr'><strong>Bern.</strong></span> <span class='ocrx_word' id='word_1_154' title='bbox 484 1721 563 1760; x_wconf 89' lang='lat' dir='ltr'><strong>serm.</strong></span> <span class='ocrx_word' id='word_1_155' title='bbox 576 1707 620 1758; x_wconf 81' lang='lat'><strong>41.</strong></span> <span class='ocrx_word' id='word_1_156' title='bbox 633 1705 662 1758; x_wconf 88' lang='lat' dir='ltr'><strong>in</strong></span> <span class='ocrx_word' id='word_1_157' title='bbox 677 1704 786 1772; x_wconf 81' lang='lat' dir='ltr'><strong>Cautio.)</strong></span> 
     </span>
    </p>

    <p class='ocr_par' dir='ltr' id='par_1_4' title="bbox 79 1775 876 2269">
     <span class='ocr_line' id='line_1_23' title="bbox 111 1775 876 1845; baseline 0.003 -17"><span class='ocrx_word' id='word_1_158' title='bbox 111 1775 237 1845; x_wconf 89' lang='lat' dir='ltr'><strong>Denique</strong></span> <span class='ocrx_word' id='word_1_159' title='bbox 256 1776 291 1830; x_wconf 89' lang='lat' dir='ltr'><strong>ad</strong></span> <span class='ocrx_word' id='word_1_160' title='bbox 304 1775 471 1831; x_wconf 82' lang='lat' dir='ltr'><strong>excitandam</strong></span> <span class='ocrx_word' id='word_1_161' title='bbox 486 1777 656 1831; x_wconf 86' lang='lat' dir='ltr'><strong>devotionem</strong></span> <span class='ocrx_word' id='word_1_162' title='bbox 669 1775 822 1830; x_wconf 86' lang='lat' dir='ltr'><strong>necessaria</strong></span> <span class='ocrx_word' id='word_1_163' title='bbox 835 1782 876 1832; x_wconf 84' lang='lat' dir='ltr'><strong>est</strong></span> 
     </span>
     <span class='ocr_line' id='line_1_24' title="bbox 79 1843 876 1917; baseline 0.008 -21"><span class='ocrx_word' id='word_1_164' title='bbox 79 1843 219 1917; x_wconf 83' lang='lat' dir='ltr'><strong>humilitas,</strong></span> <span class='ocrx_word' id='word_1_165' title='bbox 241 1863 311 1914; x_wconf 86' lang='lat' dir='ltr'><strong>quae</strong></span> <span class='ocrx_word' id='word_1_166' title='bbox 327 1863 393 1916; x_wconf 87' lang='lat' dir='ltr'><strong>prae</strong></span> <span class='ocrx_word' id='word_1_167' title='bbox 408 1849 504 1902; x_wconf 86' lang='lat' dir='ltr'><strong>ceteris</strong></span> <span class='ocrx_word' id='word_1_168' title='bbox 514 1847 658 1902; x_wconf 80' lang='lat' dir='ltr'><strong>virtutibus</strong></span> <span class='ocrx_word' id='word_1_169' title='bbox 670 1847 698 1900; x_wconf 89' lang='lat' dir='ltr'><strong>in</strong></span> <span class='ocrx_word' id='word_1_170' title='bbox 709 1847 876 1902; x_wconf 86' lang='lat' dir='ltr'><strong>institutione</strong></span> 
     </span>
     <span class='ocr_line' id='line_1_25' title="bbox 79 1914 874 1987; baseline 0.008 -19"><span class='ocrx_word' id='word_1_171' title='bbox 79 1914 152 1973; x_wconf 86' lang='lat' dir='ltr'><strong>huius</strong></span> <span class='ocrx_word' id='word_1_172' title='bbox 165 1917 292 1974; x_wconf 82' lang='lat' dir='ltr'><strong>sacrificii</strong></span> <span class='ocrx_word' id='word_1_173' title='bbox 306 1919 420 1972; x_wconf 83' lang='lat' dir='ltr'><strong>maxime</strong></span> <span class='ocrx_word' id='word_1_174' title='bbox 433 1919 540 1987; x_wconf 83' lang='lat' dir='ltr'><strong>enituit3</strong></span> <span class='ocrx_word' id='word_1_175' title='bbox 559 1919 662 1972; x_wconf 82' lang='lat' dir='ltr'><strong>itemst</strong></span> <span class='ocrx_word' id='word_1_176' title='bbox 674 1919 768 1986; x_wconf 82' lang='lat' dir='ltr'><strong>ingens</strong></span> <span class='ocrx_word' id='word_1_177' title='bbox 781 1917 874 1985; x_wconf 81' lang='lat' dir='ltr'><strong>fames,</strong></span> 
     </span>
     <span class='ocr_line' id='line_1_26' title="bbox 80 1984 875 2058; baseline 0.006 -19"><span class='ocrx_word' id='word_1_178' title='bbox 80 1984 182 2045; x_wconf 78' lang='lat' dir='ltr'><strong>fervens</strong></span> <span class='ocrx_word' id='word_1_179' title='bbox 202 1990 368 2046; x_wconf 88' lang='lat' dir='ltr'><strong>desiderium</strong></span> <span class='ocrx_word' id='word_1_180' title='bbox 385 1997 465 2058; x_wconf 84' lang='lat' dir='ltr'><strong>etque</strong></span> <span class='ocrx_word' id='word_1_181' title='bbox 484 1989 685 2044; x_wconf 85' lang='lat' dir='ltr'><strong>ardentissimus</strong></span> <span class='ocrx_word' id='word_1_182' title='bbox 704 2005 778 2044; x_wconf 89' lang='lat' dir='ltr'><strong>amor</strong></span> <span class='ocrx_word' id='word_1_183' title='bbox 794 1990 875 2044; x_wconf 89' lang='lat' dir='ltr'><strong>huius</strong></span> 
     </span>
     <span class='ocr_line' id='line_1_27' title="bbox 80 2060 875 2129; baseline 0.003 -17"><span class='ocrx_word' id='word_1_184' title='bbox 80 2061 188 2128; x_wconf 79' lang='lat' dir='ltr'><strong>angelici</strong></span> <span class='ocrx_word' id='word_1_185' title='bbox 200 2063 295 2129; x_wconf 76' lang='lat' dir='ltr'><strong>pauis3</strong></span> <span class='ocrx_word' id='word_1_186' title='bbox 315 2061 351 2115; x_wconf 86' lang='lat' dir='ltr'><strong>ad</strong></span> <span class='ocrx_word' id='word_1_187' title='bbox 363 2076 442 2128; x_wconf 92' lang='lat' dir='ltr'><strong>quem</strong></span> <span class='ocrx_word' id='word_1_188' title='bbox 455 2060 610 2116; x_wconf 88' lang='lat' dir='ltr'><strong>sumendum</strong></span> <span class='ocrx_word' id='word_1_189' title='bbox 628 2076 678 2116; x_wconf 92' lang='lat' dir='ltr'><strong>nos</strong></span> <span class='ocrx_word' id='word_1_190' title='bbox 697 2061 875 2116; x_wconf 86' lang='lat' dir='ltr'><strong>amantissime</strong></span> 
     </span>
     <span class='ocr_line' id='line_1_28' title="bbox 81 2127 876 2188; baseline 0.005 -6"><span class='ocrx_word' id='word_1_191' title='bbox 81 2127 170 2187; x_wconf 82' lang='lat' dir='ltr'><strong>invitat</strong></span> <span class='ocrx_word' id='word_1_192' title='bbox 183 2133 317 2187; x_wconf 87' lang='lat' dir='ltr'><strong>Dominus</strong></span> <span class='ocrx_word' id='word_1_193' title='bbox 331 2132 436 2188; x_wconf 87' lang='lat' dir='ltr'><strong>dicens:</strong></span> <span class='ocrx_word' id='word_1_194' title='bbox 459 2133 551 2188; x_wconf 79' lang='lat' dir='ltr'><strong>Venite</strong></span> <span class='ocrx_word' id='word_1_195' title='bbox 568 2132 606 2186; x_wconf 82' lang='lat' dir='ltr'><strong>cd</strong></span> <span class='ocrx_word' id='word_1_196' title='bbox 622 2148 664 2186; x_wconf 77' lang='lat' dir='ltr'><strong>coe</strong></span> <span class='ocrx_word' id='word_1_197' title='bbox 681 2147 771 2186; x_wconf 82' lang='lat' dir='ltr'><strong>omues</strong></span> <span class='ocrx_word' id='word_1_198' title='bbox 851 2137 876 2186; x_wconf 87' lang='lat' dir='ltr'><strong>et</strong></span> 
     </span>
     <span class='ocr_line' id='line_1_29' title="bbox 81 2203 335 2269; baseline 0.012 -15"><span class='ocrx_word' id='word_1_199' title='bbox 81 2214 124 2268; x_wconf 80' lang='lat' dir='ltr'><strong>epo</strong></span> <span class='ocrx_word' id='word_1_200' title='bbox 140 2203 263 2269; x_wconf 66' lang='lat' dir='ltr'><strong>ratetum</strong></span> <span class='ocrx_word' id='word_1_201' title='bbox 280 2219 335 2258; x_wconf 84' lang='lat' dir='ltr'><strong>cos.</strong></span> 
     </span>
    </p>

    <p class='ocr_par' dir='ltr' id='par_1_5' title="bbox 82 2271 876 2484">
     <span class='ocr_line' id='line_1_30' title="bbox 112 2271 874 2340; baseline 0.003 -14"><span class='ocrx_word' id='word_1_202' title='bbox 112 2271 230 2328; x_wconf 86' lang='lat' dir='ltr'><strong>Multum</strong></span> <span class='ocrx_word' id='word_1_203' title='bbox 257 2275 337 2328; x_wconf 87' lang='lat' dir='ltr'><strong>etiam</strong></span> <span class='ocrx_word' id='word_1_204' title='bbox 361 2273 555 2328; x_wconf 87' lang='lat' dir='ltr'><strong>celebraturum</strong></span> <span class='ocrx_word' id='word_1_205' title='bbox 578 2273 707 2327; x_wconf 81' lang='lat' dir='ltr'><strong>iuvabunt</strong></span> <span class='ocrx_word' id='word_1_206' title='bbox 731 2280 874 2340; x_wconf 85' lang='lat' dir='ltr'><strong>sequentes</strong></span> 
     </span>
     <span class='ocr_line' id='line_1_31' title="bbox 82 2344 876 2412; baseline 0.005 -17"><span class='ocrx_word' id='word_1_207' title='bbox 82 2345 307 2412; x_wconf 76' lang='lat' dir='ltr'><strong>praeparationes.</strong></span> <span class='ocrx_word' id='word_1_208' title='bbox 332 2344 518 2411; x_wconf 80' lang='lat' dir='ltr'><strong>—Quoniam</strong></span> <span class='ocrx_word' id='word_1_209' title='bbox 540 2360 574 2400; x_wconf 88' lang='lat' dir='ltr'><strong>ex</strong></span> <span class='ocrx_word' id='word_1_210' title='bbox 596 2345 691 2398; x_wconf 85' lang='lat' dir='ltr'><strong>crebra</strong></span> <span class='ocrx_word' id='word_1_211' title='bbox 707 2345 786 2398; x_wconf 90' lang='lat' dir='ltr'><strong>unius</strong></span> <span class='ocrx_word' id='word_1_212' title='bbox 805 2345 876 2399; x_wconf 86' lang='lat' dir='ltr'><strong>eius·</strong></span> 
     </span>
     <span class='ocr_line' id='line_1_32' title="bbox 83 2409 874 2484; baseline 0.004 -19"><span class='ocrx_word' id='word_1_213' title='bbox 83 2409 192 2482; x_wconf 83' lang='lat' dir='ltr'><strong>demque</strong></span> <span class='ocrx_word' id='word_1_214' title='bbox 207 2416 328 2471; x_wconf 85' lang='lat' dir='ltr'><strong>exercitii</strong></span> <span class='ocrx_word' id='word_1_215' title='bbox 347 2416 507 2484; x_wconf 87' lang='lat' dir='ltr'><strong>repetitione</strong></span> <span class='ocrx_word' id='word_1_216' title='bbox 527 2431 582 2470; x_wconf 93' lang='lat' dir='ltr'><strong>non</strong></span> <span class='ocrx_word' id='word_1_217' title='bbox 594 2431 656 2470; x_wconf 85' lang='lat' dir='ltr'><strong>raro</strong></span> <span class='ocrx_word' id='word_1_218' title='bbox 669 2415 787 2470; x_wconf 87' lang='lat' dir='ltr'><strong>nascitur</strong></span> <span class='ocrx_word' id='word_1_219' title='bbox 798 2414 874 2469; x_wconf 80' lang='lat' dir='ltr'><strong>lasti·</strong></span> 
     </span>
    </p>
   </div>
   <div class='ocr_carea' id='block_1_3' title="bbox 82 2480 875 2984">
    <p class='ocr_par' dir='ltr' id='par_1_6' title="bbox 82 2480 875 2908">
     <span class='ocr_line' id='line_1_33' title="bbox 82 2480 873 2556; baseline 0.003 -19"><span class='ocrx_word' id='word_1_220' title='bbox 82 2480 159 2556; x_wconf 88' lang='lat' dir='ltr'><strong>dium,</strong></span> <span class='ocrx_word' id='word_1_221' title='bbox 183 2501 235 2541; x_wconf 86' lang='lat' dir='ltr'><strong>nee</strong></span> <span class='ocrx_word' id='word_1_222' title='bbox 251 2493 366 2556; x_wconf 86' lang='lat' dir='ltr'><strong>possunt</strong></span> <span class='ocrx_word' id='word_1_223' title='bbox 383 2502 474 2542; x_wconf 90' lang='lat' dir='ltr'><strong>omnes</strong></span> <span class='ocrx_word' id='word_1_224' title='bbox 492 2487 592 2540; x_wconf 87' lang='lat' dir='ltr'><strong>habere</strong></span> <span class='ocrx_word' id='word_1_225' title='bbox 611 2503 692 2540; x_wconf 90' lang='lat' dir='ltr'><strong>unum</strong></span> <span class='ocrx_word' id='word_1_226' title='bbox 711 2487 873 2554; x_wconf 83' lang='lat' dir='ltr'><strong>exercitium,</strong></span> 
     </span>
     <span class='ocr_line' id='line_1_34' title="bbox 83 2555 875 2628; baseline 0.001 -18"><span class='ocrx_word' id='word_1_227' title='bbox 83 2555 128 2610; x_wconf 83' lang='lat' dir='ltr'><strong>sed</strong></span> <span class='ocrx_word' id='word_1_228' title='bbox 139 2557 215 2612; x_wconf 86' lang='lat' dir='ltr'><strong>aliud</strong></span> <span class='ocrx_word' id='word_1_229' title='bbox 226 2559 278 2628; x_wconf 83' lang='lat' dir='ltr'><strong>isti,</strong></span> <span class='ocrx_word' id='word_1_230' title='bbox 297 2557 371 2612; x_wconf 89' lang='lat' dir='ltr'><strong>aliud</strong></span> <span class='ocrx_word' id='word_1_231' title='bbox 387 2559 426 2612; x_wconf 90' lang='lat' dir='ltr'><strong>illi</strong></span> <span class='ocrx_word' id='word_1_232' title='bbox 441 2558 525 2626; x_wconf 81' lang='lat' dir='ltr'><strong>magis</strong></span> <span class='ocrx_word' id='word_1_233' title='bbox 544 2559 633 2626; x_wconf 88' lang='lat' dir='ltr'><strong>placet</strong></span> <span class='ocrx_word' id='word_1_234' title='bbox 650 2563 678 2611; x_wconf 86' lang='lat' dir='ltr'><strong>et</strong></span> <span class='ocrx_word' id='word_1_235' title='bbox 696 2558 827 2625; x_wconf 85' lang='lat' dir='ltr'><strong>convenit,</strong></span> <span class='ocrx_word' id='word_1_236' title='bbox 847 2563 875 2628; x_wconf 83' lang='lat' dir='ltr'><strong>et</strong></span> 
     </span>
     <span class='ocr_line' id='line_1_35' title="bbox 83 2626 875 2698; baseline 0.003 -18"><span class='ocrx_word' id='word_1_237' title='bbox 83 2626 160 2680; x_wconf 79' lang='lat' dir='ltr'><strong>etiam</strong></span> <span class='ocrx_word' id='word_1_238' title='bbox 177 2645 227 2698; x_wconf 88' lang='lat' dir='ltr'><strong>pro</strong></span> <span class='ocrx_word' id='word_1_239' title='bbox 240 2630 369 2698; x_wconf 89' lang='lat' dir='ltr'><strong>temporis</strong></span> <span class='ocrx_word' id='word_1_240' title='bbox 383 2629 551 2698; x_wconf 81' lang='lat' dir='ltr'><strong>diversitate,</strong></span> <span class='ocrx_word' id='word_1_241' title='bbox 569 2629 614 2683; x_wconf 89' lang='lat' dir='ltr'><strong>vel</strong></span> <span class='ocrx_word' id='word_1_242' title='bbox 628 2628 788 2682; x_wconf 87' lang='lat' dir='ltr'><strong>celebraturi</strong></span> <span class='ocrx_word' id='word_1_243' title='bbox 802 2634 875 2682; x_wconf 85' lang='lat' dir='ltr'><strong>statu</strong></span> 
     </span>
     <span class='ocr_line' id='line_1_36' title="bbox 82 2685 875 2769; baseline -0.004 -15"><span class='ocrx_word' id='word_1_244' title='bbox 82 2693 188 2754; x_wconf 72' lang='lat' dir='ltr'><strong>diversa</strong></span> <span class='ocrx_word' id='word_1_245' title='bbox 203 2701 309 2769; x_wconf 78' lang='lat' dir='ltr'><strong>placent</strong></span> <span class='ocrx_word' id='word_1_246' title='bbox 327 2701 466 2769; x_wconf 80' lang='lat' dir='ltr'><strong>exercitia,</strong></span> <span class='ocrx_word' id='word_1_247' title='bbox 492 2701 569 2754; x_wconf 84' lang='lat' dir='ltr'><strong>varia</strong></span> <span class='ocrx_word' id='word_1_248' title='bbox 592 2685 708 2754; x_wconf 68' lang='lat' dir='ltr'><strong>adlidere</strong></span> <span class='ocrx_word' id='word_1_249' title='bbox 726 2699 813 2754; x_wconf 79' lang='lat' dir='ltr'><strong>visun</strong></span> <span class='ocrx_word' id='word_1_250' title='bbox 833 2704 875 2752; x_wconf 88' lang='lat' dir='ltr'><strong>est</strong></span> 
     </span>
     <span class='ocr_line' id='line_1_37' title="bbox 83 2769 874 2840; baseline 0 -19"><span class='ocrx_word' id='word_1_251' title='bbox 83 2771 216 2838; x_wconf 81' lang='lat' dir='ltr'><strong>exeroitia,</strong></span> <span class='ocrx_word' id='word_1_252' title='bbox 242 2787 277 2827; x_wconf 85' lang='lat' dir='ltr'><strong>ex</strong></span> <span class='ocrx_word' id='word_1_253' title='bbox 303 2773 400 2840; x_wconf 86' lang='lat' dir='ltr'><strong>quibus</strong></span> <span class='ocrx_word' id='word_1_254' title='bbox 425 2771 537 2840; x_wconf 74' lang='lat' dir='ltr'><strong>qusque</strong></span> <span class='ocrx_word' id='word_1_255' title='bbox 554 2769 621 2826; x_wconf 90' lang='lat' dir='ltr'><strong>illud</strong></span> <span class='ocrx_word' id='word_1_256' title='bbox 638 2770 742 2839; x_wconf 83' lang='lat' dir='ltr'><strong>seligat,</strong></span> <span class='ocrx_word' id='word_1_257' title='bbox 771 2784 825 2836; x_wconf 86' lang='lat' dir='ltr'><strong>quo</strong></span> <span class='ocrx_word' id='word_1_258' title='bbox 844 2781 874 2822; x_wconf 91' lang='lat' dir='ltr'><strong>se</strong></span> 
     </span>
     <span class='ocr_line' id='line_1_38' title="bbox 84 2841 388 2908; baseline 0.01 -13"><span class='ocrx_word' id='word_1_259' title='bbox 84 2841 166 2908; x_wconf 71' lang='lat' dir='ltr'><strong>uagis</strong></span> <span class='ocrx_word' id='word_1_260' title='bbox 183 2841 250 2896; x_wconf 87' lang='lat' dir='ltr'><strong>affici</strong></span> <span class='ocrx_word' id='word_1_261' title='bbox 267 2843 388 2898; x_wconf 87' lang='lat' dir='ltr'><strong>senserit.</strong></span> 
     </span>
    </p>

    <p class='ocr_par' dir='ltr' id='par_1_7' title="bbox 136 2925 773 2984">
     <span class='ocr_line' id='line_1_39' title="bbox 136 2925 773 2984; baseline -0.005 -12"><span class='ocrx_word' id='word_1_262' title='bbox 136 2929 236 2974; x_wconf 66' lang='lat' dir='ltr'><strong>Musis</strong></span> <span class='ocrx_word' id='word_1_263' title='bbox 250 2934 394 2975; x_wconf 74' lang='lat' dir='ltr'><strong>saoerdotum.</strong></span> <span class='ocrx_word' id='word_1_264' title='bbox 423 2932 506 2984; x_wconf 80' lang='lat' dir='ltr'><strong>(lddltlo</strong></span> <span class='ocrx_word' id='word_1_265' title='bbox 520 2930 570 2981; x_wconf 75' lang='grc' dir='ltr'><strong>Ἦ.)</strong></span> <span class='ocrx_word' id='word_1_266' title='bbox 756 2925 773 2978; x_wconf 77' lang='grc'><strong>3</strong></span> 
     </span>
    </p>
   </div>
   <div class='ocr_carea' id='block_1_4' title="bbox 0 0 1062 3226">
    <p class='ocr_par' dir='ltr' id='par_1_8' title="bbox 0 0 1062 3226">
     <span class='ocr_line' id='line_1_40' title="bbox 0 0 1062 3226; baseline 0 0"><span class='ocrx_word' id='word_1_267' title='bbox 0 0 1062 3226; x_wconf 95' lang='lat' dir='ltr'><strong> </strong></span> 
     </span>
    </p>
   </div>
  </div>
 </body>
</html>
