2124 3230
278 175 344 218 Ritus
357 175 481 218 celebranti
495 175 585 218 usnam
600 177 717 226 privtum.
858 177 900 222 ets
936 147 940 156 δ

137 281 163 333 ὅ.
198 279 250 334 De
268 278 446 336 Oratione.
471 281 551 336 Dicto
569 281 674 350 Hymno
694 281 792 336 Gloria
808 283 839 337 ιιι
856 299 900 339 ec·

101 351 185 418 coisse,
203 352 256 420 vel,
275 352 299 406 si
316 367 371 406 non
384 353 420 407 sit
433 351 569 422 dicendus,
588 353 742 422 conmisso,
761 354 899 412 celebrans
974 413 977 420 ,

102 423 239 477 osculatur
258 423 370 493 alteret
388 424 416 476 in
434 423 530 492 medio,
555 424 678 478 manibus
696 425 758 478 hinc
776 423 837 478 inde
856 441 899 481 su·

2 513 3 518 ¹
99 508 150 562 per
168 509 211 562 eo,
229 500 260 548 ut
278 509 368 562 supra,
389 495 508 550 extensis
527 495 560 564 (si
578 495 625 551 SS.
637 496 836 549 Sacramentum
854 512 900 550 ex-

98 565 217 632 positum
236 572 285 633 est,
303 564 464 634 genuflectit,
483 567 565 620 Mera.
584 566 663 635 Bit),
691 573 748 621 tum
765 567 818 622 iliis
837 575 899 623 unte

98 641 194 704 pectus
212 635 317 704 iunctis,
342 643 370 690 et
388 635 509 692 demissis
533 637 568 691 ud
585 645 684 692 terram
703 637 794 706 oculis,
820 639 901 694 vertit

98 721 129 762 se
149 722 166 761 a
184 706 293 762 sinistro
311 708 396 762 latere
407 706 575 763 addemmm
588 709 829 778 versuspopuium,
847 709 900 764 hoc

97 783 142 833 est
159 793 210 846 per
228 793 288 832 eam
305 785 417 848 partem,
438 795 507 847 quae
524 781 634 848 respicit
653 796 735 835 corun
748 780 898 850 Epistulae,

98 855 127 904 et
155 849 303 904 extendens
331 865 362 904 ac
386 851 499 919 iungens
525 867 620 907 manus
652 858 714 906 ante
739 859 841 920 pectus,
870 859 901 907 ut

97 920 183 988 prius,
211 920 276 975 dicit
298 935 365 975 voce
393 921 531 990 praedicta
557 923 694 976 Dominus
710 924 853 992 nobiseum,
872 929 901 979 et

98 991 198 1046 iunctis
215 997 247 1045 ut
270 991 346 1060 prius
363 993 485 1047 manibus
515 993 548 1059 (si
574 993 621 1050 SS.
647 994 720 1052 Secr.
747 995 897 1064 expositum

97 1069 149 1132 est,
167 1063 266 1116 iterum
284 1061 447 1132 genuflectit,
474 1063 556 1119 Mera.
576 1065 654 1132 Bit),
678 1067 824 1121 revertitur
849 1081 900 1134 per

98 1132 222 1188 eamdem
239 1134 311 1187 riam
329 1133 364 1188 ad
381 1135 486 1203 librum,
504 1135 550 1189 ubi
569 1151 615 1191 ees
634 1137 780 1192 extendens
795 1144 822 1192 et
839 1137 898 1191 inn-

97 1219 165 1273 gens
190 1211 253 1260 ante
278 1213 380 1274 pectus,
407 1213 541 1274 caputque
572 1209 644 1261 cruci
670 1209 808 1278 inclinans,
835 1207 899 1263 dicit

100 1275 229 1344 Oremas‚·
252 1283 309 1330 tum
334 1277 454 1332 extendit
476 1293 570 1332 manus
599 1285 661 1333 ente
685 1288 788 1348 pectus,
812 1279 852 1334 ita
869 1286 901 1334 ut

97 1347 190 1415 palma
208 1347 287 1402 unius
305 1362 399 1402 munus
416 1349 543 1416 respiciat
560 1349 679 1418 aiteram,
705 1359 732 1404 et
756 1351 845 1419 digitis
864 1351 899 1406 si·

96 1417 154 1472 mul
170 1418 277 1487 iunctis,
297 1433 409 1486 qnorum
428 1421 565 1474 summitas
590 1421 761 1474 humerorum
778 1421 896 1476 altitudi-

96 1497 160 1543 nem
178 1489 384 1557 distantiamque
402 1506 457 1545 nou
475 1490 595 1559 excedat,
624 1491 696 1559 quod
713 1493 742 1545 in
761 1493 832 1546 omni
851 1507 896 1546 ex·

96 1560 221 1616 tensione
239 1576 365 1614 manuum
378 1568 440 1616 ante
451 1569 545 1630 pectus
560 1570 691 1618 servetur.
710 1563 790 1618 Stans
800 1570 898 1631 autem,

97 1638 238 1699 utsupra,
258 1632 376 1686 extensis
399 1633 521 1688 manibus
546 1633 610 1687 dicit
632 1633 795 1688 Orationem.
833 1633 900 1687 Cum

86 1701 164 1756 eiicit
180 1703 236 1756 Per
253 1703 402 1757 Dominum
419 1709 548 1774 concam,
574 1704 660 1773 iungit
677 1721 779 1774 manus,
799 1718 899 1771 easque

96 1773 204 1828 iunctas
222 1780 296 1832 tenet
313 1789 399 1842 usque
418 1775 453 1829 ad
470 1774 559 1830 finem.
589 1775 617 1828 Si
635 1776 714 1830 aiiter
732 1773 898 1830 concluditur

97 1843 193 1900 Oratio
213 1843 268 1914 Qut
283 1850 369 1899 temen
386 1847 430 1900 rel
451 1846 506 1917 Qui
520 1847 598 1916 vium,
625 1863 685 1901 eum
710 1847 774 1902 dicit
790 1847 821 1901 in
838 1845 899 1900 arat-

96 1920 161 1984 tate,
180 1916 266 1983 iungit
283 1931 386 1971 munus.

133 1986 201 2040 Οιιιιι
218 1987 370 2042 nominatur
382 2003 480 2042 numen
487 1988 575 2058 Jesas,
590 1995 671 2058 capnt
683 2004 779 2044 versus
793 2003 898 2043 crucem

97 2057 217 2125 inclinat,
228 2056 299 2125 quod
313 2059 394 2113 etiam
407 2057 478 2128 tacit,
493 2075 553 2113 eum
561 2061 714 2114 nominatur
727 2061 755 2114 in
763 2061 895 2129 Epistola.

95 2127 134 2182 Iit
152 2129 274 2183 similiter
283 2129 442 2197 ubicumque
460 2131 611 2185 nominatur
623 2145 720 2185 nomen
729 2131 825 2186 beatae
839 2131 898 2184 Ma·

95 2199 239 2269 rtae2tve1
259 2200 424 2270 Sanctorum,
443 2200 476 2256 de
491 2201 587 2270 quibus
601 2201 697 2256 dicitnr
705 2203 798 2272 Missa,
816 2202 861 2256 vei
869 2200 901 2256 fit

101 2295 259 2308 —u—

114 2329 135 2382 ¹)
150 2332 218 2372 Retio
239 2332 352 2372 osculandi
370 2332 442 2373 altere
457 2333 556 2380 exposite
575 2331 612 2372 ss,
626 2331 769 2373 Sacramenta
788 2333 843 2372 haee
859 2323 900 2384 est,

150 2399 198 2448 ,.nt‚
212 2398 300 2446 quoties
314 2398 473 2438 sacerdocium
493 2400 527 2438 est
540 2399 563 2437 in
577 2399 649 2438 medio
663 2401 748 2447 altaris,
767 2400 829 2447 prius
843 2399 899 2438 iilud

119 2491 125 2500 .
151 2463 247 2503 osculari
262 2463 354 2512 debeat,
372 2467 395 2502 et
407 2467 486 2514 postea
500 2463 658 2513 genuflectere;
682 2467 769 2514 qnando
788 2476 841 2504 vero
854 2476 899 2504 nen

150 2531 185 2569 est
199 2529 221 2568 in
235 2529 316 2578 medio,
330 2528 369 2568 sed
381 2529 442 2568 venit
455 2529 484 2568 ab
498 2527 571 2576 aliquo
581 2529 659 2568 altaris
668 2529 745 2578 latere,
760 2530 821 2580 prins
832 2541 899 2580 ganu-

149 2593 225 2634 tiectet
238 2596 260 2632 st
273 2597 352 2644 postea
366 2593 584 2634 montemaltum*
610 2595 740 2643 (eareezttni
754 2595 861 2636 Commorat.
876 2596 900 2634 ιιι

149 2659 203 2698 Isset.
220 2659 317 2701 Oiemcnt,
331 2660 352 2708 9.
366 2657 411 2708 50.)
832 2699 834 2704 .

109 2719 132 2776 2)
147 2723 190 2765 Sed
203 2725 227 2764 in
240 2725 297 2764 sesto
312 2726 424 2773 Assumpt.
438 2722 462 2767 B.
478 2721 509 2763 tt.
523 2723 549 2770 V,
563 2725 591 2765 ad
604 2725 672 2764 verbs
689 2725 806 2776 „Optimam
817 2729 899 2775 partem

148 2789 211 2840 eiecit
224 2789 266 2829 utut
279 2789 375 2839 Mcrta“,
390 2790 457 2838 ceput
474 2797 520 2827 nou
534 2789 684 2829 inclinandum
699 2791 740 2838 est,
755 2789 808 2838 quie
821 2799 894 2828 sermo

149 2863 196 2894 nun
210 2855 246 2894 sat
259 2853 286 2894 de
299 2853 326 2898 B.
338 2853 370 2894 ii.
384 2853 412 2894 V.
437 2852 468 2904 (s.
482 2853 508 2894 R.
525 2854 547 2894 0.
562 2854 581 2899 7.
595 2855 646 2894 Dec.
660 2852 732 2902 1844.)
