<?xml version="1.0" encoding="UTF-8"?>
<!DOCTYPE html PUBLIC "-//W3C//DTD XHTML 1.0 Transitional//EN"
    "http://www.w3.org/TR/xhtml1/DTD/xhtml1-transitional.dtd">
<html xmlns="http://www.w3.org/1999/xhtml" xml:lang="en" lang="en">
 <head>
  <title>
</title>
<meta http-equiv="Content-Type" content="text/html;charset=utf-8" />
  <meta name='ocr-system' content='tesseract 3.04.00' />
  <meta name='ocr-capabilities' content='ocr_page ocr_carea ocr_par ocr_line ocrx_word'/>
</head>
<body>
  <div class='ocr_page' id='page_1' title='image "./manualesacerdot00schngoog_0606.png"; bbox 0 0 2146 3234; ppageno 0'>
   <div class='ocr_carea' id='block_1_1' title="bbox 176 164 794 231">
    <p class='ocr_par' dir='ltr' id='par_1_1' title="bbox 176 164 794 231">
     <span class='ocr_line' id='line_1_1' title="bbox 176 164 794 231; baseline 0.006 -3"><span class='ocrx_word' id='word_1_1' title='bbox 176 183 217 228; x_wconf 80' lang='lat' dir='ltr'><strong>tii</strong></span> <span class='ocrx_word' id='word_1_2' title='bbox 349 187 381 226; x_wconf 81' lang='lat' dir='ltr'><strong>lis</strong></span> <span class='ocrx_word' id='word_1_3' title='bbox 395 164 585 228; x_wconf 75' lang='lat' dir='ltr'><strong>sacramentorum</strong></span> <span class='ocrx_word' id='word_1_4' title='bbox 599 187 794 231; x_wconf 75' lang='lat' dir='ltr'><strong>administratione.</strong></span> 
     </span>
    </p>
   </div>
   <div class='ocr_carea' id='block_1_2' title="bbox 177 273 1058 358">
    <p class='ocr_par' dir='ltr' id='par_1_2' title="bbox 177 273 1058 358">
     <span class='ocr_line' id='line_1_2' title="bbox 177 273 1058 358; baseline 0.003 -16"><span class='ocrx_word' id='word_1_5' title='bbox 177 287 278 356; x_wconf 89' lang='lat' dir='ltr'><strong>habita,</strong></span> <span class='ocrx_word' id='word_1_6' title='bbox 296 295 360 342; x_wconf 87' lang='lat' dir='ltr'><strong>tunc</strong></span> <span class='ocrx_word' id='word_1_7' title='bbox 372 273 426 343; x_wconf 86' lang='lat' dir='ltr'><strong>non</strong></span> <span class='ocrx_word' id='word_1_8' title='bbox 438 295 481 343; x_wconf 87' lang='lat' dir='ltr'><strong>est</strong></span> <span class='ocrx_word' id='word_1_9' title='bbox 494 305 570 358; x_wconf 89' lang='lat' dir='ltr'><strong>opus,</strong></span> <span class='ocrx_word' id='word_1_10' title='bbox 588 296 619 343; x_wconf 89' lang='lat' dir='ltr'><strong>nt</strong></span> <span class='ocrx_word' id='word_1_11' title='bbox 632 289 763 358; x_wconf 84' lang='lat' dir='ltr'><strong>allegetur</strong></span> <span class='ocrx_word' id='word_1_12' title='bbox 775 288 975 344; x_wconf 75' lang='lat' dir='ltr'><strong>circumstantia</strong></span> <span class='ocrx_word' id='word_1_13' title='bbox 1049 313 1058 334; x_wconf 62' lang='lat' dir='ltr'><strong>e</strong></span> 
     </span>
    </p>
   </div>
   <div class='ocr_carea' id='block_1_3' title="bbox 118 358 977 1635">
    <p class='ocr_par' dir='ltr' id='par_1_3' title="bbox 118 358 977 926">
     <span class='ocr_line' id='line_1_3' title="bbox 178 358 975 428; baseline 0.004 -16"><span class='ocrx_word' id='word_1_14' title='bbox 178 360 264 414; x_wconf 89' lang='lat' dir='ltr'><strong>malae</strong></span> <span class='ocrx_word' id='word_1_15' title='bbox 281 358 353 428; x_wconf 88' lang='lat' dir='ltr'><strong>fidei,</strong></span> <span class='ocrx_word' id='word_1_16' title='bbox 375 375 471 428; x_wconf 81' lang='lat' dir='ltr'>nempe</span> <span class='ocrx_word' id='word_1_17' title='bbox 489 359 562 427; x_wconf 83' lang='lat' dir='ltr'><strong>quod</strong></span> <span class='ocrx_word' id='word_1_18' title='bbox 580 360 677 427; x_wconf 89' lang='lat' dir='ltr'><strong>copula</strong></span> <span class='ocrx_word' id='word_1_19' title='bbox 692 359 774 414; x_wconf 85' lang='lat' dir='ltr'><strong>fuerit</strong></span> <span class='ocrx_word' id='word_1_20' title='bbox 791 369 975 415; x_wconf 86' lang='lat' dir='ltr'><strong>consummata</strong></span> 
     </span>
     <span class='ocr_line' id='line_1_4' title="bbox 177 429 976 499; baseline 0.001 -14"><span class='ocrx_word' id='word_1_21' title='bbox 177 430 212 485; x_wconf 90' lang='lat' dir='ltr'><strong>ad</strong></span> <span class='ocrx_word' id='word_1_22' title='bbox 226 430 449 498; x_wconf 78' lang='lat' dir='ltr'><strong>dispensationem</strong></span> <span class='ocrx_word' id='word_1_23' title='bbox 459 431 562 486; x_wconf 81' lang='lat' dir='ltr'><strong>facilius</strong></span> <span class='ocrx_word' id='word_1_24' title='bbox 571 429 831 499; x_wconf 86' lang='lat' dir='ltr'><strong>impetrandam.“—</strong></span> <span class='ocrx_word' id='word_1_25' title='bbox 842 431 871 484; x_wconf 89' lang='lat' dir='ltr'><strong>Si</strong></span> <span class='ocrx_word' id='word_1_26' title='bbox 881 432 976 499; x_wconf 85' lang='lat' dir='ltr'><strong>sponsi</strong></span> 
     </span>
     <span class='ocr_line' id='line_1_5' title="bbox 176 501 976 571; baseline 0.001 -15"><span class='ocrx_word' id='word_1_27' title='bbox 176 503 319 571; x_wconf 86' lang='lat' dir='ltr'><strong>propinqui</strong></span> <span class='ocrx_word' id='word_1_28' title='bbox 337 503 365 554; x_wconf 89' lang='lat' dir='ltr'><strong>in</strong></span> <span class='ocrx_word' id='word_1_29' title='bbox 383 502 575 569; x_wconf 90' lang='lat' dir='ltr'><strong>supplicatione</strong></span> <span class='ocrx_word' id='word_1_30' title='bbox 594 501 800 569; x_wconf 79' lang='lat' dir='ltr'><strong>dispensationis</strong></span> <span class='ocrx_word' id='word_1_31' title='bbox 816 503 976 558; x_wconf 84' lang='lat' dir='ltr'><strong>reticuerint</strong></span> 
     </span>
     <span class='ocr_line' id='line_1_6' title="bbox 177 572 975 641; baseline 0.003 -15"><span class='ocrx_word' id='word_1_32' title='bbox 177 573 400 628; x_wconf 81' lang='lat' dir='ltr'><strong>circumstantiam</strong></span> <span class='ocrx_word' id='word_1_33' title='bbox 418 573 545 641; x_wconf 82' lang='lat' dir='ltr'><strong>copulae,</strong></span> <span class='ocrx_word' id='word_1_34' title='bbox 573 587 642 640; x_wconf 89' lang='lat' dir='ltr'><strong>quae</strong></span> <span class='ocrx_word' id='word_1_35' title='bbox 661 572 761 640; x_wconf 84' lang='lat' dir='ltr'><strong>absque</strong></span> <span class='ocrx_word' id='word_1_36' title='bbox 784 589 870 640; x_wconf 86' lang='lat' dir='ltr'><strong>prava</strong></span> <span class='ocrx_word' id='word_1_37' title='bbox 886 573 975 628; x_wconf 88' lang='lat' dir='ltr'><strong>inten-</strong></span> 
     </span>
     <span class='ocr_line' id='line_1_7' title="bbox 118 642 977 711; baseline 0.002 -13"><span class='ocrx_word' id='word_1_38' title='bbox 118 677 120 681; x_wconf 83' lang='lat'><em>.</em></span> <span class='ocrx_word' id='word_1_39' title='bbox 175 645 249 699; x_wconf 89' lang='lat' dir='ltr'><strong>tione</strong></span> <span class='ocrx_word' id='word_1_40' title='bbox 275 643 411 698; x_wconf 82' lang='lat' dir='ltr'><strong>obtinendi</strong></span> <span class='ocrx_word' id='word_1_41' title='bbox 434 642 539 698; x_wconf 84' lang='lat' dir='ltr'><strong>facilius</strong></span> <span class='ocrx_word' id='word_1_42' title='bbox 564 643 789 710; x_wconf 85' lang='lat' dir='ltr'><strong>dispensationem</strong></span> <span class='ocrx_word' id='word_1_43' title='bbox 815 645 977 711; x_wconf 80' lang='lat' dir='ltr'><strong>praehabita</strong></span> 
     </span>
     <span class='ocr_line' id='line_1_8' title="bbox 178 714 974 784; baseline 0 -14"><span class='ocrx_word' id='word_1_44' title='bbox 178 722 227 783; x_wconf 90' lang='lat' dir='ltr'><strong>est,</strong></span> <span class='ocrx_word' id='word_1_45' title='bbox 246 714 355 770; x_wconf 87' lang='lat' dir='ltr'><strong>obtenta</strong></span> <span class='ocrx_word' id='word_1_46' title='bbox 369 715 532 782; x_wconf 84' lang='lat' dir='ltr'><strong>dispensatio</strong></span> <span class='ocrx_word' id='word_1_47' title='bbox 545 714 635 768; x_wconf 85' lang='lat' dir='ltr'><strong>valida</strong></span> <span class='ocrx_word' id='word_1_48' title='bbox 648 730 702 768; x_wconf 88' lang='lat' dir='ltr'><strong>non</strong></span> <span class='ocrx_word' id='word_1_49' title='bbox 712 721 761 769; x_wconf 90' lang='lat' dir='ltr'><strong>est.</strong></span> <span class='ocrx_word' id='word_1_50' title='bbox 777 714 889 784; x_wconf 86' lang='lat' dir='ltr'><strong>[Bened.</strong></span> <span class='ocrx_word' id='word_1_51' title='bbox 900 715 974 770; x_wconf 85' lang='lat' dir='ltr'><strong>XIV.</strong></span> 
     </span>
     <span class='ocr_line' id='line_1_9' title="bbox 141 784 975 856; baseline -0.004 -12"><span class='ocrx_word' id='word_1_52' title='bbox 141 793 152 822; x_wconf 34' lang='grc' dir='ltr'><strong>ν’</strong></span> <span class='ocrx_word' id='word_1_53' title='bbox 180 785 290 844; x_wconf 73' lang='lat' dir='ltr'><strong>Ooastit.</strong></span> <span class='ocrx_word' id='word_1_54' title='bbox 309 785 406 840; x_wconf 86' lang='lat' dir='ltr'><strong>Pastor</strong></span> <span class='ocrx_word' id='word_1_55' title='bbox 428 786 515 840; x_wconf 90' lang='lat' dir='ltr'><strong>bonus</strong></span> <span class='ocrx_word' id='word_1_56' title='bbox 534 784 558 854; x_wconf 70' lang='lat'><strong>§-</strong></span> <span class='ocrx_word' id='word_1_57' title='bbox 577 790 619 840; x_wconf 77' lang='lat'><strong>41.</strong></span> <span class='ocrx_word' id='word_1_58' title='bbox 641 787 697 852; x_wconf 78' lang='lat' dir='ltr'><strong>(cit.</strong></span> <span class='ocrx_word' id='word_1_59' title='bbox 715 801 801 854; x_wconf 77' lang='lat' dir='ltr'><strong>supra</strong></span> <span class='ocrx_word' id='word_1_60' title='bbox 813 802 881 856; x_wconf 81' lang='lat' dir='ltr'><strong>pap.</strong></span> <span class='ocrx_word' id='word_1_61' title='bbox 899 789 975 855; x_wconf 80' lang='lat'><strong><em>564.)</em></strong></span> 
     </span>
     <span class='ocr_line' id='line_1_10' title="bbox 178 857 566 926; baseline 0 -16"><span class='ocrx_word' id='word_1_62' title='bbox 178 857 205 912; x_wconf 85' lang='lat' dir='ltr'><strong>S.</strong></span> <span class='ocrx_word' id='word_1_63' title='bbox 224 857 284 925; x_wconf 84' lang='lat' dir='ltr'><strong>Lig.</strong></span> <span class='ocrx_word' id='word_1_64' title='bbox 302 857 346 910; x_wconf 74' lang='lat' dir='ltr'><strong>ici).</strong></span> <span class='ocrx_word' id='word_1_65' title='bbox 369 857 416 911; x_wconf 79' lang='lat' dir='ltr'><strong>VI,</strong></span> <span class='ocrx_word' id='word_1_66' title='bbox 434 873 461 911; x_wconf 76' lang='lat' dir='ltr'><strong>a.</strong></span> <span class='ocrx_word' id='word_1_67' title='bbox 479 857 566 926; x_wconf 66' lang='lat'><strong><em>1135]</em></strong></span> 
     </span>
    </p>

    <p class='ocr_par' dir='ltr' id='par_1_4' title="bbox 176 926 977 1635">
     <span class='ocr_line' id='line_1_11' title="bbox 215 926 976 996; baseline 0.004 -15"><span class='ocrx_word' id='word_1_68' title='bbox 215 927 244 982; x_wconf 87' lang='lat' dir='ltr'><strong>Si</strong></span> <span class='ocrx_word' id='word_1_69' title='bbox 262 929 365 995; x_wconf 87' lang='lat' dir='ltr'><strong>copula,</strong></span> <span class='ocrx_word' id='word_1_70' title='bbox 385 943 453 996; x_wconf 87' lang='lat' dir='ltr'><strong>quae</strong></span> <span class='ocrx_word' id='word_1_71' title='bbox 472 928 610 996; x_wconf 78' lang='lat' dir='ltr'><strong>allegatur,</strong></span> <span class='ocrx_word' id='word_1_72' title='bbox 628 926 736 995; x_wconf 89' lang='lat' dir='ltr'><strong>publica</strong></span> <span class='ocrx_word' id='word_1_73' title='bbox 754 933 803 995; x_wconf 91' lang='lat' dir='ltr'><strong>est,</strong></span> <span class='ocrx_word' id='word_1_74' title='bbox 830 926 859 979; x_wconf 91' lang='lat' dir='ltr'><strong>in</strong></span> <span class='ocrx_word' id='word_1_75' title='bbox 876 927 976 984; x_wconf 88' lang='lat' dir='ltr'><strong>litteris</strong></span> 
     </span>
     <span class='ocr_line' id='line_1_12' title="bbox 177 997 977 1066; baseline 0.001 -13"><span class='ocrx_word' id='word_1_76' title='bbox 177 997 213 1054; x_wconf 90' lang='lat' dir='ltr'><strong>ad</strong></span> <span class='ocrx_word' id='word_1_77' title='bbox 230 999 368 1052; x_wconf 72' lang='lat' dir='ltr'><strong>Dalm-iam</strong></span> <span class='ocrx_word' id='word_1_78' title='bbox 392 1013 520 1066; x_wconf 84' lang='lat' dir='ltr'><strong>expresse</strong></span> <span class='ocrx_word' id='word_1_79' title='bbox 547 1005 706 1066; x_wconf 79' lang='lat' dir='ltr'><strong>annotetur3</strong></span> <span class='ocrx_word' id='word_1_80' title='bbox 733 999 756 1054; x_wconf 91' lang='lat' dir='ltr'><strong>si</strong></span> <span class='ocrx_word' id='word_1_81' title='bbox 778 1013 844 1052; x_wconf 85' lang='lat' dir='ltr'><strong>vero</strong></span> <span class='ocrx_word' id='word_1_82' title='bbox 870 999 977 1054; x_wconf 86' lang='lat' dir='ltr'><strong>occulta</strong></span> 
     </span>
     <span class='ocr_line' id='line_1_13' title="bbox 179 1069 975 1140; baseline 0 -16"><span class='ocrx_word' id='word_1_83' title='bbox 179 1076 235 1136; x_wconf 89' lang='lat' dir='ltr'><strong>est,</strong></span> <span class='ocrx_word' id='word_1_84' title='bbox 264 1075 291 1123; x_wconf 90' lang='lat' dir='ltr'><strong>et</strong></span> <span class='ocrx_word' id='word_1_85' title='bbox 308 1070 365 1124; x_wconf 87' lang='lat' dir='ltr'><strong>sine</strong></span> <span class='ocrx_word' id='word_1_86' title='bbox 384 1069 541 1124; x_wconf 84' lang='lat' dir='ltr'><strong>detrimento</strong></span> <span class='ocrx_word' id='word_1_87' title='bbox 558 1069 671 1124; x_wconf 78' lang='lat' dir='ltr'><strong>honoris</strong></span> <span class='ocrx_word' id='word_1_88' title='bbox 689 1085 743 1124; x_wconf 89' lang='lat' dir='ltr'><strong>non</strong></span> <span class='ocrx_word' id='word_1_89' title='bbox 767 1075 857 1137; x_wconf 89' lang='lat' dir='ltr'><strong>potest</strong></span> <span class='ocrx_word' id='word_1_90' title='bbox 876 1069 975 1140; x_wconf 79' lang='lat' dir='ltr'><strong>detegi,</strong></span> 
     </span>
     <span class='ocr_line' id='line_1_14' title="bbox 178 1139 975 1209; baseline 0 -13"><span class='ocrx_word' id='word_1_91' title='bbox 178 1139 277 1196; x_wconf 85' lang='lat' dir='ltr'><strong>sufficit</strong></span> <span class='ocrx_word' id='word_1_92' title='bbox 294 1155 343 1207; x_wconf 91' lang='lat' dir='ltr'><strong>pro</strong></span> <span class='ocrx_word' id='word_1_93' title='bbox 361 1141 467 1208; x_wconf 86' lang='lat' dir='ltr'><strong>publico</strong></span> <span class='ocrx_word' id='word_1_94' title='bbox 482 1140 670 1208; x_wconf 89' lang='lat' dir='ltr'><strong>impedimento</strong></span> <span class='ocrx_word' id='word_1_95' title='bbox 690 1140 754 1209; x_wconf 84' lang='lat' dir='ltr'><strong>(tum</strong></span> <span class='ocrx_word' id='word_1_96' title='bbox 772 1156 821 1208; x_wconf 90' lang='lat' dir='ltr'><strong>pro</strong></span> <span class='ocrx_word' id='word_1_97' title='bbox 835 1141 975 1196; x_wconf 87' lang='lat' dir='ltr'><strong>Matrimo-</strong></span> 
     </span>
     <span class='ocr_line' id='line_1_15' title="bbox 178 1211 976 1280; baseline -0.001 -14"><span class='ocrx_word' id='word_1_98' title='bbox 178 1211 223 1266; x_wconf 89' lang='lat' dir='ltr'><strong>nio</strong></span> <span class='ocrx_word' id='word_1_99' title='bbox 241 1211 435 1280; x_wconf 73' lang='lat' dir='ltr'><strong>contradendo,</strong></span> <span class='ocrx_word' id='word_1_100' title='bbox 460 1218 516 1265; x_wconf 91' lang='lat' dir='ltr'><strong>tum</strong></span> <span class='ocrx_word' id='word_1_101' title='bbox 534 1227 583 1280; x_wconf 91' lang='lat' dir='ltr'><strong>pro</strong></span> <span class='ocrx_word' id='word_1_102' title='bbox 603 1212 748 1275; x_wconf 82' lang='lat' dir='ltr'><strong>contracto)</strong></span> <span class='ocrx_word' id='word_1_103' title='bbox 774 1211 809 1266; x_wconf 85' lang='lat' dir='ltr'><strong>ad</strong></span> <span class='ocrx_word' id='word_1_104' title='bbox 825 1211 976 1280; x_wconf 74' lang='lat' dir='ltr'><strong>Datariam</strong></span> 
     </span>
     <span class='ocr_line' id='line_1_16' title="bbox 176 1282 975 1352; baseline 0 -16"><span class='ocrx_word' id='word_1_105' title='bbox 176 1288 288 1352; x_wconf 89' lang='lat' dir='ltr'><strong>propter</strong></span> <span class='ocrx_word' id='word_1_106' title='bbox 306 1284 436 1337; x_wconf 88' lang='lat' dir='ltr'><strong>occultam</strong></span> <span class='ocrx_word' id='word_1_107' title='bbox 453 1297 518 1337; x_wconf 84' lang='lat' dir='ltr'><strong>vero</strong></span> <span class='ocrx_word' id='word_1_108' title='bbox 544 1284 666 1351; x_wconf 87' lang='lat' dir='ltr'><strong>copulam</strong></span> <span class='ocrx_word' id='word_1_109' title='bbox 685 1282 719 1336; x_wconf 89' lang='lat' dir='ltr'><strong>ad</strong></span> <span class='ocrx_word' id='word_1_110' title='bbox 736 1283 975 1336; x_wconf 86' lang='lat' dir='ltr'><strong>Poenitantiariam</strong></span> 
     </span>
     <span class='ocr_line' id='line_1_17' title="bbox 177 1352 977 1422; baseline 0 -14"><span class='ocrx_word' id='word_1_111' title='bbox 177 1368 324 1422; x_wconf 88' lang='lat' dir='ltr'><strong>recurrere,</strong></span> <span class='ocrx_word' id='word_1_112' title='bbox 355 1369 423 1422; x_wconf 85' lang='lat' dir='ltr'><strong>quae</strong></span> <span class='ocrx_word' id='word_1_113' title='bbox 449 1361 538 1408; x_wconf 89' lang='lat' dir='ltr'><strong>tamen</strong></span> <span class='ocrx_word' id='word_1_114' title='bbox 566 1354 646 1408; x_wconf 88' lang='lat' dir='ltr'><strong>etiam</strong></span> <span class='ocrx_word' id='word_1_115' title='bbox 671 1352 704 1408; x_wconf 89' lang='lat' dir='ltr'><strong>de</strong></span> <span class='ocrx_word' id='word_1_116' title='bbox 730 1353 931 1422; x_wconf 84' lang='lat' dir='ltr'><strong>dispensatione</strong></span> <span class='ocrx_word' id='word_1_117' title='bbox 959 1369 977 1408; x_wconf 88' lang='lat' dir='ltr'><strong>a</strong></span> 
     </span>
     <span class='ocr_line' id='line_1_18' title="bbox 177 1423 975 1493; baseline -0.001 -15"><span class='ocrx_word' id='word_1_118' title='bbox 177 1423 290 1479; x_wconf 87' lang='lat' dir='ltr'><strong>Dataria</strong></span> <span class='ocrx_word' id='word_1_119' title='bbox 307 1426 393 1493; x_wconf 89' lang='lat' dir='ltr'><strong>petita</strong></span> <span class='ocrx_word' id='word_1_120' title='bbox 411 1425 563 1492; x_wconf 80' lang='lat' dir='ltr'><strong>specialiter</strong></span> <span class='ocrx_word' id='word_1_121' title='bbox 582 1431 623 1480; x_wconf 88' lang='lat' dir='ltr'><strong>est</strong></span> <span class='ocrx_word' id='word_1_122' title='bbox 640 1424 803 1483; x_wconf 85' lang='lat' dir='ltr'><strong>instruenda.</strong></span> <span class='ocrx_word' id='word_1_123' title='bbox 840 1423 975 1492; x_wconf 76' lang='lat' dir='ltr'><strong>Quemad-</strong></span> 
     </span>
     <span class='ocr_line' id='line_1_19' title="bbox 177 1495 976 1564; baseline 0.001 -15"><span class='ocrx_word' id='word_1_124' title='bbox 177 1495 284 1550; x_wconf 89' lang='lat' dir='ltr'><strong>modum</strong></span> <span class='ocrx_word' id='word_1_125' title='bbox 304 1503 390 1550; x_wconf 86' lang='lat' dir='ltr'><strong>autem</strong></span> <span class='ocrx_word' id='word_1_126' title='bbox 406 1495 568 1564; x_wconf 84' lang='lat' dir='ltr'><strong>dispensatio</strong></span> <span class='ocrx_word' id='word_1_127' title='bbox 583 1503 695 1564; x_wconf 90' lang='lat' dir='ltr'><strong>propter</strong></span> <span class='ocrx_word' id='word_1_128' title='bbox 707 1497 838 1550; x_wconf 88' lang='lat' dir='ltr'><strong>reticitam</strong></span> <span class='ocrx_word' id='word_1_129' title='bbox 851 1496 976 1564; x_wconf 84' lang='lat' dir='ltr'><strong>copulam</strong></span> 
     </span>
     <span class='ocr_line' id='line_1_20' title="bbox 177 1566 976 1635; baseline -0.001 -14"><span class='ocrx_word' id='word_1_130' title='bbox 177 1566 248 1622; x_wconf 88' lang='lat' dir='ltr'><strong>inter</strong></span> <span class='ocrx_word' id='word_1_131' title='bbox 266 1566 393 1622; x_wconf 86' lang='lat' dir='ltr'><strong>Oratores</strong></span> <span class='ocrx_word' id='word_1_132' title='bbox 410 1567 529 1621; x_wconf 87' lang='lat' dir='ltr'><strong>habitam</strong></span> <span class='ocrx_word' id='word_1_133' title='bbox 546 1575 637 1635; x_wconf 86' lang='lat' dir='ltr'><strong>potest</strong></span> <span class='ocrx_word' id='word_1_134' title='bbox 654 1581 713 1622; x_wconf 90' lang='lat' dir='ltr'><strong>esse</strong></span> <span class='ocrx_word' id='word_1_135' title='bbox 731 1567 812 1635; x_wconf 73' lang='lat' dir='ltr'><strong>uuila,</strong></span> <span class='ocrx_word' id='word_1_136' title='bbox 837 1567 876 1620; x_wconf 87' lang='lat' dir='ltr'><strong>ita</strong></span> <span class='ocrx_word' id='word_1_137' title='bbox 894 1567 976 1622; x_wconf 87' lang='lat' dir='ltr'><strong>etiam</strong></span> 
     </span>
    </p>
   </div>
   <div class='ocr_carea' id='block_1_4' title="bbox 83 1635 975 1707">
    <p class='ocr_par' dir='ltr' id='par_1_5' title="bbox 83 1635 975 1707">
     <span class='ocr_line' id='line_1_21' title="bbox 83 1635 975 1707; baseline 0 -16"><span class='ocrx_word' id='word_1_138' title='bbox 83 1636 86 1645; x_wconf 81' lang='grc'><strong>“</strong></span> <span class='ocrx_word' id='word_1_139' title='bbox 177 1637 247 1694; x_wconf 86' lang='lat' dir='ltr'><strong>falsa</strong></span> <span class='ocrx_word' id='word_1_140' title='bbox 264 1638 416 1693; x_wconf 89' lang='lat' dir='ltr'><strong>huiusmodi</strong></span> <span class='ocrx_word' id='word_1_141' title='bbox 430 1638 643 1693; x_wconf 87' lang='lat' dir='ltr'><strong>circumstantiae</strong></span> <span class='ocrx_word' id='word_1_142' title='bbox 662 1637 761 1692; x_wconf 87' lang='lat' dir='ltr'><strong>delatio</strong></span> <span class='ocrx_word' id='word_1_143' title='bbox 777 1653 809 1692; x_wconf 90' lang='lat' dir='ltr'><strong>eo</strong></span> <span class='ocrx_word' id='word_1_144' title='bbox 822 1635 876 1690; x_wconf 89' lang='lat' dir='ltr'><strong>fine</strong></span> <span class='ocrx_word' id='word_1_145' title='bbox 893 1637 975 1707; x_wconf 85' lang='lat' dir='ltr'><strong>facta,</strong></span> 
     </span>
    </p>
   </div>
   <div class='ocr_carea' id='block_1_5' title="bbox 173 1707 975 2274">
    <p class='ocr_par' dir='ltr' id='par_1_6' title="bbox 175 1707 975 1990">
     <span class='ocr_line' id='line_1_22' title="bbox 178 1707 975 1778; baseline -0.003 -14"><span class='ocrx_word' id='word_1_146' title='bbox 178 1716 209 1765; x_wconf 89' lang='lat' dir='ltr'><strong>ut</strong></span> <span class='ocrx_word' id='word_1_147' title='bbox 227 1710 390 1778; x_wconf 85' lang='lat' dir='ltr'><strong>dispensatio</strong></span> <span class='ocrx_word' id='word_1_148' title='bbox 408 1709 512 1764; x_wconf 86' lang='lat' dir='ltr'><strong>facilius</strong></span> <span class='ocrx_word' id='word_1_149' title='bbox 526 1709 686 1778; x_wconf 87' lang='lat' dir='ltr'><strong>obtineatur,</strong></span> <span class='ocrx_word' id='word_1_150' title='bbox 705 1709 804 1762; x_wconf 89' lang='lat' dir='ltr'><strong>nullam</strong></span> <span class='ocrx_word' id='word_1_151' title='bbox 821 1707 911 1764; x_wconf 86' lang='lat' dir='ltr'><strong>reddit</strong></span> <span class='ocrx_word' id='word_1_152' title='bbox 927 1709 975 1762; x_wconf 92' lang='lat' dir='ltr'><strong>im·</strong></span> 
     </span>
     <span class='ocr_line' id='line_1_23' title="bbox 175 1778 975 1850; baseline -0.003 -14"><span class='ocrx_word' id='word_1_153' title='bbox 175 1788 308 1849; x_wconf 84' lang='lat' dir='ltr'><strong>patratam</strong></span> <span class='ocrx_word' id='word_1_154' title='bbox 327 1781 559 1850; x_wconf 87' lang='lat' dir='ltr'><strong>dispensationem,</strong></span> <span class='ocrx_word' id='word_1_155' title='bbox 568 1780 587 1848; x_wconf 85' lang='lat'><strong>¹)</strong></span> <span class='ocrx_word' id='word_1_156' title='bbox 607 1795 676 1847; x_wconf 85' lang='lat' dir='ltr'><strong>quae</strong></span> <span class='ocrx_word' id='word_1_157' title='bbox 689 1779 801 1846; x_wconf 90' lang='lat' dir='ltr'><strong>proinde</strong></span> <span class='ocrx_word' id='word_1_158' title='bbox 820 1778 908 1834; x_wconf 88' lang='lat' dir='ltr'><strong>denuo</strong></span> <span class='ocrx_word' id='word_1_159' title='bbox 927 1794 975 1834; x_wconf 88' lang='lat' dir='ltr'><strong>no·</strong></span> 
     </span>
     <span class='ocr_line' id='line_1_24' title="bbox 175 1849 975 1920; baseline 0.001 -14"><span class='ocrx_word' id='word_1_160' title='bbox 175 1853 217 1906; x_wconf 83' lang='lat' dir='ltr'><strong>vis</strong></span> <span class='ocrx_word' id='word_1_161' title='bbox 235 1852 330 1906; x_wconf 85' lang='lat' dir='ltr'><strong>litteris</strong></span> <span class='ocrx_word' id='word_1_162' title='bbox 349 1860 390 1906; x_wconf 90' lang='lat' dir='ltr'><strong>est</strong></span> <span class='ocrx_word' id='word_1_163' title='bbox 413 1850 546 1920; x_wconf 84' lang='lat' dir='ltr'><strong>petenda,</strong></span> <span class='ocrx_word' id='word_1_164' title='bbox 577 1852 604 1903; x_wconf 92' lang='lat' dir='ltr'><strong>in</strong></span> <span class='ocrx_word' id='word_1_165' title='bbox 629 1851 725 1918; x_wconf 89' lang='lat' dir='ltr'><strong>quibus</strong></span> <span class='ocrx_word' id='word_1_166' title='bbox 752 1849 882 1906; x_wconf 87' lang='lat' dir='ltr'><strong>eiusmodi</strong></span> <span class='ocrx_word' id='word_1_167' title='bbox 905 1849 975 1908; x_wconf 78' lang='lat' dir='ltr'><strong>falsa</strong></span> 
     </span>
     <span class='ocr_line' id='line_1_25' title="bbox 176 1921 700 1990; baseline 0 -14"><span class='ocrx_word' id='word_1_168' title='bbox 176 1922 274 1978; x_wconf 91' lang='lat' dir='ltr'><strong>delatio</strong></span> <span class='ocrx_word' id='word_1_169' title='bbox 293 1923 445 1990; x_wconf 89' lang='lat' dir='ltr'><strong>specialiter</strong></span> <span class='ocrx_word' id='word_1_170' title='bbox 461 1929 503 1977; x_wconf 88' lang='lat' dir='ltr'><strong>est</strong></span> <span class='ocrx_word' id='word_1_171' title='bbox 521 1921 700 1990; x_wconf 75' lang='lat' dir='ltr'><strong>significanda.</strong></span> 
     </span>
    </p>

    <p class='ocr_par' dir='ltr' id='par_1_7' title="bbox 173 1991 975 2274">
     <span class='ocr_line' id='line_1_26' title="bbox 213 1991 975 2061; baseline 0 -15"><span class='ocrx_word' id='word_1_172' title='bbox 213 1993 290 2048; x_wconf 89' lang='lat' dir='ltr'><strong>Licet</strong></span> <span class='ocrx_word' id='word_1_173' title='bbox 309 2001 398 2048; x_wconf 86' lang='lat' dir='ltr'><strong>autem</strong></span> <span class='ocrx_word' id='word_1_174' title='bbox 416 1993 545 2048; x_wconf 83' lang='lat' dir='ltr'><strong>Oratores</strong></span> <span class='ocrx_word' id='word_1_175' title='bbox 563 1993 685 2061; x_wconf 89' lang='lat' dir='ltr'><strong>copulam</strong></span> <span class='ocrx_word' id='word_1_176' title='bbox 708 1992 887 2046; x_wconf 87' lang='lat' dir='ltr'><strong>incestuosam</strong></span> <span class='ocrx_word' id='word_1_177' title='bbox 904 1991 975 2046; x_wconf 88' lang='lat' dir='ltr'><strong>inter</strong></span> 
     </span>
     <span class='ocr_line' id='line_1_27' title="bbox 175 2061 971 2133; baseline -0.003 -15"><span class='ocrx_word' id='word_1_178' title='bbox 175 2078 204 2118; x_wconf 89' lang='lat' dir='ltr'><strong>se</strong></span> <span class='ocrx_word' id='word_1_179' title='bbox 222 2064 341 2118; x_wconf 86' lang='lat' dir='ltr'><strong>habitam</strong></span> <span class='ocrx_word' id='word_1_180' title='bbox 358 2063 472 2120; x_wconf 88' lang='lat' dir='ltr'><strong>fideliter</strong></span> <span class='ocrx_word' id='word_1_181' title='bbox 489 2066 650 2133; x_wconf 74' lang='lat' dir='ltr'><strong>notaverint,</strong></span> <span class='ocrx_word' id='word_1_182' title='bbox 667 2063 744 2117; x_wconf 87' lang='lat' dir='ltr'><strong>irrita</strong></span> <span class='ocrx_word' id='word_1_183' title='bbox 756 2069 846 2117; x_wconf 85' lang='lat' dir='ltr'><strong>tamen</strong></span> <span class='ocrx_word' id='word_1_184' title='bbox 864 2061 971 2130; x_wconf 89' lang='lat' dir='ltr'><strong>dispen-</strong></span> 
     </span>
     <span class='ocr_line' id='line_1_28' title="bbox 175 2132 970 2204; baseline -0.003 -16"><span class='ocrx_word' id='word_1_185' title='bbox 175 2132 244 2188; x_wconf 73' lang='lat' dir='ltr'><strong>satio</strong></span> <span class='ocrx_word' id='word_1_186' title='bbox 263 2140 305 2188; x_wconf 90' lang='lat' dir='ltr'><strong>est</strong></span> <span class='ocrx_word' id='word_1_187' title='bbox 329 2134 357 2188; x_wconf 90' lang='lat' dir='ltr'><strong>in</strong></span> <span class='ocrx_word' id='word_1_188' title='bbox 372 2136 464 2201; x_wconf 76' lang='lat' dir='ltr'><strong>forma</strong></span> <span class='ocrx_word' id='word_1_189' title='bbox 477 2151 632 2204; x_wconf 75' lang='lat' dir='ltr'><strong>pauperum</strong></span> <span class='ocrx_word' id='word_1_190' title='bbox 650 2149 778 2189; x_wconf 89' lang='lat' dir='ltr'><strong>concessa</strong></span> <span class='ocrx_word' id='word_1_191' title='bbox 796 2133 862 2202; x_wconf 85' lang='lat' dir='ltr'><strong>(sive</strong></span> <span class='ocrx_word' id='word_1_192' title='bbox 882 2148 899 2186; x_wconf 89' lang='lat' dir='ltr'><strong>a</strong></span> <span class='ocrx_word' id='word_1_193' title='bbox 916 2133 970 2186; x_wconf 89' lang='lat' dir='ltr'><strong>Da-</strong></span> 
     </span>
     <span class='ocr_line' id='line_1_29' title="bbox 173 2203 974 2274; baseline -0.001 -16"><span class='ocrx_word' id='word_1_194' title='bbox 173 2205 257 2273; x_wconf 77' lang='lat' dir='ltr'><strong>tame,</strong></span> <span class='ocrx_word' id='word_1_195' title='bbox 285 2205 342 2258; x_wconf 83' lang='lat' dir='ltr'><strong>sive</strong></span> <span class='ocrx_word' id='word_1_196' title='bbox 370 2206 620 2274; x_wconf 85' lang='lat' dir='ltr'><strong>aPcenitentiaria,</strong></span> <span class='ocrx_word' id='word_1_197' title='bbox 648 2206 705 2260; x_wconf 84' lang='lat' dir='ltr'><strong>sire</strong></span> <span class='ocrx_word' id='word_1_198' title='bbox 724 2204 757 2258; x_wconf 89' lang='lat' dir='ltr'><strong>ab</strong></span> <span class='ocrx_word' id='word_1_199' title='bbox 782 2205 918 2272; x_wconf 89' lang='lat' dir='ltr'><strong>Episcopo</strong></span> <span class='ocrx_word' id='word_1_200' title='bbox 945 2203 974 2257; x_wconf 85' lang='lat' dir='ltr'><strong>si</strong></span> 
     </span>
    </p>
   </div>
   <div class='ocr_carea' id='block_1_6' title="bbox 176 2274 1058 2354">
    <p class='ocr_par' dir='ltr' id='par_1_8' title="bbox 176 2274 1058 2354">
     <span class='ocr_line' id='line_1_30' title="bbox 176 2274 1058 2354; baseline 0.002 -27"><span class='ocrx_word' id='word_1_201' title='bbox 176 2275 434 2346; x_wconf 75' lang='lat' dir='ltr'><strong>Quinquennslium)‚</strong></span> <span class='ocrx_word' id='word_1_202' title='bbox 445 2277 551 2345; x_wconf 87' lang='lat' dir='ltr'><strong>quando</strong></span> <span class='ocrx_word' id='word_1_203' title='bbox 562 2277 658 2344; x_wconf 90' lang='lat' dir='ltr'><strong>copula</strong></span> <span class='ocrx_word' id='word_1_204' title='bbox 671 2283 732 2330; x_wconf 91' lang='lat' dir='ltr'><strong>ante</strong></span> <span class='ocrx_word' id='word_1_205' title='bbox 746 2274 973 2343; x_wconf 86' lang='lat' dir='ltr'><strong>dispensationem</strong></span> <span class='ocrx_word' id='word_1_206' title='bbox 1057 2317 1058 2354; x_wconf 29' lang='lat' dir='ltr'><strong>p</strong></span> 
     </span>
    </p>
   </div>
   <div class='ocr_carea' id='block_1_7' title="bbox 177 2346 972 2414">
    <p class='ocr_par' dir='ltr' id='par_1_9' title="bbox 177 2346 972 2414">
     <span class='ocr_line' id='line_1_31' title="bbox 177 2346 972 2414; baseline 0 -15"><span class='ocrx_word' id='word_1_207' title='bbox 177 2347 342 2400; x_wconf 87' lang='lat' dir='ltr'><strong>exsecutioni</strong></span> <span class='ocrx_word' id='word_1_208' title='bbox 359 2347 511 2402; x_wconf 88' lang='lat' dir='ltr'><strong>mandatam</strong></span> <span class='ocrx_word' id='word_1_209' title='bbox 528 2349 657 2402; x_wconf 89' lang='lat' dir='ltr'><strong>reiterata</strong></span> <span class='ocrx_word' id='word_1_210' title='bbox 678 2346 767 2414; x_wconf 83' lang='lat' dir='ltr'><strong>luerit,</strong></span> <span class='ocrx_word' id='word_1_211' title='bbox 785 2347 837 2401; x_wconf 87' lang='lat' dir='ltr'><strong>nisi</strong></span> <span class='ocrx_word' id='word_1_212' title='bbox 854 2347 882 2399; x_wconf 91' lang='lat' dir='ltr'><strong>in</strong></span> <span class='ocrx_word' id='word_1_213' title='bbox 899 2361 972 2399; x_wconf 88' lang='lat' dir='ltr'><strong>man·</strong></span> 
     </span>
    </p>
   </div>
   <div class='ocr_carea' id='block_1_8' title="bbox 177 2414 1056 2487">
    <p class='ocr_par' dir='ltr' id='par_1_10' title="bbox 177 2414 1056 2487">
     <span class='ocr_line' id='line_1_32' title="bbox 177 2414 1056 2487; baseline 0.001 -18"><span class='ocrx_word' id='word_1_214' title='bbox 177 2414 240 2470; x_wconf 87' lang='lat' dir='ltr'><strong>dato</strong></span> <span class='ocrx_word' id='word_1_215' title='bbox 260 2417 467 2484; x_wconf 86' lang='lat' dir='ltr'><strong>dispensationis</strong></span> <span class='ocrx_word' id='word_1_216' title='bbox 485 2435 535 2487; x_wconf 91' lang='lat' dir='ltr'><strong>pro</strong></span> <span class='ocrx_word' id='word_1_217' title='bbox 552 2419 626 2474; x_wconf 88' lang='lat' dir='ltr'><strong>hisee</strong></span> <span class='ocrx_word' id='word_1_218' title='bbox 644 2417 762 2473; x_wconf 88' lang='lat' dir='ltr'><strong>reatibus</strong></span> <span class='ocrx_word' id='word_1_219' title='bbox 786 2418 838 2471; x_wconf 87' lang='lat' dir='ltr'><strong>iam</strong></span> <span class='ocrx_word' id='word_1_220' title='bbox 857 2417 892 2471; x_wconf 91' lang='lat' dir='ltr'><strong>sit</strong></span> <span class='ocrx_word' id='word_1_221' title='bbox 909 2432 971 2484; x_wconf 91' lang='lat' dir='ltr'><strong>pro·</strong></span> <span class='ocrx_word' id='word_1_222' title='bbox 1055 2439 1056 2444; x_wconf 43' lang='lat'>¹</span> 
     </span>
    </p>
   </div>
   <div class='ocr_carea' id='block_1_9' title="bbox 176 2487 974 2556">
    <p class='ocr_par' dir='ltr' id='par_1_11' title="bbox 176 2487 974 2556">
     <span class='ocr_line' id='line_1_33' title="bbox 176 2487 974 2556; baseline 0 -16"><span class='ocrx_word' id='word_1_223' title='bbox 176 2487 263 2541; x_wconf 86' lang='lat' dir='ltr'><strong>visum</strong></span> <span class='ocrx_word' id='word_1_224' title='bbox 281 2488 356 2542; x_wconf 89' lang='lat' dir='ltr'><strong>hisce</strong></span> <span class='ocrx_word' id='word_1_225' title='bbox 374 2490 479 2544; x_wconf 85' lang='lat' dir='ltr'><strong>verbis:</strong></span> <span class='ocrx_word' id='word_1_226' title='bbox 506 2490 540 2544; x_wconf 81' lang='lat' dir='ltr'><strong>ab</strong></span> <span class='ocrx_word' id='word_1_227' title='bbox 567 2491 683 2544; x_wconf 81' lang='lat' dir='ltr'><strong>incestus</strong></span> <span class='ocrx_word' id='word_1_228' title='bbox 706 2493 769 2542; x_wconf 82' lang='lat' dir='ltr'><strong>ante</strong></span> <span class='ocrx_word' id='word_1_229' title='bbox 787 2488 974 2556; x_wconf 61' lang='lat' dir='ltr'><strong>praesentium</strong></span> 
     </span>
    </p>
   </div>
   <div class='ocr_carea' id='block_1_10' title="bbox 191 2601 973 2785">
    <p class='ocr_par' dir='ltr' id='par_1_12' title="bbox 191 2601 973 2785">
     <span class='ocr_line' id='line_1_34' title="bbox 191 2601 972 2654; baseline 0 -12"><span class='ocrx_word' id='word_1_230' title='bbox 191 2601 212 2654; x_wconf 83' lang='lat'><strong>¹)</strong></span> <span class='ocrx_word' id='word_1_231' title='bbox 226 2604 374 2652; x_wconf 86' lang='lat' dir='ltr'><strong>iixctpisndns</strong></span> <span class='ocrx_word' id='word_1_232' title='bbox 388 2606 421 2643; x_wconf 87' lang='lat' dir='ltr'><strong>est</strong></span> <span class='ocrx_word' id='word_1_233' title='bbox 435 2615 507 2654; x_wconf 81' lang='lat' dir='ltr'><strong>casus,</strong></span> <span class='ocrx_word' id='word_1_234' title='bbox 527 2606 566 2645; x_wconf 84' lang='lat' dir='ltr'><strong>ubi</strong></span> <span class='ocrx_word' id='word_1_235' title='bbox 586 2606 631 2645; x_wconf 84' lang='lat' dir='ltr'><strong>siis</strong></span> <span class='ocrx_word' id='word_1_236' title='bbox 644 2615 711 2644; x_wconf 78' lang='lat' dir='ltr'><strong>cam</strong></span> <span class='ocrx_word' id='word_1_237' title='bbox 728 2615 768 2652; x_wconf 82' lang='lat' dir='ltr'><strong>por</strong></span> <span class='ocrx_word' id='word_1_238' title='bbox 781 2614 805 2643; x_wconf 86' lang='lat' dir='ltr'><strong>se</strong></span> <span class='ocrx_word' id='word_1_239' title='bbox 819 2603 930 2643; x_wconf 76' lang='lat' dir='ltr'><strong>sufficiens</strong></span> <span class='ocrx_word' id='word_1_240' title='bbox 943 2603 972 2642; x_wconf 87' lang='lat' dir='ltr'><strong>sd</strong></span> 
     </span>
     <span class='ocr_line' id='line_1_35' title="bbox 225 2669 973 2720; baseline 0 -13"><span class='ocrx_word' id='word_1_241' title='bbox 225 2669 367 2708; x_wconf 85' lang='lat' dir='ltr'><strong>obtinendam</strong></span> <span class='ocrx_word' id='word_1_242' title='bbox 381 2669 567 2718; x_wconf 84' lang='lat' dir='ltr'><strong>dispensationem</strong></span> <span class='ocrx_word' id='word_1_243' title='bbox 580 2671 603 2710; x_wconf 89' lang='lat' dir='ltr'><strong>ln</strong></span> <span class='ocrx_word' id='word_1_244' title='bbox 617 2671 723 2720; x_wconf 82' lang='lat' dir='ltr'><strong>petitione</strong></span> <span class='ocrx_word' id='word_1_245' title='bbox 737 2672 771 2710; x_wconf 85' lang='lat' dir='ltr'><strong>sst</strong></span> <span class='ocrx_word' id='word_1_246' title='bbox 785 2669 898 2718; x_wconf 57' lang='lat' dir='ltr'><strong>expositu</strong></span> <span class='ocrx_word' id='word_1_247' title='bbox 918 2669 973 2717; x_wconf 81' lang='lat' dir='ltr'><strong>quis</strong></span> 
     </span>
     <span class='ocr_line' id='line_1_36' title="bbox 227 2734 971 2785; baseline 0.003 -13"><span class='ocrx_word' id='word_1_248' title='bbox 227 2734 247 2773; x_wconf 91' lang='lat' dir='ltr'><strong>si</strong></span> <span class='ocrx_word' id='word_1_249' title='bbox 260 2735 283 2772; x_wconf 89' lang='lat' dir='ltr'><strong>in</strong></span> <span class='ocrx_word' id='word_1_250' title='bbox 297 2734 403 2783; x_wconf 80' lang='lat' dir='ltr'><strong>petitione</strong></span> <span class='ocrx_word' id='word_1_251' title='bbox 417 2744 462 2773; x_wconf 87' lang='lat' dir='ltr'><strong>non</strong></span> <span class='ocrx_word' id='word_1_252' title='bbox 476 2746 543 2775; x_wconf 83' lang='lat' dir='ltr'><strong>causa</strong></span> <span class='ocrx_word' id='word_1_253' title='bbox 557 2737 636 2785; x_wconf 83' lang='lat' dir='ltr'><strong>linaiis,</strong></span> <span class='ocrx_word' id='word_1_254' title='bbox 649 2737 688 2776; x_wconf 85' lang='lat' dir='ltr'><strong>ssd</strong></span> <span class='ocrx_word' id='word_1_255' title='bbox 702 2735 838 2776; x_wconf 84' lang='lat' dir='ltr'><strong>solummodo</strong></span> <span class='ocrx_word' id='word_1_256' title='bbox 851 2745 918 2774; x_wconf 79' lang='lat' dir='ltr'><strong>canas</strong></span> <span class='ocrx_word' id='word_1_257' title='bbox 932 2736 971 2774; x_wconf 84' lang='lat' dir='ltr'><strong>im·</strong></span> 
     </span>
    </p>
   </div>
   <div class='ocr_carea' id='block_1_11' title="bbox 225 2797 1058 2850">
    <p class='ocr_par' dir='ltr' id='par_1_13' title="bbox 225 2797 1058 2850">
     <span class='ocr_line' id='line_1_37' title="bbox 225 2797 1058 2850; baseline 0.01 -14"><span class='ocrx_word' id='word_1_258' title='bbox 225 2797 312 2846; x_wconf 83' lang='lat' dir='ltr'><strong>pulsiss</strong></span> <span class='ocrx_word' id='word_1_259' title='bbox 326 2800 359 2837; x_wconf 82' lang='lat' dir='ltr'><strong>est</strong></span> <span class='ocrx_word' id='word_1_260' title='bbox 374 2797 431 2837; x_wconf 78' lang='lat' dir='ltr'><strong>saiso</strong></span> <span class='ocrx_word' id='word_1_261' title='bbox 445 2798 548 2850; x_wconf 74' lang='lat' dir='ltr'><strong>allegata,</strong></span> <span class='ocrx_word' id='word_1_262' title='bbox 570 2801 704 2850; x_wconf 80' lang='lat' dir='ltr'><strong>dispensatio</strong></span> <span class='ocrx_word' id='word_1_263' title='bbox 724 2801 832 2842; x_wconf 81' lang='lat' dir='ltr'><strong>censenda</strong></span> <span class='ocrx_word' id='word_1_264' title='bbox 846 2803 879 2840; x_wconf 85' lang='lat' dir='ltr'><strong>est</strong></span> <span class='ocrx_word' id='word_1_265' title='bbox 892 2800 972 2843; x_wconf 70' lang='lat' dir='ltr'><strong>valida</strong></span> <span class='ocrx_word' id='word_1_266' title='bbox 1057 2813 1058 2822; x_wconf 61' lang='lat'>¹</span> 
     </span>
    </p>
   </div>
   <div class='ocr_carea' id='block_1_12' title="bbox 226 2861 944 2917">
    <p class='ocr_par' dir='ltr' id='par_1_14' title="bbox 226 2861 944 2917">
     <span class='ocr_line' id='line_1_38' title="bbox 226 2861 944 2917; baseline 0.008 -15"><span class='ocrx_word' id='word_1_267' title='bbox 226 2861 282 2913; x_wconf 80' lang='lat' dir='ltr'><strong>(on.</strong></span> <span class='ocrx_word' id='word_1_268' title='bbox 296 2863 318 2903; x_wconf 88' lang='lat' dir='ltr'><strong>s.</strong></span> <span class='ocrx_word' id='word_1_269' title='bbox 328 2862 418 2912; x_wconf 66' lang='lat' dir='ltr'><strong>nigrori</strong></span> <span class='ocrx_word' id='word_1_270' title='bbox 431 2863 468 2903; x_wconf 82' lang='lat' dir='ltr'><strong>us.</strong></span> <span class='ocrx_word' id='word_1_271' title='bbox 477 2863 499 2904; x_wconf 88' lang='lat' dir='ltr'><strong>e.</strong></span> <span class='ocrx_word' id='word_1_272' title='bbox 512 2877 534 2904; x_wconf 66' lang='lat' dir='ltr'><strong>a.</strong></span> <span class='ocrx_word' id='word_1_273' title='bbox 548 2864 623 2916; x_wconf 86' lang='lat' dir='ltr'><strong>rraa.‚·</strong></span> <span class='ocrx_word' id='word_1_274' title='bbox 636 2867 773 2908; x_wconf 70' lang='lat' dir='ltr'><strong>amassint</strong></span> <span class='ocrx_word' id='word_1_275' title='bbox 785 2867 893 2907; x_wconf 66' lang='lat' dir='ltr'><strong>imaue</strong></span> <span class='ocrx_word' id='word_1_276' title='bbox 901 2865 944 2917; x_wconf 73' lang='lat' dir='ltr'><strong>er.)</strong></span> 
     </span>
    </p>
   </div>
   <div class='ocr_carea' id='block_1_13' title="bbox 0 0 1078 3234">
    <p class='ocr_par' dir='ltr' id='par_1_15' title="bbox 0 0 1078 3234">
     <span class='ocr_line' id='line_1_39' title="bbox 0 0 1078 3234; baseline 0 0"><span class='ocrx_word' id='word_1_277' title='bbox 0 0 1078 3234; x_wconf 95' lang='lat' dir='ltr'><strong> </strong></span> 
     </span>
    </p>
   </div>
  </div>
 </body>
</html>
