2146 3234
153 189 232 229 Modus
246 187 365 238 recipiendi
378 151 585 226 noooonversostln
599 189 705 236 gremium
721 187 829 231 acclesiae.
853 185 894 228 687

95 304 153 361 ego,
174 288 332 344 auctoritate
358 288 443 358 ipsius
462 295 490 344 et
508 290 666 346 sanctissimi
684 291 792 347 Domini
808 293 894 348 nostri

95 363 186 430 Papae
204 361 270 415 mihi
289 361 436 429 commissa,
455 360 566 416 absolvo
583 369 611 417 ta
631 379 647 417 a
664 363 769 418 vincum
789 378 893 419 excom·

95 430 289 500 manicationis‚
308 432 336 486 in
351 447 431 500 quam
442 432 577 488 incussisti
584 434 603 504 l)
614 449 671 503 per
684 435 818 489 haeresim
831 451 893 503 pro·

96 503 203 573 fessam,
222 502 333 558 admitto
351 509 378 558 te
397 504 425 556 in
439 505 568 572 gremium
582 511 690 560 sanctae
703 505 796 561 matris
811 507 893 560 eccle·

93 576 148 631 sias
167 581 195 630 et
212 574 240 628 in
268 573 499 629 Sacramentorum
525 576 583 630 eius
609 577 847 646 participationem,
867 583 894 632 et
980 629 982 638 ,

93 647 205 701 restituo
223 653 251 700 ta
271 646 450 700 communioni
463 653 496 700 et
515 648 611 702 unitati
623 646 740 702 fidelium
755 654 782 702 et
795 649 894 705 sanctis

94 717 272 772 sacramentis
291 717 420 772 ecclesiae
438 718 466 770 in
485 718 592 774 nomine
607 719 695 774 Patris
714 723 732 785 †
751 725 778 774 et
791 719 854 774 Filii
867 726 895 774 et

94 788 207 858 Spiritus
226 789 319 843 sancti.
357 788 451 842 Amen.

128 859 235 914 Deinde
254 859 394 914 obturanti
407 861 528 929 aliquam
538 863 736 929 poeniteutiam
749 861 895 915 salutarem

76 931 228 1001 a'ua'uupat,
248 947 269 984 e.
282 947 308 999 p.
323 931 433 1000 aliquas
448 947 549 1000 preces,
569 933 680 986 abitare
698 933 835 988 secusiam
847 937 896 986 aut

93 1002 209 1071 similia·
227 1001 342 1071 sicutque
361 1002 462 1057 dicitur

317 1111 445 1180 Hpmuus
463 1112 669 1168 Ambrosianus.

132 1201 172 1254 Te
191 1200 279 1254 Deum
297 1200 445 1269 laudamus,
463 1203 476 1228 *
494 1208 521 1256 te
539 1201 682 1257 Dominum
700 1200 864 1258 confitemur.

80 1297 96 1320 ι.
132 1271 172 1324 Te
191 1279 329 1325 aeternum
348 1271 486 1325 Patrem*
505 1273 590 1327 omnis
608 1280 681 1328 tarra
698 1281 851 1328 veneratur.

135 1341 197 1395 Tibi
216 1355 308 1395 omnes
325 1340 430 1411 Angeli,
454 1343 466 1368 ⁸
491 1343 540 1397 tibi
558 1343 626 1398 coeli
644 1351 672 1397 et
689 1345 829 1399 universae
847 1359 895 1413 po·

16 1409 18 1474 ξ
94 1417 220 1467 testatas:

133 1482 195 1535 Tibi
224 1480 367 1535 Cherubim
390 1488 417 1535 et
448 1480 626 1550 Seraphim*
653 1485 806 1540 incessabili
829 1499 895 1540 voce

20 1567 23 1572 ·
96 1552 276 1620 proclamant:

134 1623 256 1691 Sanetus,
273 1622 391 1692 sanctus,
411 1630 518 1679 sanctus
535 1624 666 1680 Dominus
679 1624 754 1679 Deus
768 1623 895 1680 Sabaoth.

131 1694 208 1749 Plani
222 1699 284 1748 sunt
298 1694 366 1748 coeli
385 1701 412 1748 et
429 1702 502 1748 terra
516 1697 528 1721 *
542 1695 688 1751 maiestatis
702 1695 805 1763 glorias
823 1703 896 1754 tuae.

133 1766 173 1819 Te
192 1765 325 1833 gloriosus
343 1767 356 1790 ²⁵
374 1765 564 1833 Apostolorum
582 1768 689 1837 chorus,

135 1836 175 1891 Ta
193 1837 389 1904 Prophetarum
408 1839 420 1864 ⁴
438 1836 579 1893 laudabilis
596 1853 730 1906 numerus,

136 1907 176 1962 Te
194 1907 344 1976 Martyrum
363 1907 519 1964 candidatus
537 1912 549 1937 '⁶
567 1909 659 1964 laudat
678 1907 819 1963 exercitus.

131 1979 171 2033 Te
180 1994 230 2047 per
243 1978 334 2033 orbem
343 1985 476 2034 terrarum
490 1982 502 2006 *
516 1988 609 2036 sancta
621 1979 761 2054 confitetur
776 1978 896 2040 ecelesia

131 2051 240 2105 Patrem
259 2052 271 2076 *
288 2050 433 2106 immensae
451 2051 608 2122 maiestatis,

132 2120 322 2176 Venerandum
339 2129 414 2176 tuum
432 2138 525 2177 verum
543 2123 558 2156 *
577 2130 604 2178 et
622 2123 728 2178 unicum
746 2121 853 2190 Filium,

137 2193 263 2248 Sanctum
283 2208 389 2260 quoque
408 2195 420 2218 *
438 2193 600 2249 Paraolitum
619 2194 756 2261 Spiritum.

133 2264 175 2318 Tu
193 2279 242 2318 rex
261 2263 372 2332 gloriae,
392 2263 506 2334 Christe,
580 2323 583 2327 ,

135 2334 178 2388 Tu
195 2335 284 2390 Patris
303 2337 315 2360 '⁶
334 2336 513 2403 sempiternus
532 2351 561 2392 as
579 2335 673 2390 Filius.

132 2404 175 2460 Tu
200 2405 235 2460 ad
261 2405 427 2460 liberandum
452 2416 626 2476 suscepturus
651 2406 793 2474 bominem,
812 2408 824 2432 *
842 2421 897 2460 non

95 2476 224 2532 horruisti
242 2476 360 2545 Virginis
378 2485 492 2532 uterum.

133 2547 176 2602 Tu
194 2546 299 2602 deviato
318 2549 411 2604 mortis
430 2549 533 2619 aculeo,
554 2548 713 2617 *aperuisti
727 2547 899 2603 credentibus

94 2632 178 2686 regna
197 2619 340 2674 coelorum.

109 2731 132 2782 1)
146 2733 173 2772 ln
181 2707 255 2772 dubio
258 2733 321 2782 gravi
331 2736 370 2772 ant
378 2733 428 2782 lavi,
444 2736 518 2774 utrum
528 2735 645 2784 poenitens
651 2733 899 2773 excommunicationem

148 2800 268 2840 incurrerit
282 2810 321 2849 par
335 2800 445 2840 haeresim
456 2801 586 2850 professam,
601 2801 704 2842 sacerdos
714 2800 750 2840 hle
763 2800 847 2840 inserat
860 2808 897 2837 vo-

149 2864 253 2906 cabulum
265 2866 347 2915 forsan.
376 2864 404 2916 (8.
420 2865 493 2916 Ooapr.
507 2867 527 2910 S.
542 2869 582 2919 Off.
595 2865 633 2908 29.
647 2867 702 2907 Jaslii
716 2865 787 2915 1859.)

740 2935 809 2992 ier*
902 3013 904 3018 ,
