2106 3228
145 135 172 180 ie
312 139 420 180 Materiae
433 137 589 178 nonnullarum
602 137 775 178 meditationum.

145 241 316 310 animalibus,
343 241 395 296 hoc
421 247 462 296 est
480 240 591 308 impuris
615 239 766 295 homiuibus
789 254 818 294 se
844 237 946 294 abiicit

146 313 214 369 &aaa
231 314 261 367 e'a
278 314 378 366 honore
396 317 469 382 esset,
490 328 546 366 aaa
563 311 700 365 intellecti.
739 312 801 374 (Pss
811 311 867 380 48.)

180 385 217 439 11.
247 384 310 438 Nou
323 384 455 438 intellexit
462 383 584 452 pretium
596 384 735 450 potestates
751 382 802 437 sibi
819 381 946 451 creditae,

144 455 261 526 pretium
280 455 406 523 Corporis
425 462 453 508 et
466 455 609 522 Sanguinis
624 455 691 508 Jesu
708 454 820 522 Christi;
840 460 868 508 et
883 453 946 508 hinc

134 527 189 580 ¹vel
208 526 392 581 administrare
406 526 525 594 negligit,
546 533 592 579 aut
608 525 714 579 nonnisi
732 525 800 580 lucri
813 534 946 594 tempora·

144 598 179 652 lis
197 598 297 666 gratia,
326 604 372 650 aut
391 611 425 650 ex
443 596 570 652 acediosa
595 595 802 666 consuetudine,
821 602 868 650 aut
884 611 946 650 cum

123 715 125 721 ,
145 669 235 726 taedio
254 669 428 722 administrat.

182 741 230 793 ΠΙ.
249 740 311 793 Non
322 739 454 792 intellexit
467 739 587 806 preclua
595 738 799 806 israeleticae,
818 753 872 805 qua
884 753 947 807 pee-

147 811 283 866 catoribus
311 810 413 864 coelum
437 825 559 864 reserare
578 816 682 878 potest,
708 810 752 863 vel
777 808 901 864 claudere
920 814 948 864 et

146 881 210 935 inde
237 890 316 948 tepor
335 888 362 935 et
386 888 482 948 torpor
509 881 537 934 in
564 881 727 949 excipiendis
754 881 948 950 poenitentium

148 951 382 1020 Confessiouibus;
402 951 467 1006 omi
481 951 614 1021 sacerdos,
633 953 659 1006 si
676 953 842 1020 aequalitates
859 957 885 1005 et
901 952 951 1005 ia!

185 1049 237 1089 Noli
250 1050 361 1099 negligere
376 1045 478 1098 gratiam,
502 1060 558 1099 quae
572 1050 629 1088 iate
643 1052 689 1097 est3
713 1059 769 1098 quas
790 1047 842 1088 duta
859 1048 949 1088 esttibi

147 1123 188 1162 per
201 1113 365 1162 impositionem
378 1123 490 1153 manuum.
518 1110 547 1163 (Ι,
561 1114 609 1153 Tim
622 1111 653 1164 4.)

498 1219 597 1232 wvvww

169 1296 215 1349 ΙΙΙ.
246 1294 285 1348 De
303 1257 439 1362 gravilate
460 1295 567 1362 peccati
587 1293 752 1357 sacerdotis,
777 1293 812 1348 de
832 1294 932 1360 morie,

365 1376 400 1431 de
420 1375 535 1444 iudicio,
561 1376 595 1430 de
615 1377 736 1432 inferno.

338 1498 366 1550 9.
385 1498 561 1549 Meditatio:
581 1496 625 1550 De
637 1501 757 1565 peccato.
847 1501 852 1510 “

184 1591 208 1646 Ι.
235 1589 268 1646 St
284 1591 412 1646 iuimicus
430 1605 504 1644 meus
522 1589 703 1645 maledixisset
717 1591 790 1658 mati,
808 1593 950 1647 maiesata-
1039 1615 1040 1638 ι

150 1677 206 1717 sem
243 1663 351 1731 aliqum
392 1668 423 1716 tu
454 1677 516 1715 uero
553 1661 631 1715 homo
659 1663 811 1731 aauauais,
847 1662 876 1716 id
902 1670 950 1734 est,
1039 1661 1040 1728 J

149 1733 242 1802 amice,
263 1733 358 1788 dilecte
370 1733 414 1800 mi,
430 1734 466 1786 mi
477 1733 668 1802 commensalis,
688 1735 736 1802 quc·
747 1749 849 1788 meeum
861 1734 952 1790 dulces

149 1805 276 1873 capiebas
293 1805 365 1858 cibos
390 1805 443 1873 (Ps.
462 1804 521 1873 54);
551 1811 581 1858 tu
598 1805 672 1859 velut
690 1805 758 1859 alter
776 1804 869 1874 Judas,
888 1813 951 1874 post

150 1875 297 1930 buccellam
314 1875 425 1944 pretiosi
438 1874 572 1944 Corporis,
591 1875 728 1930 intinctam
741 1877 769 1929 in
782 1875 952 1932 immaculata

48 1999 51 2005 ,
152 1945 289 2014 Sanguine
300 1962 373 2070 meg}
387 1953 417 2000 tu
426 1946 553 2000 reserasti
562 1954 692 2001 cortuum
702 1953 821 2017 satanae,
831 1948 951 2004 clausisti

152 2017 228 2073 Deo!
265 2016 287 2070 0
306 2033 339 2086 pe
375 2016 456 2072 diami

185 2089 219 2142 ΙΙ.
244 2089 289 2142 An
306 2105 360 2142 nou
378 2087 472 2142 merito
491 2087 611 2155 queritur
628 2103 679 2156 per
696 2090 841 2144 Jeremiam
858 2089 950 2144 Domi·

148 2161 214 2215 nusi
234 2159 301 2228 quid
318 2165 364 2227 est,
384 2158 456 2228 quod
473 2158 586 2217 dilectus
603 2175 676 2214 uuus
694 2161 724 2214 ia
740 2160 818 2215 domo
834 2177 895 2215 meu
910 2162 951 2228 fe·

149 2231 187 2284 cit
201 2229 322 2284 scelera?
338 2231 448 2298 (ierem.
466 2231 519 2298 11.)
546 2231 574 2283 iu
592 2230 670 2287 domo
689 2246 757 2301 mea,
782 2233 810 2285 in
829 2232 950 2302 ecclesia,

148 2301 178 2355 in
196 2301 282 2370 altari,
309 2302 337 2355 in
354 2302 414 2356 loco
434 2309 534 2371 saneto,
562 2302 590 2356 in
604 2303 663 2358 loeo
681 2303 817 2373 virtutum,
836 2303 865 2356 in
877 2319 951 2373 gym-

151 2373 228 2428 nasio
248 2373 346 2426 amoris
365 2379 406 2427 etc
408 2412 488 2426 .....
889 2375 890 2378 ’

186 2443 234 2497 ΠΙ.
252 2443 331 2497 Fecit
342 2444 442 2497 scelera
453 2443 549 2500 malta.
568 2443 610 2498 Tu
619 2445 698 2513 nosti,
718 2460 786 2512 quae
805 2450 833 2499 et
850 2451 952 2512 quanta

149 2513 184 2568 ad
203 2515 295 2582 altare,
318 2514 353 2568 ad
368 2515 485 2569 tribunal
502 2515 702 2585 poenitentium,
721 2516 756 2570 ad
772 2517 855 2571 horas
872 2531 952 2572 cano·
1039 2571 1040 2576 ,

150 2586 225 2640 uices
244 2585 349 2655 afferas,
368 2587 421 2641 imo
441 2588 522 2641 etiam
540 2586 602 2640 iude
620 2586 730 2643 referas.
764 2587 806 2641 Tu
824 2588 904 2656 nosti,
924 2594 952 2644 et
1039 2583 1040 2598 ¹

148 2656 262 2711 necdum
281 2657 438 2713 erubescis?
459 2658 575 2712 iubetur
588 2657 705 2727 Moyses,
724 2658 862 2728 Propheta
875 2675 952 2714 sanc·

148 2735 204 2796 ius,
237 2743 336 2783 exuere
367 2730 548 2784 calceamenta
581 2729 615 2783 de
642 2729 770 2798 pedibus,
795 2730 953 2798 priusquam

148 2805 270 2854 montem
288 2801 423 2870 ascendat,
450 2801 557 2856 visurus
575 2801 619 2856 vel
636 2801 775 2856 auditurus
792 2800 953 2871 Dominum
