2106 3228
360 163 486 204 itemtandl
499 163 620 208 methodus.
863 163 889 208 n

90 264 179 332 bisque
188 263 312 332 proxime
324 263 475 331 adstantes,
488 263 532 317 vel
545 271 617 320 certe
626 264 735 320 intentis
745 265 830 322 oculis
838 281 890 324 nos

90 335 120 392 de
138 336 214 391 coelo
233 342 388 403 spectantes
406 335 485 390 nobis
503 336 686 404 proponimus.
721 338 807 393 Porro
820 338 889 394 haec

91 407 228 475 colloquia,
248 407 272 461 si
290 406 326 460 ad
343 407 433 460 Deum
451 407 560 461 Patrem
578 406 734 476 dirigtmtnr,
759 423 809 477 per
826 410 889 466 Pa·

89 486 140 534 ter
161 486 302 545 nostem
328 479 353 532 si
370 476 406 532 ad
425 477 561 532 Christum
577 478 721 534 Dominum
739 479 889 548 dirigtmtnr

91 550 150 618 (non
167 557 199 603 nt
217 549 354 616 estDens,
374 547 424 604 sed
442 556 574 615 quatenus
593 557 636 604 est
650 550 739 618 homo,
757 550 888 608 mediator

90 627 117 676 et
132 621 279 676 advocatus
297 627 407 688 noster,
431 627 462 673 nt
478 619 631 688 interpellet
648 636 698 688 pro
716 621 813 690 nobis),
838 638 888 690 per

89 691 369 758 AnimaOhristi‚
388 689 760 760 siadDeiparam,perAve
774 692 889 750 Maria

90 763 299 830 concludnnttn3
318 778 372 829 qno
390 777 457 816 vcro
475 763 569 816 maiori
588 779 647 816 cum
659 762 802 818 devotione
819 765 890 820 haec

88 835 221 902 coloquio
238 834 422 901 instituantur,
441 834 589 902 conveniet,
614 850 663 901 pro
682 835 786 890 ratione
804 842 888 892 mate·

86 907 140 960 riae
149 905 331 960 meditationis
343 919 415 958 nunc
430 919 573 971 personam
587 906 628 958 rei
638 905 759 976 induere,
771 906 887 962 indicem

87 993 162 1034 auum
181 975 368 1044 deprecantis,
398 991 469 1029 nunc
494 977 564 1030 servi
587 976 724 1030 dominnm
741 979 886 1048 exorantis,

87 1064 156 1102 nnnc
169 1047 219 1102 filii
233 1063 294 1100 cum
305 1053 392 1114 patre,
411 1061 526 1115 sponsae
540 1063 599 1108 cum
611 1064 719 1117 sponso,
736 1050 813 1106 amici
825 1067 889 1105 cum

86 1120 169 1173 amico
187 1119 334 1185 loquentis.
363 1118 434 1187 (Lib.
446 1118 545 1172 ane.
564 1120 718 1174 ommatium
731 1121 756 1176 Ι.
769 1121 846 1179 aad.
859 1123 885 1180 Ι.

86 1193 114 1243 in
130 1191 185 1256 fine
204 1196 229 1244 et
246 1190 350 1243 Direct.
370 1205 430 1256 cap.
447 1191 501 1256 15.)

117 1261 211 1316 Finita
227 1259 402 1315 meditatione
411 1274 462 1328 per
472 1266 593 1327 quartam
607 1260 713 1316 circiter
723 1262 806 1322 horae
824 1278 886 1332 par-

84 1338 136 1386 tem
154 1331 276 1388 sedendo
304 1331 350 1386 vel
377 1330 572 1386 deambulando
604 1330 635 1386 fit
658 1331 818 1388 reflexio
841 1335 889 1390 vel

86 1418 245 1472 examen,
269 1411 327 1458 tum
345 1401 380 1456 ad
397 1401 554 1472 videndum,
574 1419 689 1470 quonam
706 1403 785 1459 modo
803 1405 886 1461 medi·

85 1477 150 1530 tatio
170 1475 342 1541 successerit,
360 1481 418 1528 tum
436 1473 471 1527 ad
487 1473 724 1542 recapitulandum,
742 1482 773 1529 ut
790 1475 829 1534 ita
847 1476 887 1530 di·

87 1561 155 1615 cam,
180 1553 267 1600 totam
286 1544 467 1599 meditationis
488 1546 634 1599 materiam.
670 1545 818 1614 Utrumque
836 1547 887 1602 has

86 1615 140 1670 iere
158 1618 347 1686 complectitur
359 1617 544 1683 quaestiones:
565 1617 592 1670 10
603 1632 637 1670 an
653 1623 753 1671 attente
771 1617 826 1685 legi
842 1619 887 1672 vel

87 1688 175 1742 andivi
193 1689 318 1756 puncta?
355 1689 386 1740 20
404 1703 438 1740 an
457 1687 552 1741 deinde
580 1689 686 1742 servavi
705 1687 785 1742 animi
802 1689 886 1743 recol·

87 1758 247 1814 lectionem?
279 1759 310 1815 3⁰
329 1775 364 1812 an
381 1759 519 1812 materiam
531 1758 711 1813 meditationis
720 1759 846 1813 revocavi
858 1761 886 1814 in

85 1832 240 1886 memoriam
257 1836 321 1898 post
331 1830 450 1884 cubitum
461 1838 522 1884 ante
533 1830 675 1884 somnum?
702 1829 733 1883 4⁰
751 1845 786 1884 an
804 1831 886 1900 evigi-

85 1901 142 1958 lans
161 1903 196 1957 de
214 1910 295 1956 nocte
313 1908 342 1956 et
359 1916 436 1955 mane
455 1901 659 1969 expergefactus
675 1902 813 1956 materiam
830 1918 886 1956 rne-

86 1972 222 2028 ditationia
236 1973 364 2027 revocavi
381 1973 409 2026 in
424 1973 586 2041 memoriam,
605 1972 719 2027 exclusis
738 1971 796 2027 aliis
815 1974 885 2042 cogi·

85 2045 252 2100 tationibus?
273 2045 303 2098 5⁰
321 2059 356 2098 an
374 2043 485 2098 affectus
498 2043 664 2100 meditationi
677 2043 826 2100 conformes
839 2059 886 2098 ex·

86 2116 164 2170 citavi
184 2115 370 2184 sublevando,
388 2114 522 2169 induendo
542 2122 569 2169 et
582 2114 668 2168 eundo
682 2113 716 2187 ad
727 2115 815 2168 locum
829 2131 883 2170 me·

87 2185 246 2244 ditationis?
284 2187 314 2241 60
332 2201 367 2240 an
385 2187 465 2238 animi
484 2187 599 2254 quietem
619 2187 779 2254 praesertim
792 2187 885 2244 ,imme-

87 2257 156 2314 diate
176 2265 241 2313 ante
259 2256 461 2312 meditationem
478 2258 604 2314 servavi?
627 2257 656 2315 70
674 2273 709 2310 an
726 2265 826 2324 puncta
843 2259 885 2314 sin

86 2330 172 2386 minos
190 2330 288 2398 relegi,
307 2329 402 2384 saltem
420 2330 546 2384 revocavi
562 2329 590 2382 in
605 2328 780 2385 memoriam?
802 2329 832 2384 8⁰
850 2343 885 2384 an

85 2401 179 2458 stando
197 2402 337 2470 paulisper
355 2406 418 2455 ante
435 2400 522 2468 ipsum
539 2399 718 2457 meditationis
735 2401 885 2468 ingressum

85 2474 208 2540 cogitavi,
221 2471 286 2540 quid
300 2473 351 2526 sim
363 2470 491 2539 facturus,
510 2471 705 2526 commemoria
715 2471 885 2539 praesentiae

86 2541 212 2600 divinae?
232 2545 263 2598 90
281 2559 316 2600 aa
334 2549 363 2597 et
381 2557 435 2610 qua
450 2543 609 2611 reverentia,
628 2543 775 2598 attentione
794 2549 821 2598 et
838 2541 884 2596 de·

84 2617 190 2670 votione
209 2615 323 2670 recitavi
341 2613 498 2670 Orationem
514 2613 765 2682 praeparatoriam?
789 2613 841 2670 ,10⁰
850 2629 890 2670 an.

85 2687 233 2756 praeludia,
250 2686 414 2755 praesertim
432 2685 576 2742 sectmdum
593 2686 661 2740 bene
683 2683 754 2740 saci?
787 2683 833 2736 110
850 2699 886 2738 an

84 2755 224 2814 facultates
243 2759 349 2816 animae
362 2757 432 2811 bene
445 2757 597 2826 applicavi?
616 2755 790 2812 memoriam?
808 2753 886 2836 intel-

83 2827 201 2888 lectum?
220 2828 412 2886 voluntatem?
435 2825 482 2882 12⁰
501 2843 535 2884 an
553 2835 581 2886 et
598 2842 731 2898 quaenam
747 2830 893 2892 proposita
