2124 3230
153 153 196 202 808
323 159 353 200 lte
366 159 515 200 cdsbmttom
527 155 563 202 Sd.
577 159 659 199 Missas
673 149 782 201 sacrificii.

152 265 223 306 δῆσαι
237 265 371 314 semdu“;
394 260 451 312 riusa
464 263 538 313 posits
553 265 605 303 snut
624 263 650 302 iu
660 261 838 312 parenthesibus,
851 247 958 312 'periton

151 329 196 373 nisi
207 330 246 372 clii
264 331 336 370 tontes
350 329 505 378 assignantur,
519 329 652 370 uerbotsnus'
672 329 788 378 desumpta
804 330 856 369 sunt
874 339 903 368 ex
916 340 957 368 ru·

152 395 220 435 bricia
235 395 322 445 Ordinis
342 397 365 436 et
384 395 481 436 daronis
498 394 595 442 Μίκκα
618 394 642 434 in
655 394 727 442 notis,
748 403 805 442 quse
824 394 852 434 sd
871 394 958 438 calcem

152 460 283 510 paginarum
296 460 449 508 inveniuntur,
474 459 566 514 collecta
585 461 636 498 sunt
656 470 685 500 ex
702 459 830 502 auctoribus
843 460 958 509 probatis,

152 536 209 575 quas
223 528 324 576 spectant
345 526 380 564 vsi
395 526 422 564 ad
438 525 555 566 clariorem
568 524 724 564 nonnullorum
738 525 820 564 rituum
834 525 959 576 expositio·

152 602 209 642 nam,
224 591 259 631 vel
273 593 301 632 ad
314 591 459 642 particulares
473 591 553 630 Missas
567 590 602 630 rel
616 590 773 630 caeremonias.

190 666 282 721 1.‘De
295 666 569 735 praeparatione
583 665 781 722 sacerdotis
800 666 958 722 celebra-

154 738 239 800 turi.
268 737 399 794 Sacerdos
418 737 600 792 celebraturus
617 737 737 806 Missam,
755 738 867 806 praevia
885 737 958 794 (lon-

152 807 270 864 fessioue
289 809 483 877 sacramentali,
507 807 612 876 quando
641 825 708 876 opus
737 814 786 877 est,
813 815 840 864 et
858 809 958 866 saltam

153 879 286 934 Matutino
305 895 365 934 cum
382 879 520 936 Laudibus
546 879 677 948 absoluto,
696 879 811 936 orationi
836 880 958 948 aliquan·

154 950 240 1006 tulum
253 959 332 1006 vacet
344 958 371 1006 et
385 951 520 1006 orationes
535 966 617 1019 supra
629 950 700 1019 (pag.
720 950 773 1019 74.)
786 951 891 1019 positas
904 967 957 1020 pro

155 1021 284 1090 temporis
302 1023 503 1090 opportunitate
522 1021 601 1077 dicat.
620 1021 726 1078 Deinde
746 1021 849 1078 accedit
862 1021 898 1076 ad
915 1023 956 1078 lo·

155 1108 214 1148 cunr
232 1093 260 1147 in
279 1093 409 1162 sacristia,
432 1093 476 1147 vel
502 1093 565 1148 nlibi
589 1099 787 1162 prosperatum,
812 1093 859 1148 ubi
876 1109 957 1164 para-

154 1169 245 1218 menta
265 1165 369 1232 aliaque
379 1165 414 1220 ad
427 1164 633 1221 celebrationem
646 1164 800 1221 necessaria
812 1165 956 1236 habentur,

157 1235 254 1303 accipit
261 1235 380 1306 Missale,
393 1235 651 1304 perquiritMissam,
660 1236 679 1305 1)
698 1235 814 1304 perlegit
832 1236 958 1306 etsigna·

157 1305 219 1360 cula
236 1305 342 1368 ordinat
359 1306 394 1362 ad
419 1323 452 1364 ea
477 1322 545 1374 quae
572 1306 690 1362 dicturus
715 1313 767 1362 est.
800 1307 902 1362 Postea
918 1307 957 1362 la·

156 1383 204 1432 vat
222 1393 324 1448 manus,
344 1378 434 1433 dicens
453 1377 601 1435 orationem
620 1393 702 1446 supra
720 1375 791 1446 (pag.
810 1378 864 1449 91.)
883 1378 955 1447 posi-

157 1454 221 1504 tam.
238 1449 344 1504 Deinde
362 1457 508 1519 praeparat
526 1449 635 1504 calicem
660 1449 715 1518 (qui
734 1448 814 1504 debet
832 1465 893 1504 esse
911 1449 956 1504 sel

158 1535 265 1590 eureus,
283 1521 328 1576 vel
347 1529 497 1590 argenteus,
522 1527 569 1576 aut
593 1521 688 1576 saltem
714 1519 815 1576 habero
840 1535 955 1590 cuppam

158 1599 313 1660 argenteam
330 1593 402 1648 intus
419 1593 569 1649 inauratrm
588 1598 615 1646 et
628 1591 707 1648 simul
724 1596 785 1646 cum
801 1592 955 1659 potenaiti·

158 1661 219 1720 dem
236 1664 367 1732 inaurata,
387 1663 420 1720 ab
438 1664 575 1731 Episcopo
596 1663 777 1732 consecratus)
796 1677 879 1730 super
897 1663 955 1718 eius

156 1749 188 1790 os
206 1736 282 1803 ponit
299 1733 510 1804 purificatorium
526 1733 653 1790 muudum
671 1741 699 1789 et
724 1749 806 1802 super
822 1733 890 1788 illud
906 1750 955 1802 pa·

155 1809 246 1860 terram
264 1822 325 1862 cum
341 1806 458 1876 hostia2)
481 1806 594 1874 integra,
619 1821 700 1873 quam
716 1804 813 1860 leviter
831 1805 956 1875 extergit,

156 1876 180 1932 si
193 1892 262 1945 opus
276 1884 325 1947 est,
345 1892 360 1935 a
373 1876 538 1946 fragmentis,
557 1884 585 1934 et
595 1891 653 1932 eam
666 1876 735 1945 tegit
751 1891 837 1945 parva
852 1872 954 1947 puilai)

210 2040 281 2080 forms
295 2040 417 2092 sequendas
432 2051 479 2080 esse
493 2043 540 2082 turn
554 2041 655 2080 rubricas
666 2039 787 2090 generales,
801 2041 956 2090 tumpsrtica-

112 2116 117 2125 ·
209 2104 267 2145 lares
281 2105 378 2145 ltilsssils
387 2107 481 2145 Romani
495 2107 524 2145 ad
535 2107 684 2146 caeremonias
699 2107 722 2145 in
736 2105 918 2146 inclinationibus
933 2107 957 2146 et

209 2181 314 2210 manuum
334 2173 446 2212 iunctione
464 2171 508 2210 rito
526 2172 669 2221 peragendas.
703 2169 809 2222 (8120.
831 2169 864 2211 21.
880 2168 959 2211 meast

209 2235 280 2286 rtet.)
989 2267 991 2271 .

171 2300 193 2352 ι)
206 2303 241 2343 nx
254 2303 330 2344 sedem
345 2302 459 2343 communi
472 2303 511 2342 nbi
525 2305 577 2342 sunt
591 2301 665 2350 pluras
679 2301 776 2349 litasse,
797 2311 841 2340 non
856 2303 890 2342 est
902 2302 958 2342 libe·

209 2380 258 2409 rnm
273 2369 351 2418 suique
365 2368 460 2408 renitere
469 2369 568 2416 missam,
581 2376 648 2417 quarn
657 2367 767 2416 maluerit,
780 2375 822 2406 neo
831 2367 957 2416 npistoisrs

211 2438 251 2476 sut
261 2435 406 2484 bivaugslium
419 2443 447 2474 cx
460 2435 505 2476 siis
519 2435 588 2474 ditm
602 2443 695 2484 sursera,
708 2435 748 2474 ssd
757 2435 822 2474 dsbst
834 2433 880 2483 legi
888 2434 960 2474 bilsss.

210 2502 324 2550 sssigusts
336 2500 360 2538 in
374 2499 465 2548 Proprie
479 2499 583 2542 mesatis.
608 2499 639 2552 (8.
653 2499 678 2542 a.
694 2499 716 2538 c,
730 2499 761 2538 11.
775 2499 832 2549 Sept.
845 2498 915 2548 lati.)

171 2562 194 2618 ¹)
209 2567 313 2606 Servetur
327 2566 461 2604 consuetudo
475 2565 534 2604 circa
547 2573 611 2604 usum
625 2564 763 2613 imprimendi
778 2564 897 2613 imaginem
904 2565 958 2606 Orn-

211 2631 269 2670 citlxi
282 2630 306 2668 in
319 2629 406 2670 nonita,
433 2629 464 2678 (d.
480 2630 505 2672 Β.
519 2629 541 2670 0.
556 2628 591 2671 36.
605 2628 774 2680 spritaliter)

171 2692 195 2747 8)
208 2697 243 2736 An
261 2705 306 2733 non
327 2695 467 2735 obstantibus
485 2695 581 2736 ‹itemtts
602 2707 616 2736 a
634 2695 655 2736 S.
673 2696 699 2736 B.
712 2695 735 2738 0.
754 2695 821 2735 editis
838 2693 906 2735 itosst
924 2696 960 2736 nti

211 2760 271 2809 ostis
284 2769 298 2798 s
311 2763 375 2809 purte
389 2762 498 2810 superiori
511 2771 585 2811 panno
599 2763 669 2802 serico
682 2763 787 2811 cooperta
800 2763 823 2800 et
837 2771 892 2802 suro
906 2771 959 2800 con·

210 2825 288 2868 texts?
303 2827 327 2870 it.
342 2827 443 2866 Permittl
451 2837 523 2876 passe,
535 2829 652 2870 dnmmodo
663 2828 724 2878 palla
736 2828 795 2868 linea
808 2827 909 2868 subnexa
922 2839 959 2868 cs·
