2106 3228
259 166 365 208 muriae
379 165 541 208 nonnullarum
554 166 727 210 meditationum.
870 163 897 208 17

99 265 129 321 lis
147 268 363 338 etArchangelis,
383 268 503 322 Thronis
517 275 545 322 et
559 265 808 334 Dominationibus3
827 266 895 322 sicut

100 339 163 391 enim
180 357 235 394 non
252 341 384 408 Angelos,
414 338 464 394 sed
483 353 575 393 semen
592 339 718 392 Abrahae
747 338 895 405 apprehen·

99 407 134 464 dit
150 410 184 464 ad
201 410 350 465 faciendam
376 411 605 478 redemptionem,
637 410 676 464 sic
703 425 758 462 non
776 409 894 479 Angelis,

98 480 143 534 sed
167 483 319 537 hominibus
347 483 467 550 solisque
499 480 681 536 sacerdotibus
711 480 838 547 Corporis
868 489 896 536 et

98 551 236 620 Sanguinis
250 554 291 608 sui
305 553 436 608 commisit
448 553 681 606 consecrationem.
696 550 736 618 (S.
746 551 894 620 Ber-acrei.)

99 621 120 676 Ο
136 624 290 678 veneranda
304 623 474 679 sacerdotum
492 623 614 692 dignitas,
635 624 663 676 in
682 638 795 689 quorum
814 624 895 676 mani-

97 693 144 749 bus
166 696 220 749 Dei
239 696 325 750 Filius
351 696 425 749 velut
450 696 478 748 in
497 703 573 748 utero
591 694 709 762 Virginis
727 693 895 762 incarnatur;

99 764 136 831 (S.
144 768 336 836 Augustinus.)
372 766 474 835 Magna
492 773 519 819 et
536 767 626 833 multa,
645 767 775 820 immensa
793 772 820 818 et
838 763 894 818 infi-

96 836 149 892 nita
162 838 252 906 ipsius
267 836 413 892 sacerdotis
423 837 546 906 dignitas,
556 837 711 890 miraculum
727 835 895 904 stupendum.

96 906 117 961 Ο
136 925 218 976 qnam
227 924 352 978 magnam
369 909 397 962 in
415 924 445 964 se
465 909 582 962 continet
600 907 753 976 dignitatem
769 905 894 962 formida-

95 979 145 1034 bile
166 988 197 1034 et
215 979 371 1034 admirabile
390 979 582 1034 sacerdotium!
603 978 641 1045 (S.
652 979 811 1046 Epicratem.)

126 1052 162 1106 Il.
191 1051 332 1119 Colligitur
351 1051 444 1104 eadem
458 1051 606 1106 sublimitas
616 1065 650 1104 ex
667 1057 800 1118 potestate
817 1049 894 1104 iuris·

94 1121 232 1191 dictionis,
259 1138 309 1190 per
326 1137 405 1189 quam
424 1121 549 1176 sacerdos
563 1121 631 1176 coeli
649 1121 764 1189 claviger
783 1128 841 1188 est,
868 1127 896 1176 et

94 1194 186 1248 mundi
203 1193 287 1248 totius
302 1193 389 1262 iudex,
414 1193 521 1247 solvens
540 1200 567 1246 et
583 1193 668 1260 ligans
687 1207 768 1260 super
785 1199 894 1260 terram,

96 1265 168 1333 quod
187 1263 345 1319 solvendum
358 1263 721 1332 autligandumiudicaverit.
740 1263 826 1332 (Joan.
842 1261 894 1328 20.)

128 1337 180 1390 m.
209 1335 304 1403 Adde,
332 1334 404 1402 quod
423 1334 548 1389 sacerdos
566 1341 676 1389 vocetur
694 1334 827 1402 Angelus,
855 1333 896 1387 sal

95 1413 194 1475 terrae,
209 1407 258 1460 lux
267 1406 366 1473 muntii,
375 1407 485 1460 lucerna
498 1422 579 1475 supra
588 1405 774 1460 candelabrum
789 1403 894 1473 (Matth.

97 1479 140 1548 5.),
169 1485 274 1548 pastor,
312 1477 413 1545 doctor,
440 1477 609 1545 dispensator
633 1476 818 1546 mysteriorum
843 1475 896 1529 Dei

99 1548 186 1617 (Joan.
210 1553 253 1608 10.
281 1555 308 1603 et
326 1552 368 1602 21.
387 1549 459 1616 Eph.
479 1552 503 1602 4.
531 1553 555 1606 1.
582 1548 642 1602 Cor.
661 1547 712 1618 4.),
745 1547 895 1615 episcopus,

100 1619 229 1690 pontifex,
258 1620 430 1688 praepositus
449 1621 482 1689 (l.
502 1620 570 1672 Tim.
589 1623 614 1672 3.
634 1619 687 1673 Tit.
707 1623 730 1672 1.
749 1617 831 1670 Hebr.
851 1616 895 1687 5.),

98 1692 212 1747 doarius
231 1692 317 1759 ipsius
340 1691 447 1746 Christi.
483 1691 583 1758 Magna
601 1689 731 1757 dignitas,
763 1689 830 1741 mira
848 1705 896 1756 po·

98 1769 190 1830 testas,
210 1763 346 1817 excelsum
365 1769 393 1816 et
411 1761 595 1830 expavendum
615 1760 737 1815 officium.
759 1759 896 1830 (Hugodc

97 1833 136 1888 St.
155 1835 236 1896 Vict.)
274 1833 449 1903 Presbyteros
475 1833 509 1886 ad
533 1832 679 1888 custodiam
698 1845 812 1899 sponsae
831 1845 896 1884 suae

96 1913 223 1973 anquam
233 1905 347 1960 vicarios
364 1921 428 1959 suos
443 1904 559 1971 reliquit.
579 1904 755 1970 (PetBleaa.)
775 1901 896 1970 Sponsae

97 1976 231 2045 custodes,
242 1977 325 2045 amici,
333 1975 486 2044 necessarii,
497 1975 642 2030 domestici.
663 1973 894 2042 (alternaretur.)
994 2031 996 2036 ,

98 2046 173 2101 Omi
192 2048 283 2115 Deus,
311 2047 378 2116 qaid
402 2052 440 2100 est
464 2047 556 2113 bomo,
583 2048 648 2114 quia
672 2047 711 2100 sic
737 2044 897 2113 magnificos

98 2121 174 2172 eam!
197 2119 291 2174 Nimis
307 2118 480 2184 honorificati
496 2123 559 2172 suat
577 2117 659 2170 amici
675 2117 718 2170 tui
733 2116 827 2170 Deua!
841 2115 895 2184 (Ps.

101 2191 168 2259 138.)
187 2220 223 2230 -
242 2188 348 2246 Medius
374 2196 429 2243 stat
452 2187 577 2248 sacerdos
601 2189 671 2242 inter
688 2188 775 2241 Deum
805 2194 833 2240 et
850 2201 896 2239 na·

98 2267 183 2314 turam
201 2262 360 2329 humanam,
385 2260 458 2314 illinc
475 2259 610 2314 venientia
635 2257 764 2312 beneficia
789 2258 823 2312 ad
846 2273 897 2310 nos

100 2329 236 2401 deferens,
264 2340 292 2386 et
308 2341 417 2388 nostras
434 2323 577 2399 petitiones
602 2330 665 2384 illuc
688 2328 816 2386 referens.
856 2327 896 2395 (S.
923 2323 931 2356 i

101 2401 245 2472 maroa.)

134 2491 233 2542 Utraque
246 2493 288 2532 hac
300 2491 413 2543 potestate
425 2492 494 2538 utera,
508 2499 553 2528 non
562 2489 718 2539 perfunctorie,
732 2491 771 2531 sed
781 2489 898 2530 cumomni

100 2557 251 2608 mdioltudinc,
264 2559 400 2606 humilitate,
414 2557 522 2596 modestia
537 2557 634 2605 corporis
651 2560 673 2596 ot
685 2558 761 2597 animi.

155 2663 182 2715 8.
201 2663 386 2715 Meditatioz
405 2658 450 2713 De
468 2659 664 2728 ingratitudine
681 2658 837 2716 sacerdotia

132 2756 152 2810 l.
175 2757 237 2812 Nou
255 2756 390 2812 intellexit
408 2754 580 2808 altitudinem
597 2761 684 2809 ataias
702 2755 759 2822 sui;
785 2753 846 2807 hinc
865 2752 899 2806 ad

101 2827 202 2900 sordet,
227 2828 263 2884 ad
280 2827 440 2895 volutabra,
467 2824 501 2878 ad
518 2828 647 2881 vomitum
665 2841 725 2880 cum
743 2822 901 2890 quibusdam
