<?xml version="1.0" encoding="UTF-8"?>
<!DOCTYPE html PUBLIC "-//W3C//DTD XHTML 1.0 Transitional//EN"
    "http://www.w3.org/TR/xhtml1/DTD/xhtml1-transitional.dtd">
<html xmlns="http://www.w3.org/1999/xhtml" xml:lang="en" lang="en">
 <head>
  <title>
</title>
<meta http-equiv="Content-Type" content="text/html;charset=utf-8" />
  <meta name='ocr-system' content='tesseract 3.04.00' />
  <meta name='ocr-capabilities' content='ocr_page ocr_carea ocr_par ocr_line ocrx_word'/>
</head>
<body>
  <div class='ocr_page' id='page_1' title='image "./manualesacerdot00schngoog_0608.png"; bbox 0 0 2146 3234; ppageno 0'>
   <div class='ocr_carea' id='block_1_1' title="bbox 167 171 790 216">
    <p class='ocr_par' dir='ltr' id='par_1_1' title="bbox 167 171 790 216">
     <span class='ocr_line' id='line_1_1' title="bbox 167 171 790 216; baseline -0.006 0"><span class='ocrx_word' id='word_1_1' title='bbox 167 171 209 216; x_wconf 74' lang='lat'><strong>⁵78</strong></span> <span class='ocrx_word' id='word_1_2' title='bbox 342 174 375 214; x_wconf 85' lang='lat' dir='ltr'><strong>De</strong></span> <span class='ocrx_word' id='word_1_3' title='bbox 389 173 579 214; x_wconf 70' lang='lat' dir='ltr'><strong>§aeramentorum</strong></span> <span class='ocrx_word' id='word_1_4' title='bbox 593 172 790 214; x_wconf 67' lang='lat' dir='ltr'><strong>administratione.</strong></span> 
     </span>
    </p>
   </div>
   <div class='ocr_carea' id='block_1_2' title="bbox 138 272 971 1694">
    <p class='ocr_par' dir='ltr' id='par_1_2' title="bbox 162 272 967 487">
     <span class='ocr_line' id='line_1_2' title="bbox 165 272 967 346; baseline -0.005 -14"><span class='ocrx_word' id='word_1_5' title='bbox 165 274 258 346; x_wconf 90' lang='lat' dir='ltr'><strong>sponsi</strong></span> <span class='ocrx_word' id='word_1_6' title='bbox 275 281 337 330; x_wconf 88' lang='lat' dir='ltr'><strong>ante</strong></span> <span class='ocrx_word' id='word_1_7' title='bbox 356 273 547 330; x_wconf 78' lang='lat' dir='ltr'><strong>commissionis</strong></span> <span class='ocrx_word' id='word_1_8' title='bbox 565 273 766 328; x_wconf 79' lang='lat' dir='ltr'><strong>exsecutionem</strong></span> <span class='ocrx_word' id='word_1_9' title='bbox 779 272 850 327; x_wconf 90' lang='lat' dir='ltr'><strong>iuter</strong></span> <span class='ocrx_word' id='word_1_10' title='bbox 868 287 898 327; x_wconf 90' lang='lat' dir='ltr'><strong>se</strong></span> <span class='ocrx_word' id='word_1_11' title='bbox 916 272 967 328; x_wconf 88' lang='lat' dir='ltr'><strong>ba·</strong></span> 
     </span>
     <span class='ocr_line' id='line_1_3' title="bbox 165 342 967 487; baseline -0.001 -86"><span class='ocrx_word' id='word_1_12' title='bbox 165 347 247 404; x_wconf 89' lang='lat' dir='ltr'><strong>beant</strong></span> <span class='ocrx_word' id='word_1_13' title='bbox 279 347 412 487; x_wconf 68' lang='lat' dir='ltr'><strong>c)arnolem</strong></span> <span class='ocrx_word' id='word_1_14' title='bbox 439 345 576 414; x_wconf 90' lang='lat' dir='ltr'><strong>copulam,</strong></span> <span class='ocrx_word' id='word_1_15' title='bbox 609 345 676 398; x_wconf 92' lang='lat' dir='ltr'><strong>haec</strong></span> <span class='ocrx_word' id='word_1_16' title='bbox 709 345 797 398; x_wconf 87' lang='lat' dir='ltr'><strong>irritat</strong></span> <span class='ocrx_word' id='word_1_17' title='bbox 827 342 967 412; x_wconf 86' lang='lat' dir='ltr'><strong>dispensa·</strong></span> 
     </span>
     <span class='ocr_line' id='line_1_4' title="bbox 162 419 288 474; baseline -0.016 0"><span class='ocrx_word' id='word_1_18' title='bbox 162 419 288 474; x_wconf 77' lang='lat' dir='ltr'><strong>tionem.¹</strong></span> 
     </span>
    </p>

    <p class='ocr_par' dir='ltr' id='par_1_3' title="bbox 138 486 969 971">
     <span class='ocr_line' id='line_1_5' title="bbox 202 486 969 556; baseline -0.007 -11"><span class='ocrx_word' id='word_1_19' title='bbox 202 491 234 544; x_wconf 65' lang='grc' dir='ltr'><strong>6ιι</strong></span> <span class='ocrx_word' id='word_1_20' title='bbox 256 488 323 544; x_wconf 80' lang='lat' dir='ltr'><strong>Cum</strong></span> <span class='ocrx_word' id='word_1_21' title='bbox 346 486 509 556; x_wconf 81' lang='lat' dir='ltr'><strong>dispensatio</strong></span> <span class='ocrx_word' id='word_1_22' title='bbox 533 486 634 555; x_wconf 89' lang='lat' dir='ltr'><strong>petitur</strong></span> <span class='ocrx_word' id='word_1_23' title='bbox 652 501 734 554; x_wconf 88' lang='lat' dir='ltr'><strong>super</strong></span> <span class='ocrx_word' id='word_1_24' title='bbox 760 489 969 556; x_wconf 78' lang='lat' dir='ltr'><strong>coneunpni-</strong></span> 
     </span>
     <span class='ocr_line' id='line_1_6' title="bbox 166 558 968 626; baseline -0.002 -12"><span class='ocrx_word' id='word_1_25' title='bbox 166 562 284 615; x_wconf 88' lang='lat' dir='ltr'><strong>nitate</strong></span> <span class='ocrx_word' id='word_1_26' title='bbox 302 559 346 614; x_wconf 84' lang='lat' dir='ltr'><strong>vel</strong></span> <span class='ocrx_word' id='word_1_27' title='bbox 364 559 563 626; x_wconf 77' lang='lat' dir='ltr'><strong>affinitate,</strong></span> <span class='ocrx_word' id='word_1_28' title='bbox 582 558 734 626; x_wconf 77' lang='lat' dir='ltr'><strong>specialiter</strong></span> <span class='ocrx_word' id='word_1_29' title='bbox 753 558 834 612; x_wconf 88' lang='lat' dir='ltr'><strong>debet</strong></span> <span class='ocrx_word' id='word_1_30' title='bbox 852 559 968 626; x_wconf 84' lang='lat' dir='ltr'><strong>exprimi</strong></span> 
     </span>
     <span class='ocr_line' id='line_1_7' title="bbox 138 629 967 701; baseline -0.002 -15"><span class='ocrx_word' id='word_1_31' title='bbox 138 635 139 643; x_wconf 78' lang='grc'>’</span> <span class='ocrx_word' id='word_1_32' title='bbox 167 631 305 701; x_wconf 84' lang='lat' dir='ltr'><strong>gradns2)‚</strong></span> <span class='ocrx_word' id='word_1_33' title='bbox 330 637 358 691; x_wconf 80' lang='lat' dir='ltr'><strong>et</strong></span> <span class='ocrx_word' id='word_1_34' title='bbox 381 631 405 686; x_wconf 88' lang='lat' dir='ltr'><strong>si</strong></span> <span class='ocrx_word' id='word_1_35' title='bbox 428 629 604 696; x_wconf 72' lang='lat' dir='ltr'><strong>inaequaliter</strong></span> <span class='ocrx_word' id='word_1_36' title='bbox 620 629 732 699; x_wconf 88' lang='lat' dir='ltr'><strong>distent,</strong></span> <span class='ocrx_word' id='word_1_37' title='bbox 756 630 837 684; x_wconf 87' lang='lat' dir='ltr'><strong>etiam</strong></span> <span class='ocrx_word' id='word_1_38' title='bbox 865 629 967 698; x_wconf 77' lang='lat' dir='ltr'><strong>gradus</strong></span> 
     </span>
     <span class='ocr_line' id='line_1_8' title="bbox 168 700 969 772; baseline -0.002 -15"><span class='ocrx_word' id='word_1_39' title='bbox 168 702 352 772; x_wconf 87' lang='lat' dir='ltr'><strong>propinquior,</strong></span> <span class='ocrx_word' id='word_1_40' title='bbox 370 717 395 755; x_wconf 87' lang='lat' dir='ltr'><strong>v.</strong></span> <span class='ocrx_word' id='word_1_41' title='bbox 415 716 440 768; x_wconf 81' lang='lat' dir='ltr'><strong>g.</strong></span> <span class='ocrx_word' id='word_1_42' title='bbox 460 700 586 754; x_wconf 88' lang='lat' dir='ltr'><strong>dicendo:</strong></span> <span class='ocrx_word' id='word_1_43' title='bbox 605 701 671 768; x_wconf 77' lang='lat' dir='ltr'><strong>qnia</strong></span> <span class='ocrx_word' id='word_1_44' title='bbox 688 701 718 753; x_wconf 82' lang='lat' dir='ltr'><strong>in</strong></span> <span class='ocrx_word' id='word_1_45' title='bbox 736 700 853 754; x_wconf 80' lang='lat' dir='ltr'><strong>secundo</strong></span> <span class='ocrx_word' id='word_1_46' title='bbox 872 706 898 754; x_wconf 90' lang='lat' dir='ltr'><strong>et</strong></span> <span class='ocrx_word' id='word_1_47' title='bbox 914 706 969 755; x_wconf 87' lang='lat' dir='ltr'><strong>tcr·</strong></span> 
     </span>
     <span class='ocr_line' id='line_1_9' title="bbox 167 771 969 842; baseline -0.002 -14"><span class='ocrx_word' id='word_1_48' title='bbox 167 776 215 842; x_wconf 83' lang='lat' dir='ltr'><strong>tio,</strong></span> <span class='ocrx_word' id='word_1_49' title='bbox 234 789 282 830; x_wconf 88' lang='lat' dir='ltr'><strong>seu</strong></span> <span class='ocrx_word' id='word_1_50' title='bbox 299 771 416 828; x_wconf 77' lang='lat' dir='ltr'><strong>accendo</strong></span> <span class='ocrx_word' id='word_1_51' title='bbox 434 775 460 825; x_wconf 88' lang='lat' dir='ltr'><strong>ei</strong></span> <span class='ocrx_word' id='word_1_52' title='bbox 478 777 574 839; x_wconf 81' lang='lat' dir='ltr'><strong>quarto</strong></span> <span class='ocrx_word' id='word_1_53' title='bbox 593 787 612 824; x_wconf 87' lang='lat' dir='ltr'><strong>n</strong></span> <span class='ocrx_word' id='word_1_54' title='bbox 630 773 766 826; x_wconf 81' lang='lat' dir='ltr'><strong>communi</strong></span> <span class='ocrx_word' id='word_1_55' title='bbox 788 773 879 840; x_wconf 70' lang='lat' dir='ltr'><strong>stipite</strong></span> <span class='ocrx_word' id='word_1_56' title='bbox 898 787 969 840; x_wconf 80' lang='lat' dir='ltr'><strong>pro-</strong></span> 
     </span>
     <span class='ocr_line' id='line_1_10' title="bbox 166 842 969 912; baseline -0.002 -12"><span class='ocrx_word' id='word_1_57' title='bbox 166 844 332 900; x_wconf 70' lang='lat' dir='ltr'><strong>venientibus</strong></span> <span class='ocrx_word' id='word_1_58' title='bbox 349 843 592 912; x_wconf 78' lang='lat' dir='ltr'><strong>conennpninitntie</strong></span> <span class='ocrx_word' id='word_1_59' title='bbox 616 842 748 912; x_wconf 64' lang='lat' dir='ltr'><strong>mucidus</strong></span> <span class='ocrx_word' id='word_1_60' title='bbox 772 844 884 897; x_wconf 83' lang='lat' dir='ltr'><strong>inuicem</strong></span> <span class='ocrx_word' id='word_1_61' title='bbox 901 849 969 898; x_wconf 80' lang='lat' dir='ltr'><strong>aunt</strong></span> 
     </span>
     <span class='ocr_line' id='line_1_11' title="bbox 165 916 310 971; baseline 0 -1"><span class='ocrx_word' id='word_1_62' title='bbox 165 916 310 971; x_wconf 84' lang='lat' dir='ltr'><strong>coniuncti.</strong></span> 
     </span>
    </p>

    <p class='ocr_par' dir='ltr' id='par_1_4' title="bbox 165 983 969 1196">
     <span class='ocr_line' id='line_1_12' title="bbox 201 983 969 1054; baseline -0.004 -12"><span class='ocrx_word' id='word_1_63' title='bbox 201 987 238 1042; x_wconf 84' lang='lat' dir='ltr'><strong>Ut</strong></span> <span class='ocrx_word' id='word_1_64' title='bbox 256 993 346 1040; x_wconf 74' lang='lat' dir='ltr'><strong>annm</strong></span> <span class='ocrx_word' id='word_1_65' title='bbox 362 985 462 1039; x_wconf 82' lang='lat' dir='ltr'><strong>vitenrr</strong></span> <span class='ocrx_word' id='word_1_66' title='bbox 479 984 564 1039; x_wconf 89' lang='lat' dir='ltr'><strong>omnis</strong></span> <span class='ocrx_word' id='word_1_67' title='bbox 589 983 717 1054; x_wconf 87' lang='lat' dir='ltr'><strong>confusio,</strong></span> <span class='ocrx_word' id='word_1_68' title='bbox 742 984 880 1052; x_wconf 79' lang='lat' dir='ltr'><strong>supplicae</strong></span> <span class='ocrx_word' id='word_1_69' title='bbox 899 983 969 1039; x_wconf 90' lang='lat' dir='ltr'><strong>adii·</strong></span> 
     </span>
     <span class='ocr_line' id='line_1_13' title="bbox 165 1054 966 1124; baseline -0.001 -12"><span class='ocrx_word' id='word_1_70' title='bbox 165 1058 252 1112; x_wconf 75' lang='lat' dir='ltr'><strong>datur</strong></span> <span class='ocrx_word' id='word_1_71' title='bbox 265 1057 380 1124; x_wconf 77' lang='lat' dir='ltr'><strong>schema,</strong></span> <span class='ocrx_word' id='word_1_72' title='bbox 401 1056 429 1109; x_wconf 90' lang='lat' dir='ltr'><strong>in</strong></span> <span class='ocrx_word' id='word_1_73' title='bbox 443 1071 495 1123; x_wconf 90' lang='lat' dir='ltr'><strong>quo</strong></span> <span class='ocrx_word' id='word_1_74' title='bbox 509 1056 581 1110; x_wconf 91' lang='lat' dir='ltr'><strong>linea</strong></span> <span class='ocrx_word' id='word_1_75' title='bbox 595 1063 621 1110; x_wconf 89' lang='lat' dir='ltr'><strong>et</strong></span> <span class='ocrx_word' id='word_1_76' title='bbox 633 1054 732 1124; x_wconf 82' lang='lat' dir='ltr'><strong>gradus</strong></span> <span class='ocrx_word' id='word_1_77' title='bbox 745 1055 831 1110; x_wconf 88' lang='lat' dir='ltr'><strong>videri</strong></span> <span class='ocrx_word' id='word_1_78' title='bbox 845 1056 966 1124; x_wconf 89' lang='lat' dir='ltr'><strong>possint;</strong></span> 
     </span>
     <span class='ocr_line' id='line_1_14' title="bbox 166 1125 967 1196; baseline -0.001 -14"><span class='ocrx_word' id='word_1_79' title='bbox 166 1127 239 1196; x_wconf 91' lang='lat' dir='ltr'><strong>quod</strong></span> <span class='ocrx_word' id='word_1_80' title='bbox 256 1128 365 1182; x_wconf 89' lang='lat' dir='ltr'><strong>schema</strong></span> <span class='ocrx_word' id='word_1_81' title='bbox 381 1133 465 1182; x_wconf 85' lang='lat' dir='ltr'><strong>testes</strong></span> <span class='ocrx_word' id='word_1_82' title='bbox 483 1125 536 1180; x_wconf 88' lang='lat' dir='ltr'><strong>fide</strong></span> <span class='ocrx_word' id='word_1_83' title='bbox 554 1126 635 1196; x_wconf 82' lang='lat' dir='ltr'><strong>digni,</strong></span> <span class='ocrx_word' id='word_1_84' title='bbox 655 1127 699 1180; x_wconf 88' lang='lat' dir='ltr'><strong>vel</strong></span> <span class='ocrx_word' id='word_1_85' title='bbox 716 1127 822 1182; x_wconf 87' lang='lat' dir='ltr'><strong>iliomm</strong></span> <span class='ocrx_word' id='word_1_86' title='bbox 843 1127 903 1182; x_wconf 89' lang='lat' dir='ltr'><strong>loeo</strong></span> <span class='ocrx_word' id='word_1_87' title='bbox 917 1142 967 1195; x_wconf 90' lang='lat' dir='ltr'><strong>pa·</strong></span> 
     </span>
    </p>

    <p class='ocr_par' dir='ltr' id='par_1_5' title="bbox 144 1196 971 1694">
     <span class='ocr_line' id='line_1_15' title="bbox 144 1196 968 1266; baseline -0.001 -13"><span class='ocrx_word' id='word_1_88' title='bbox 144 1206 146 1210; x_wconf 87' lang='grc'><strong>’</strong></span> <span class='ocrx_word' id='word_1_89' title='bbox 165 1200 264 1254; x_wconf 88' lang='lat' dir='ltr'><strong>rochus</strong></span> <span class='ocrx_word' id='word_1_90' title='bbox 283 1199 449 1254; x_wconf 87' lang='lat' dir='ltr'><strong>subscribere</strong></span> <span class='ocrx_word' id='word_1_91' title='bbox 469 1196 550 1252; x_wconf 87' lang='lat' dir='ltr'><strong>debet</strong></span> <span class='ocrx_word' id='word_1_92' title='bbox 568 1204 595 1252; x_wconf 88' lang='lat' dir='ltr'><strong>et</strong></span> <span class='ocrx_word' id='word_1_93' title='bbox 613 1197 778 1266; x_wconf 79' lang='lat' dir='ltr'><strong>subsignare.</strong></span> <span class='ocrx_word' id='word_1_94' title='bbox 797 1197 851 1252; x_wconf 89' lang='lat' dir='ltr'><strong>Ubi</strong></span> <span class='ocrx_word' id='word_1_95' title='bbox 868 1206 968 1252; x_wconf 91' lang='lat' dir='ltr'><strong>notan·</strong></span> 
     </span>
     <span class='ocr_line' id='line_1_16' title="bbox 166 1267 966 1339; baseline 0 -15"><span class='ocrx_word' id='word_1_96' title='bbox 166 1269 237 1339; x_wconf 89' lang='lat' dir='ltr'><strong>dnm,</strong></span> <span class='ocrx_word' id='word_1_97' title='bbox 257 1268 361 1338; x_wconf 87' lang='lat' dir='ltr'><strong>quodsi</strong></span> <span class='ocrx_word' id='word_1_98' title='bbox 376 1277 517 1324; x_wconf 82' lang='lat' dir='ltr'><strong>concurrat</strong></span> <span class='ocrx_word' id='word_1_99' title='bbox 529 1269 631 1337; x_wconf 89' lang='lat' dir='ltr'><strong>primus</strong></span> <span class='ocrx_word' id='word_1_100' title='bbox 645 1269 752 1338; x_wconf 74' lang='lat' dir='ltr'><strong>gradum,</strong></span> <span class='ocrx_word' id='word_1_101' title='bbox 771 1267 869 1323; x_wconf 89' lang='lat' dir='ltr'><strong>debeat</strong></span> <span class='ocrx_word' id='word_1_102' title='bbox 883 1269 966 1324; x_wconf 87' lang='lat' dir='ltr'><strong>etiam</strong></span> 
     </span>
     <span class='ocr_line' id='line_1_17' title="bbox 165 1339 968 1410; baseline -0.002 -14"><span class='ocrx_word' id='word_1_103' title='bbox 165 1341 227 1396; x_wconf 88' lang='lat' dir='ltr'><strong>addi</strong></span> <span class='ocrx_word' id='word_1_104' title='bbox 245 1341 439 1410; x_wconf 86' lang='lat' dir='ltr'><strong>provenientia,</strong></span> <span class='ocrx_word' id='word_1_105' title='bbox 465 1355 514 1396; x_wconf 90' lang='lat' dir='ltr'><strong>seu</strong></span> <span class='ocrx_word' id='word_1_106' title='bbox 532 1339 656 1396; x_wconf 87' lang='lat' dir='ltr'><strong>distincte</strong></span> <span class='ocrx_word' id='word_1_107' title='bbox 682 1339 821 1410; x_wconf 84' lang='lat' dir='ltr'><strong>declarari,</strong></span> <span class='ocrx_word' id='word_1_108' title='bbox 849 1341 968 1408; x_wconf 86' lang='lat' dir='ltr'><strong>qualiter</strong></span> 
     </span>
     <span class='ocr_line' id='line_1_18' title="bbox 165 1410 967 1481; baseline -0.004 -13"><span class='ocrx_word' id='word_1_109' title='bbox 165 1413 263 1468; x_wconf 88' lang='lat' dir='ltr'><strong>sintin</strong></span> <span class='ocrx_word' id='word_1_110' title='bbox 280 1413 322 1468; x_wconf 91' lang='lat' dir='ltr'><strong>bis</strong></span> <span class='ocrx_word' id='word_1_111' title='bbox 347 1412 475 1480; x_wconf 81' lang='lat' dir='ltr'><strong>gradibus</strong></span> <span class='ocrx_word' id='word_1_112' title='bbox 498 1411 640 1481; x_wconf 85' lang='lat' dir='ltr'><strong>coniuncti,</strong></span> <span class='ocrx_word' id='word_1_113' title='bbox 665 1410 776 1466; x_wconf 87' lang='lat' dir='ltr'><strong>dicendo</strong></span> <span class='ocrx_word' id='word_1_114' title='bbox 800 1427 827 1465; x_wconf 84' lang='lat' dir='ltr'><strong>v.</strong></span> <span class='ocrx_word' id='word_1_115' title='bbox 846 1427 872 1479; x_wconf 82' lang='lat' dir='ltr'><strong>g.</strong></span> <span class='ocrx_word' id='word_1_116' title='bbox 899 1413 967 1480; x_wconf 73' lang='lat' dir='ltr'><strong>qnia</strong></span> 
     </span>
     <span class='ocr_line' id='line_1_19' title="bbox 169 1482 971 1552; baseline -0.002 -13"><span class='ocrx_word' id='word_1_117' title='bbox 169 1485 308 1539; x_wconf 79' lang='lat' dir='ltr'><strong>coniuncti</strong></span> <span class='ocrx_word' id='word_1_118' title='bbox 323 1489 387 1538; x_wconf 83' lang='lat' dir='ltr'><strong>eunt</strong></span> <span class='ocrx_word' id='word_1_119' title='bbox 404 1483 539 1552; x_wconf 80' lang='lat' dir='ltr'><strong>inprime</strong></span> <span class='ocrx_word' id='word_1_120' title='bbox 557 1488 582 1536; x_wconf 87' lang='lat' dir='ltr'><strong>et</strong></span> <span class='ocrx_word' id='word_1_121' title='bbox 595 1482 711 1536; x_wconf 82' lang='lat' dir='ltr'><strong>secundo</strong></span> <span class='ocrx_word' id='word_1_122' title='bbox 724 1483 971 1552; x_wconf 75' lang='lat' dir='ltr'><strong>coinnnpninitutie</strong></span> 
     </span>
     <span class='ocr_line' id='line_1_20' title="bbox 169 1553 970 1626; baseline -0.004 -15"><span class='ocrx_word' id='word_1_123' title='bbox 169 1555 302 1626; x_wconf 62' lang='lat' dir='ltr'><strong>mucimus</strong></span> <span class='ocrx_word' id='word_1_124' title='bbox 324 1571 357 1610; x_wconf 85' lang='lat' dir='ltr'><strong>cn</strong></span> <span class='ocrx_word' id='word_1_125' title='bbox 380 1555 515 1608; x_wconf 82' lang='lat' dir='ltr'><strong>communi</strong></span> <span class='ocrx_word' id='word_1_126' title='bbox 538 1555 628 1622; x_wconf 64' lang='lat' dir='ltr'><strong>nenne</strong></span> <span class='ocrx_word' id='word_1_127' title='bbox 646 1553 876 1622; x_wconf 73' lang='lat' dir='ltr'><strong>proven-centibus,</strong></span> <span class='ocrx_word' id='word_1_128' title='bbox 901 1555 970 1622; x_wconf 79' lang='lat' dir='ltr'><strong>qnia</strong></span> 
     </span>
     <span class='ocr_line' id='line_1_21' title="bbox 174 1623 970 1694; baseline -0.005 -11"><span class='ocrx_word' id='word_1_129' title='bbox 174 1626 273 1683; x_wconf 63' lang='lat' dir='ltr'><strong>&amp;ntor</strong></span> <span class='ocrx_word' id='word_1_130' title='bbox 297 1632 336 1682; x_wconf 84' lang='lat' dir='ltr'><strong>en</strong></span> <span class='ocrx_word' id='word_1_131' title='bbox 352 1631 481 1694; x_wconf 80' lang='lat' dir='ltr'><strong>pannus,</strong></span> <span class='ocrx_word' id='word_1_132' title='bbox 505 1625 546 1678; x_wconf 86' lang='lat' dir='ltr'><strong>nel</strong></span> <span class='ocrx_word' id='word_1_133' title='bbox 564 1625 713 1679; x_wconf 85' lang='lat' dir='ltr'><strong>uonncnlne</strong></span> <span class='ocrx_word' id='word_1_134' title='bbox 738 1623 885 1693; x_wconf 64' lang='lat' dir='ltr'><strong>nanum·</strong></span> <span class='ocrx_word' id='word_1_135' title='bbox 908 1624 970 1679; x_wconf 87' lang='lat' dir='ltr'><strong>vel:</strong></span> 
     </span>
    </p>
   </div>
   <div class='ocr_carea' id='block_1_3' title="bbox 178 1796 969 2900">
    <p class='ocr_par' dir='ltr' id='par_1_6' title="bbox 180 1796 969 2702">
     <span class='ocr_line' id='line_1_22' title="bbox 180 1796 967 1855; baseline -0.01 -12"><span class='ocrx_word' id='word_1_136' title='bbox 180 1802 202 1855; x_wconf 80' lang='grc'><strong>1)</strong></span> <span class='ocrx_word' id='word_1_137' title='bbox 216 1803 272 1852; x_wconf 82' lang='lat' dir='ltr'><strong>Quid</strong></span> <span class='ocrx_word' id='word_1_138' title='bbox 285 1802 395 1852; x_wconf 72' lang='lat' dir='ltr'><strong>egendum</strong></span> <span class='ocrx_word' id='word_1_139' title='bbox 408 1799 515 1839; x_wconf 75' lang='lat' dir='ltr'><strong>incrimblt</strong></span> <span class='ocrx_word' id='word_1_140' title='bbox 525 1799 623 1848; x_wconf 74' lang='lat' dir='ltr'><strong>perceio,</strong></span> <span class='ocrx_word' id='word_1_141' title='bbox 645 1798 663 1838; x_wconf 88' lang='lat' dir='ltr'><strong>sl</strong></span> <span class='ocrx_word' id='word_1_142' title='bbox 685 1797 760 1847; x_wconf 85' lang='lat' dir='ltr'><strong>sponsi</strong></span> <span class='ocrx_word' id='word_1_143' title='bbox 774 1797 851 1838; x_wconf 87' lang='lat' dir='ltr'><strong>aiiines</strong></span> <span class='ocrx_word' id='word_1_144' title='bbox 865 1796 900 1836; x_wconf 82' lang='lat' dir='ltr'><strong>vel</strong></span> <span class='ocrx_word' id='word_1_145' title='bbox 915 1807 967 1836; x_wconf 88' lang='lat' dir='ltr'><strong>con·</strong></span> 
     </span>
     <span class='ocr_line' id='line_1_23' title="bbox 218 1863 967 1918; baseline -0.011 -8"><span class='ocrx_word' id='word_1_146' title='bbox 218 1868 333 1918; x_wconf 73' lang='lat' dir='ltr'><strong>ewgnlnel</strong></span> <span class='ocrx_word' id='word_1_147' title='bbox 347 1869 398 1907; x_wconf 84' lang='lat' dir='ltr'><strong>ente</strong></span> <span class='ocrx_word' id='word_1_148' title='bbox 412 1865 574 1906; x_wconf 82' lang='lat' dir='ltr'><strong>exsecutionem</strong></span> <span class='ocrx_word' id='word_1_149' title='bbox 589 1864 749 1904; x_wconf 87' lang='lat' dir='ltr'><strong>commissionis</strong></span> <span class='ocrx_word' id='word_1_150' title='bbox 763 1863 933 1913; x_wconf 83' lang='lat' dir='ltr'><strong>dispensationis</strong></span> <span class='ocrx_word' id='word_1_151' title='bbox 941 1864 967 1902; x_wconf 64' lang='grc' dir='ltr'><strong>ἐκ</strong></span> 
     </span>
     <span class='ocr_line' id='line_1_24' title="bbox 216 1927 967 1984; baseline -0.011 -9"><span class='ocrx_word' id='word_1_152' title='bbox 216 1935 289 1984; x_wconf 73' lang='lat' dir='ltr'><strong>sonno</strong></span> <span class='ocrx_word' id='word_1_153' title='bbox 302 1933 444 1974; x_wconf 74' lang='lat' dir='ltr'><strong>commissoris</strong></span> <span class='ocrx_word' id='word_1_154' title='bbox 458 1932 560 1970; x_wconf 83' lang='lat' dir='ltr'><strong>obtentae</strong></span> <span class='ocrx_word' id='word_1_155' title='bbox 574 1931 633 1970; x_wconf 87' lang='lat' dir='ltr'><strong>inter</strong></span> <span class='ocrx_word' id='word_1_156' title='bbox 646 1940 669 1970; x_wconf 84' lang='lat' dir='ltr'><strong>aa</strong></span> <span class='ocrx_word' id='word_1_157' title='bbox 683 1929 785 1979; x_wconf 85' lang='lat' dir='ltr'><strong>copulem</strong></span> <span class='ocrx_word' id='word_1_158' title='bbox 800 1927 913 1968; x_wconf 61' lang='lat' dir='ltr'><strong>caronam</strong></span> <span class='ocrx_word' id='word_1_159' title='bbox 926 1928 967 1967; x_wconf 78' lang='lat' dir='ltr'><strong>ba·</strong></span> 
     </span>
     <span class='ocr_line' id='line_1_25' title="bbox 217 1996 969 2049; baseline -0.009 -9"><span class='ocrx_word' id='word_1_160' title='bbox 217 2001 320 2049; x_wconf 82' lang='lat' dir='ltr'><strong>buerunt,</strong></span> <span class='ocrx_word' id='word_1_161' title='bbox 334 2000 357 2038; x_wconf 87' lang='lat' dir='ltr'><strong>et</strong></span> <span class='ocrx_word' id='word_1_162' title='bbox 369 2000 424 2038; x_wconf 89' lang='lat' dir='ltr'><strong>tunc</strong></span> <span class='ocrx_word' id='word_1_163' title='bbox 437 1998 495 2037; x_wconf 88' lang='lat' dir='ltr'><strong>bone</strong></span> <span class='ocrx_word' id='word_1_164' title='bbox 508 1997 551 2036; x_wconf 85' lang='lat' dir='ltr'><strong>lide</strong></span> <span class='ocrx_word' id='word_1_165' title='bbox 571 1996 736 2036; x_wconf 73' lang='lat' dir='ltr'><strong>Matrimonium</strong></span> <span class='ocrx_word' id='word_1_166' title='bbox 757 1997 923 2042; x_wconf 81' lang='lat' dir='ltr'><strong>contraxerunt,</strong></span> <span class='ocrx_word' id='word_1_167' title='bbox 942 1999 969 2034; x_wconf 79' lang='lat' dir='ltr'><strong>et</strong></span> 
     </span>
     <span class='ocr_line' id='line_1_26' title="bbox 217 2059 967 2116; baseline -0.009 -10"><span class='ocrx_word' id='word_1_168' title='bbox 217 2066 265 2115; x_wconf 89' lang='lat' dir='ltr'><strong>lpse</strong></span> <span class='ocrx_word' id='word_1_169' title='bbox 278 2065 389 2116; x_wconf 83' lang='lat' dir='ltr'><strong>parochus</strong></span> <span class='ocrx_word' id='word_1_170' title='bbox 403 2063 542 2114; x_wconf 83' lang='lat' dir='ltr'><strong>postmodnm</strong></span> <span class='ocrx_word' id='word_1_171' title='bbox 556 2063 580 2104; x_wconf 92' lang='lat' dir='ltr'><strong>ln</strong></span> <span class='ocrx_word' id='word_1_172' title='bbox 591 2062 651 2102; x_wconf 85' lang='lat' dir='ltr'><strong>illius</strong></span> <span class='ocrx_word' id='word_1_173' title='bbox 665 2061 758 2112; x_wconf 82' lang='lat' dir='ltr'><strong>copulae</strong></span> <span class='ocrx_word' id='word_1_174' title='bbox 772 2061 920 2111; x_wconf 77' lang='lat' dir='ltr'><strong>cognitionem</strong></span> <span class='ocrx_word' id='word_1_175' title='bbox 929 2059 967 2100; x_wconf 89' lang='lat' dir='ltr'><strong>de·</strong></span> 
     </span>
     <span class='ocr_line' id='line_1_27' title="bbox 216 2128 968 2180; baseline -0.005 -10"><span class='ocrx_word' id='word_1_176' title='bbox 216 2130 299 2180; x_wconf 79' lang='lat' dir='ltr'><strong>vemet,</strong></span> <span class='ocrx_word' id='word_1_177' title='bbox 313 2131 366 2180; x_wconf 86' lang='lat' dir='ltr'><strong>quie</strong></span> <span class='ocrx_word' id='word_1_178' title='bbox 379 2130 488 2170; x_wconf 86' lang='lat' dir='ltr'><strong>alteruter</strong></span> <span class='ocrx_word' id='word_1_179' title='bbox 502 2129 620 2178; x_wconf 76' lang='lat' dir='ltr'><strong>coniugum</strong></span> <span class='ocrx_word' id='word_1_180' title='bbox 633 2128 758 2177; x_wconf 79' lang='lat' dir='ltr'><strong>ipsumhoc</strong></span> <span class='ocrx_word' id='word_1_181' title='bbox 772 2136 838 2176; x_wconf 85' lang='lat' dir='ltr'><strong>snper</strong></span> <span class='ocrx_word' id='word_1_182' title='bbox 850 2137 875 2166; x_wconf 89' lang='lat' dir='ltr'><strong>re</strong></span> <span class='ocrx_word' id='word_1_183' title='bbox 889 2136 968 2166; x_wconf 82' lang='lat' dir='ltr'><strong>conen-</strong></span> 
     </span>
     <span class='ocr_line' id='line_1_28' title="bbox 217 2190 969 2243; baseline -0.005 -9"><span class='ocrx_word' id='word_1_184' title='bbox 217 2195 274 2234; x_wconf 86' lang='lat' dir='ltr'><strong>ln1ti</strong></span> <span class='ocrx_word' id='word_1_185' title='bbox 304 2195 329 2236; x_wconf 81' lang='lat' dir='ltr'><strong>R.</strong></span> <span class='ocrx_word' id='word_1_186' title='bbox 348 2195 404 2243; x_wconf 80' lang='lat' dir='ltr'><strong>Qnta</strong></span> <span class='ocrx_word' id='word_1_187' title='bbox 418 2194 497 2243; x_wconf 86' lang='lat' dir='ltr'><strong>copula</strong></span> <span class='ocrx_word' id='word_1_188' title='bbox 515 2193 555 2233; x_wconf 85' lang='lat' dir='ltr'><strong>illa</strong></span> <span class='ocrx_word' id='word_1_189' title='bbox 574 2193 631 2234; x_wconf 83' lang='lat' dir='ltr'><strong>solet</strong></span> <span class='ocrx_word' id='word_1_190' title='bbox 651 2203 700 2234; x_wconf 83' lang='lat' dir='ltr'><strong>esse</strong></span> <span class='ocrx_word' id='word_1_191' title='bbox 715 2192 810 2242; x_wconf 87' lang='lat' dir='ltr'><strong>occulte,</strong></span> <span class='ocrx_word' id='word_1_192' title='bbox 831 2193 898 2240; x_wconf 86' lang='lat' dir='ltr'><strong>atque</strong></span> <span class='ocrx_word' id='word_1_193' title='bbox 911 2190 969 2230; x_wconf 86' lang='lat' dir='ltr'><strong>adeo</strong></span> 
     </span>
     <span class='ocr_line' id='line_1_29' title="bbox 217 2257 969 2310; baseline -0.005 -11"><span class='ocrx_word' id='word_1_194' title='bbox 217 2262 327 2300; x_wconf 87' lang='lat' dir='ltr'><strong>oecultum</strong></span> <span class='ocrx_word' id='word_1_195' title='bbox 341 2261 375 2300; x_wconf 91' lang='lat' dir='ltr'><strong>est</strong></span> <span class='ocrx_word' id='word_1_196' title='bbox 384 2261 571 2310; x_wconf 84' lang='lat' dir='ltr'><strong>impedimentum,</strong></span> <span class='ocrx_word' id='word_1_197' title='bbox 585 2260 609 2299; x_wconf 87' lang='lat' dir='ltr'><strong>in</strong></span> <span class='ocrx_word' id='word_1_198' title='bbox 622 2269 666 2308; x_wconf 89' lang='lat' dir='ltr'><strong>qno</strong></span> <span class='ocrx_word' id='word_1_199' title='bbox 679 2261 731 2308; x_wconf 82' lang='lat' dir='ltr'><strong>pon</strong></span> <span class='ocrx_word' id='word_1_200' title='bbox 740 2259 879 2298; x_wconf 87' lang='lat' dir='ltr'><strong>contractum</strong></span> <span class='ocrx_word' id='word_1_201' title='bbox 888 2257 969 2296; x_wconf 76' lang='lat' dir='ltr'><strong>dietri-</strong></span> 
     </span>
     <span class='ocr_line' id='line_1_30' title="bbox 217 2321 969 2376; baseline -0.005 -11"><span class='ocrx_word' id='word_1_202' title='bbox 217 2327 315 2366; x_wconf 87' lang='lat' dir='ltr'><strong>monium</strong></span> <span class='ocrx_word' id='word_1_203' title='bbox 328 2326 456 2376; x_wconf 83' lang='lat' dir='ltr'><strong>dispensare</strong></span> <span class='ocrx_word' id='word_1_204' title='bbox 470 2327 528 2367; x_wconf 87' lang='lat' dir='ltr'><strong>solet</strong></span> <span class='ocrx_word' id='word_1_205' title='bbox 540 2327 670 2376; x_wconf 85' lang='lat' dir='ltr'><strong>liplsoopns,</strong></span> <span class='ocrx_word' id='word_1_206' title='bbox 692 2324 802 2374; x_wconf 84' lang='lat' dir='ltr'><strong>parochus</strong></span> <span class='ocrx_word' id='word_1_207' title='bbox 823 2324 852 2363; x_wconf 87' lang='lat' dir='ltr'><strong>ad</strong></span> <span class='ocrx_word' id='word_1_208' title='bbox 866 2321 969 2362; x_wconf 85' lang='lat' dir='ltr'><strong>eumdem</strong></span> 
     </span>
     <span class='ocr_line' id='line_1_31' title="bbox 218 2390 967 2442; baseline -0.005 -11"><span class='ocrx_word' id='word_1_209' title='bbox 218 2391 283 2431; x_wconf 86' lang='lat' dir='ltr'><strong>debet</strong></span> <span class='ocrx_word' id='word_1_210' title='bbox 296 2402 409 2431; x_wconf 86' lang='lat' dir='ltr'><strong>recurrere</strong></span> <span class='ocrx_word' id='word_1_211' title='bbox 424 2394 446 2431; x_wconf 90' lang='lat' dir='ltr'><strong>et</strong></span> <span class='ocrx_word' id='word_1_212' title='bbox 459 2392 488 2431; x_wconf 84' lang='lat' dir='ltr'><strong>eb</strong></span> <span class='ocrx_word' id='word_1_213' title='bbox 502 2402 528 2430; x_wconf 89' lang='lat' dir='ltr'><strong>eo</strong></span> <span class='ocrx_word' id='word_1_214' title='bbox 542 2393 618 2442; x_wconf 89' lang='lat' dir='ltr'><strong>petere</strong></span> <span class='ocrx_word' id='word_1_215' title='bbox 631 2390 830 2440; x_wconf 70' lang='lat' dir='ltr'><strong>dispensationem</strong></span> <span class='ocrx_word' id='word_1_216' title='bbox 851 2399 895 2438; x_wconf 86' lang='lat' dir='ltr'><strong>qua</strong></span> <span class='ocrx_word' id='word_1_217' title='bbox 915 2398 967 2428; x_wconf 89' lang='lat' dir='ltr'><strong>oon-</strong></span> 
     </span>
     <span class='ocr_line' id='line_1_32' title="bbox 217 2454 967 2506; baseline -0.005 -8"><span class='ocrx_word' id='word_1_218' title='bbox 217 2469 279 2498; x_wconf 84' lang='lat' dir='ltr'><strong>cessa</strong></span> <span class='ocrx_word' id='word_1_219' title='bbox 293 2459 431 2498; x_wconf 80' lang='lat' dir='ltr'><strong>mnovandue</strong></span> <span class='ocrx_word' id='word_1_220' title='bbox 445 2460 478 2498; x_wconf 86' lang='lat' dir='ltr'><strong>est</strong></span> <span class='ocrx_word' id='word_1_221' title='bbox 488 2455 606 2498; x_wconf 69' lang='lat' dir='ltr'><strong>condensus</strong></span> <span class='ocrx_word' id='word_1_222' title='bbox 619 2459 734 2506; x_wconf 85' lang='lat' dir='ltr'><strong>uirtusque</strong></span> <span class='ocrx_word' id='word_1_223' title='bbox 748 2457 855 2506; x_wconf 73' lang='lat' dir='ltr'><strong>coniugis,</strong></span> <span class='ocrx_word' id='word_1_224' title='bbox 868 2454 922 2504; x_wconf 88' lang='lat' dir='ltr'><strong>quin</strong></span> <span class='ocrx_word' id='word_1_225' title='bbox 932 2457 967 2494; x_wconf 78' lang='lat' dir='ltr'><strong>tn·</strong></span> 
     </span>
     <span class='ocr_line' id='line_1_33' title="bbox 216 2519 967 2573; baseline -0.007 -9"><span class='ocrx_word' id='word_1_226' title='bbox 216 2534 266 2564; x_wconf 88' lang='lat' dir='ltr'><strong>men</strong></span> <span class='ocrx_word' id='word_1_227' title='bbox 281 2524 406 2573; x_wconf 86' lang='lat' dir='ltr'><strong>requiratur</strong></span> <span class='ocrx_word' id='word_1_228' title='bbox 419 2524 545 2572; x_wconf 82' lang='lat' dir='ltr'><strong>praesentis</strong></span> <span class='ocrx_word' id='word_1_229' title='bbox 558 2523 650 2572; x_wconf 86' lang='lat' dir='ltr'><strong>parochi</strong></span> <span class='ocrx_word' id='word_1_230' title='bbox 668 2524 691 2562; x_wconf 89' lang='lat' dir='ltr'><strong>et</strong></span> <span class='ocrx_word' id='word_1_231' title='bbox 704 2522 798 2561; x_wconf 86' lang='lat' dir='ltr'><strong>duorum</strong></span> <span class='ocrx_word' id='word_1_232' title='bbox 810 2521 907 2570; x_wconf 85' lang='lat' dir='ltr'><strong>testium,</strong></span> <span class='ocrx_word' id='word_1_233' title='bbox 921 2519 967 2559; x_wconf 84' lang='lat' dir='ltr'><strong>nisi</strong></span> 
     </span>
     <span class='ocr_line' id='line_1_34' title="bbox 217 2585 967 2638; baseline -0.005 -10"><span class='ocrx_word' id='word_1_234' title='bbox 217 2589 396 2638; x_wconf 85' lang='lat' dir='ltr'><strong>impedimentum</strong></span> <span class='ocrx_word' id='word_1_235' title='bbox 409 2589 439 2628; x_wconf 87' lang='lat' dir='ltr'><strong>eit</strong></span> <span class='ocrx_word' id='word_1_236' title='bbox 452 2588 572 2638; x_wconf 86' lang='lat' dir='ltr'><strong>publicum,</strong></span> <span class='ocrx_word' id='word_1_237' title='bbox 591 2587 625 2626; x_wconf 83' lang='lat' dir='ltr'><strong>vel</strong></span> <span class='ocrx_word' id='word_1_238' title='bbox 644 2587 725 2627; x_wconf 84' lang='lat' dir='ltr'><strong>omissa</strong></span> <span class='ocrx_word' id='word_1_239' title='bbox 742 2586 810 2627; x_wconf 83' lang='lat' dir='ltr'><strong>fuerit</strong></span> <span class='ocrx_word' id='word_1_240' title='bbox 827 2585 899 2636; x_wconf 79' lang='lat' dir='ltr'><strong>prima</strong></span> <span class='ocrx_word' id='word_1_241' title='bbox 917 2585 967 2624; x_wconf 82' lang='lat' dir='ltr'><strong>vice</strong></span> 
     </span>
     <span class='ocr_line' id='line_1_35' title="bbox 216 2653 647 2702; baseline -0.007 -6"><span class='ocrx_word' id='word_1_242' title='bbox 216 2656 341 2696; x_wconf 74' lang='lat' dir='ltr'><strong>formaliter</strong></span> <span class='ocrx_word' id='word_1_243' title='bbox 354 2665 368 2694; x_wconf 86' lang='lat' dir='ltr'><strong>a</strong></span> <span class='ocrx_word' id='word_1_244' title='bbox 382 2655 447 2698; x_wconf 78' lang='lat' dir='ltr'><strong>conc.</strong></span> <span class='ocrx_word' id='word_1_245' title='bbox 460 2655 518 2695; x_wconf 76' lang='lat' dir='ltr'><strong>Trid.</strong></span> <span class='ocrx_word' id='word_1_246' title='bbox 532 2653 647 2702; x_wconf 86' lang='lat' dir='ltr'><strong>requisita.</strong></span> 
     </span>
    </p>

    <p class='ocr_par' dir='ltr' id='par_1_7' title="bbox 178 2716 966 2771">
     <span class='ocr_line' id='line_1_36' title="bbox 178 2716 966 2771; baseline -0.005 -11"><span class='ocrx_word' id='word_1_247' title='bbox 178 2716 202 2771; x_wconf 79' lang='lat'><strong>¹)</strong></span> <span class='ocrx_word' id='word_1_248' title='bbox 216 2719 357 2770; x_wconf 84' lang='lat' dir='ltr'><strong>Dispensetlo</strong></span> <span class='ocrx_word' id='word_1_249' title='bbox 383 2719 430 2758; x_wconf 88' lang='lat' dir='ltr'><strong>sine</strong></span> <span class='ocrx_word' id='word_1_250' title='bbox 451 2719 533 2768; x_wconf 63' lang='lat' dir='ltr'><strong>medus</strong></span> <span class='ocrx_word' id='word_1_251' title='bbox 555 2718 720 2769; x_wconf 83' lang='lat' dir='ltr'><strong>propinquioris</strong></span> <span class='ocrx_word' id='word_1_252' title='bbox 742 2717 852 2758; x_wconf 86' lang='lat' dir='ltr'><strong>mentione</strong></span> <span class='ocrx_word' id='word_1_253' title='bbox 872 2717 966 2757; x_wconf 77' lang='lat' dir='ltr'><strong>obtenta</strong></span> 
     </span>
    </p>

    <p class='ocr_par' dir='ltr' id='par_1_8' title="bbox 219 2783 965 2900">
     <span class='ocr_line' id='line_1_37' title="bbox 229 2783 965 2836; baseline -0.003 -11"><span class='ocrx_word' id='word_1_254' title='bbox 229 2795 307 2834; x_wconf 86' lang='lat' dir='ltr'><strong>nempe</strong></span> <span class='ocrx_word' id='word_1_255' title='bbox 321 2785 340 2824; x_wconf 87' lang='lat' dir='ltr'><strong>el</strong></span> <span class='ocrx_word' id='word_1_256' title='bbox 354 2786 428 2834; x_wconf 85' lang='lat' dir='ltr'><strong>sponsi</strong></span> <span class='ocrx_word' id='word_1_257' title='bbox 442 2787 486 2826; x_wconf 89' lang='lat' dir='ltr'><strong>sint</strong></span> <span class='ocrx_word' id='word_1_258' title='bbox 500 2786 611 2825; x_wconf 83' lang='lat' dir='ltr'><strong>coniuncti</strong></span> <span class='ocrx_word' id='word_1_259' title='bbox 630 2787 653 2826; x_wconf 90' lang='lat' dir='ltr'><strong>ln</strong></span> <span class='ocrx_word' id='word_1_260' title='bbox 667 2787 783 2835; x_wconf 80' lang='lat' dir='ltr'><strong>qnertoet</strong></span> <span class='ocrx_word' id='word_1_261' title='bbox 795 2785 862 2826; x_wconf 82' lang='lat' dir='ltr'><strong>tertio</strong></span> <span class='ocrx_word' id='word_1_262' title='bbox 874 2783 965 2836; x_wconf 63' lang='lat' dir='ltr'><strong>mu),</strong></span> 
     </span>
     <span class='ocr_line' id='line_1_38' title="bbox 219 2849 964 2900; baseline 0.003 -12"><span class='ocrx_word' id='word_1_263' title='bbox 219 2849 246 2889; x_wconf 87' lang='lat' dir='ltr'><strong>de</strong></span> <span class='ocrx_word' id='word_1_264' title='bbox 260 2850 409 2900; x_wconf 80' lang='lat' dir='ltr'><strong>subreptionis</strong></span> <span class='ocrx_word' id='word_1_265' title='bbox 422 2849 457 2889; x_wconf 86' lang='lat' dir='ltr'><strong>vei</strong></span> <span class='ocrx_word' id='word_1_266' title='bbox 470 2849 605 2900; x_wconf 82' lang='lat' dir='ltr'><strong>obreptionis</strong></span> <span class='ocrx_word' id='word_1_267' title='bbox 618 2851 672 2890; x_wconf 83' lang='lat' dir='ltr'><strong>villo</strong></span> <span class='ocrx_word' id='word_1_268' title='bbox 684 2851 759 2892; x_wconf 86' lang='lat' dir='ltr'><strong>notari</strong></span> <span class='ocrx_word' id='word_1_269' title='bbox 771 2861 816 2892; x_wconf 89' lang='lat' dir='ltr'><strong>non</strong></span> <span class='ocrx_word' id='word_1_270' title='bbox 829 2851 911 2900; x_wconf 78' lang='lat' dir='ltr'><strong>potest,</strong></span> <span class='ocrx_word' id='word_1_271' title='bbox 924 2849 964 2890; x_wconf 70' lang='lat' dir='ltr'><strong>ob</strong></span> 
     </span>
    </p>
   </div>
   <div class='ocr_carea' id='block_1_4' title="bbox 0 0 1078 3234">
    <p class='ocr_par' dir='ltr' id='par_1_9' title="bbox 0 0 1078 3234">
     <span class='ocr_line' id='line_1_39' title="bbox 0 0 1078 3234; baseline 0 1"><span class='ocrx_word' id='word_1_272' title='bbox 0 0 1078 3234; x_wconf 95' lang='lat' dir='ltr'><strong> </strong></span> 
     </span>
    </p>
   </div>
  </div>
 </body>
</html>
