<?xml version="1.0" encoding="UTF-8"?>
<!DOCTYPE html PUBLIC "-//W3C//DTD XHTML 1.0 Transitional//EN"
    "http://www.w3.org/TR/xhtml1/DTD/xhtml1-transitional.dtd">
<html xmlns="http://www.w3.org/1999/xhtml" xml:lang="en" lang="en">
 <head>
  <title>
</title>
<meta http-equiv="Content-Type" content="text/html;charset=utf-8" />
  <meta name='ocr-system' content='tesseract 3.04.00' />
  <meta name='ocr-capabilities' content='ocr_page ocr_carea ocr_par ocr_line ocrx_word'/>
</head>
<body>
  <div class='ocr_page' id='page_1' title='image "./manualesacerdot00schngoog_0474.png"; bbox 0 0 2130 3242; ppageno 0'>
   <div class='ocr_carea' id='block_1_1' title="bbox 153 155 778 200">
    <p class='ocr_par' dir='ltr' id='par_1_1' title="bbox 153 155 778 200">
     <span class='ocr_line' id='line_1_1' title="bbox 153 155 778 200; baseline -0.006 0"><span class='ocrx_word' id='word_1_1' title='bbox 153 155 195 200; x_wconf 75' lang='lat'><strong>444</strong></span> <span class='ocrx_word' id='word_1_2' title='bbox 328 157 361 197; x_wconf 84' lang='lat' dir='ltr'><strong>De</strong></span> <span class='ocrx_word' id='word_1_3' title='bbox 375 156 566 198; x_wconf 73' lang='lat' dir='ltr'><strong>sacramentorum</strong></span> <span class='ocrx_word' id='word_1_4' title='bbox 580 155 778 196; x_wconf 70' lang='lat' dir='ltr'><strong>administratione.</strong></span> 
     </span>
    </p>
   </div>
   <div class='ocr_carea' id='block_1_2' title="bbox 153 259 960 1612">
    <p class='ocr_par' dir='ltr' id='par_1_2' title="bbox 153 259 958 543">
     <span class='ocr_line' id='line_1_2' title="bbox 154 259 957 328; baseline -0.005 -10"><span class='ocrx_word' id='word_1_5' title='bbox 154 261 235 318; x_wconf 88' lang='lat' dir='ltr'><strong>mittit</strong></span> <span class='ocrx_word' id='word_1_6' title='bbox 252 260 352 314; x_wconf 89' lang='lat' dir='ltr'><strong>crimen</strong></span> <span class='ocrx_word' id='word_1_7' title='bbox 367 259 504 328; x_wconf 84' lang='lat' dir='ltr'><strong>Episcopo</strong></span> <span class='ocrx_word' id='word_1_8' title='bbox 531 275 591 313; x_wconf 88' lang='lat' dir='ltr'><strong>cnm</strong></span> <span class='ocrx_word' id='word_1_9' title='bbox 609 273 714 312; x_wconf 86' lang='lat' dir='ltr'><strong>annexa</strong></span> <span class='ocrx_word' id='word_1_10' title='bbox 731 273 845 314; x_wconf 87' lang='lat' dir='ltr'><strong>censura</strong></span> <span class='ocrx_word' id='word_1_11' title='bbox 868 273 957 314; x_wconf 85' lang='lat' dir='ltr'><strong>reser-</strong></span> 
     </span>
     <span class='ocr_line' id='line_1_3' title="bbox 154 329 958 400; baseline -0.001 -15"><span class='ocrx_word' id='word_1_12' title='bbox 154 339 254 400; x_wconf 86' lang='lat' dir='ltr'><strong>vatum,</strong></span> <span class='ocrx_word' id='word_1_13' title='bbox 274 333 297 387; x_wconf 90' lang='lat' dir='ltr'><strong>si</strong></span> <span class='ocrx_word' id='word_1_14' title='bbox 314 332 420 399; x_wconf 82' lang='lat' dir='ltr'><strong>ignoret</strong></span> <span class='ocrx_word' id='word_1_15' title='bbox 436 331 531 399; x_wconf 86' lang='lat' dir='ltr'><strong>legem,</strong></span> <span class='ocrx_word' id='word_1_16' title='bbox 555 345 609 398; x_wconf 85' lang='lat' dir='ltr'><strong>qua</strong></span> <span class='ocrx_word' id='word_1_17' title='bbox 626 343 740 385; x_wconf 79' lang='lat' dir='ltr'>censura</span> <span class='ocrx_word' id='word_1_18' title='bbox 756 329 850 399; x_wconf 86' lang='lat' dir='ltr'><strong>fertur,</strong></span> <span class='ocrx_word' id='word_1_19' title='bbox 870 330 905 384; x_wconf 90' lang='lat' dir='ltr'><strong>ab</strong></span> <span class='ocrx_word' id='word_1_20' title='bbox 924 345 958 385; x_wconf 87' lang='lat' dir='ltr'><strong>ca</strong></span> 
     </span>
     <span class='ocr_line' id='line_1_4' title="bbox 153 401 957 472; baseline -0.002 -14"><span class='ocrx_word' id='word_1_21' title='bbox 153 403 264 472; x_wconf 73' lang='lat' dir='ltr'><strong>quidem</strong></span> <span class='ocrx_word' id='word_1_22' title='bbox 278 403 410 470; x_wconf 79' lang='lat' dir='ltr'>eximitur,</span> <span class='ocrx_word' id='word_1_23' title='bbox 428 401 513 470; x_wconf 85' lang='lat' dir='ltr'><strong>ipsius</strong></span> <span class='ocrx_word' id='word_1_24' title='bbox 525 408 616 456; x_wconf 85' lang='lat' dir='ltr'><strong>tamen</strong></span> <span class='ocrx_word' id='word_1_25' title='bbox 629 408 769 470; x_wconf 87' lang='lat' dir='ltr'><strong>peccatum</strong></span> <span class='ocrx_word' id='word_1_26' title='bbox 777 402 957 456; x_wconf 88' lang='lat' dir='ltr'><strong>reservationi</strong></span> 
     </span>
     <span class='ocr_line' id='line_1_5' title="bbox 155 472 809 543; baseline -0.006 -13"><span class='ocrx_word' id='word_1_27' title='bbox 155 482 246 530; x_wconf 86' lang='lat' dir='ltr'><strong>munet</strong></span> <span class='ocrx_word' id='word_1_28' title='bbox 263 475 415 529; x_wconf 84' lang='lat' dir='ltr'><strong>obnoxium.</strong></span> <span class='ocrx_word' id='word_1_29' title='bbox 445 472 485 539; x_wconf 78' lang='lat' dir='ltr'><strong>(S.</strong></span> <span class='ocrx_word' id='word_1_30' title='bbox 504 473 565 543; x_wconf 67' lang='lat' dir='ltr'><strong>Isiu</strong></span> <span class='ocrx_word' id='word_1_31' title='bbox 584 473 629 526; x_wconf 83' lang='lat' dir='ltr'><strong>bb.</strong></span> <span class='ocrx_word' id='word_1_32' title='bbox 648 475 673 526; x_wconf 88' lang='grc'><strong>6.</strong></span> <span class='ocrx_word' id='word_1_33' title='bbox 691 489 719 526; x_wconf 80' lang='lat' dir='ltr'><strong>u.</strong></span> <span class='ocrx_word' id='word_1_34' title='bbox 738 475 809 540; x_wconf 78' lang='lat'><em>581.)</em></span> 
     </span>
    </p>

    <p class='ocr_par' dir='ltr' id='par_1_3' title="bbox 155 542 958 972">
     <span class='ocr_line' id='line_1_6' title="bbox 192 542 957 614; baseline -0.004 -13"><span class='ocrx_word' id='word_1_35' title='bbox 192 545 305 614; x_wconf 79' lang='lat' dir='ltr'><strong>Quando</strong></span> <span class='ocrx_word' id='word_1_36' title='bbox 323 559 388 600; x_wconf 86' lang='lat' dir='ltr'><strong>vero</strong></span> <span class='ocrx_word' id='word_1_37' title='bbox 413 559 556 600; x_wconf 74' lang='lat' dir='ltr'><strong>reservans</strong></span> <span class='ocrx_word' id='word_1_38' title='bbox 581 551 629 598; x_wconf 87' lang='lat' dir='ltr'><strong>ant</strong></span> <span class='ocrx_word' id='word_1_39' title='bbox 654 543 792 611; x_wconf 84' lang='lat' dir='ltr'><strong>legislator</strong></span> <span class='ocrx_word' id='word_1_40' title='bbox 816 542 957 614; x_wconf 81' lang='lat' dir='ltr'><strong>significet,</strong></span> 
     </span>
     <span class='ocr_line' id='line_1_7' title="bbox 155 614 958 686; baseline 0 -14"><span class='ocrx_word' id='word_1_41' title='bbox 155 631 272 686; x_wconf 87' lang='lat' dir='ltr'><strong>poenam</strong></span> <span class='ocrx_word' id='word_1_42' title='bbox 285 623 332 670; x_wconf 87' lang='lat' dir='ltr'><strong>aut</strong></span> <span class='ocrx_word' id='word_1_43' title='bbox 344 616 554 670; x_wconf 77' lang='lat' dir='ltr'><strong>reservationem</strong></span> <span class='ocrx_word' id='word_1_44' title='bbox 568 631 643 670; x_wconf 87' lang='lat' dir='ltr'><strong>suam</strong></span> <span class='ocrx_word' id='word_1_45' title='bbox 655 614 760 669; x_wconf 88' lang='lat' dir='ltr'><strong>afficere</strong></span> <span class='ocrx_word' id='word_1_46' title='bbox 775 616 856 669; x_wconf 88' lang='lat' dir='ltr'><strong>etiam</strong></span> <span class='ocrx_word' id='word_1_47' title='bbox 869 615 958 672; x_wconf 86' lang='lat' dir='ltr'><strong>solius</strong></span> 
     </span>
     <span class='ocr_line' id='line_1_8' title="bbox 155 687 956 758; baseline -0.004 -15"><span class='ocrx_word' id='word_1_48' title='bbox 155 689 295 758; x_wconf 71' lang='lat' dir='ltr'><strong>praecepti</strong></span> <span class='ocrx_word' id='word_1_49' title='bbox 308 687 391 741; x_wconf 77' lang='lat' dir='ltr'><strong>divim</strong></span> <span class='ocrx_word' id='word_1_50' title='bbox 404 693 451 741; x_wconf 88' lang='lat' dir='ltr'><strong>aut</strong></span> <span class='ocrx_word' id='word_1_51' title='bbox 458 687 588 741; x_wconf 78' lang='lat' dir='ltr'><strong>naturalis</strong></span> <span class='ocrx_word' id='word_1_52' title='bbox 604 687 853 754; x_wconf 80' lang='lat' dir='ltr'><strong>transgressionem,</strong></span> <span class='ocrx_word' id='word_1_53' title='bbox 865 701 956 742; x_wconf 87' lang='lat' dir='ltr'><strong>reser-</strong></span> 
     </span>
     <span class='ocr_line' id='line_1_9' title="bbox 156 758 958 826; baseline -0.001 -13"><span class='ocrx_word' id='word_1_54' title='bbox 156 761 230 815; x_wconf 89' lang='lat' dir='ltr'><strong>vatio</strong></span> <span class='ocrx_word' id='word_1_55' title='bbox 248 761 336 814; x_wconf 90' lang='lat' dir='ltr'><strong>locum</strong></span> <span class='ocrx_word' id='word_1_56' title='bbox 352 759 436 813; x_wconf 88' lang='lat' dir='ltr'><strong>babet</strong></span> <span class='ocrx_word' id='word_1_57' title='bbox 453 773 486 812; x_wconf 91' lang='lat' dir='ltr'><strong>eo</strong></span> <span class='ocrx_word' id='word_1_58' title='bbox 504 759 573 826; x_wconf 88' lang='lat' dir='ltr'><strong>ipso,</strong></span> <span class='ocrx_word' id='word_1_59' title='bbox 592 773 645 825; x_wconf 91' lang='lat' dir='ltr'><strong>quo</strong></span> <span class='ocrx_word' id='word_1_60' title='bbox 664 758 817 814; x_wconf 89' lang='lat' dir='ltr'><strong>contraius</strong></span> <span class='ocrx_word' id='word_1_61' title='bbox 836 758 958 812; x_wconf 87' lang='lat' dir='ltr'><strong>divinum</strong></span> 
     </span>
     <span class='ocr_line' id='line_1_10' title="bbox 156 829 958 897; baseline -0.004 -11"><span class='ocrx_word' id='word_1_62' title='bbox 156 838 205 886; x_wconf 82' lang='lat' dir='ltr'><strong>aut</strong></span> <span class='ocrx_word' id='word_1_63' title='bbox 221 830 343 885; x_wconf 87' lang='lat' dir='ltr'><strong>naturale</strong></span> <span class='ocrx_word' id='word_1_64' title='bbox 361 829 524 896; x_wconf 82' lang='lat' dir='ltr'><strong>delinquitur</strong></span> <span class='ocrx_word' id='word_1_65' title='bbox 550 843 600 897; x_wconf 88' lang='lat' dir='ltr'><strong>per</strong></span> <span class='ocrx_word' id='word_1_66' title='bbox 624 835 712 884; x_wconf 85' lang='lat' dir='ltr'><strong>ectum</strong></span> <span class='ocrx_word' id='word_1_67' title='bbox 736 829 893 884; x_wconf 78' lang='lat' dir='ltr'><strong>nominatim</strong></span> <span class='ocrx_word' id='word_1_68' title='bbox 911 844 958 883; x_wconf 84' lang='lat' dir='ltr'><strong>ex·</strong></span> 
     </span>
     <span class='ocr_line' id='line_1_11' title="bbox 156 899 735 972; baseline -0.01 -14"><span class='ocrx_word' id='word_1_69' title='bbox 156 917 287 972; x_wconf 86' lang='lat' dir='ltr'><strong>pressum,</strong></span> <span class='ocrx_word' id='word_1_70' title='bbox 305 899 454 968; x_wconf 83' lang='lat' dir='ltr'><strong>perlectum</strong></span> <span class='ocrx_word' id='word_1_71' title='bbox 472 907 500 954; x_wconf 90' lang='lat' dir='ltr'><strong>et</strong></span> <span class='ocrx_word' id='word_1_72' title='bbox 517 908 735 955; x_wconf 74' lang='lat' dir='ltr'><strong>consummatum.</strong></span> 
     </span>
    </p>

    <p class='ocr_par' dir='ltr' id='par_1_4' title="bbox 157 969 960 1612">
     <span class='ocr_line' id='line_1_12' title="bbox 193 969 959 1040; baseline -0.003 -13"><span class='ocrx_word' id='word_1_73' title='bbox 193 973 275 1027; x_wconf 84' lang='lat' dir='ltr'><strong>Nulla</strong></span> <span class='ocrx_word' id='word_1_74' title='bbox 287 979 329 1026; x_wconf 88' lang='lat' dir='ltr'><strong>est</strong></span> <span class='ocrx_word' id='word_1_75' title='bbox 340 972 490 1026; x_wconf 78' lang='lat' dir='ltr'><strong>reservatio</strong></span> <span class='ocrx_word' id='word_1_76' title='bbox 501 973 530 1025; x_wconf 89' lang='lat' dir='ltr'><strong>in</strong></span> <span class='ocrx_word' id='word_1_77' title='bbox 542 972 655 1026; x_wconf 77' lang='lat' dir='ltr'><strong>articulo</strong></span> <span class='ocrx_word' id='word_1_78' title='bbox 665 971 684 1040; x_wconf 82' lang='lat'><strong>²)</strong></span> <span class='ocrx_word' id='word_1_79' title='bbox 703 971 811 1039; x_wconf 84' lang='lat' dir='ltr'><strong>mortis3</strong></span> <span class='ocrx_word' id='word_1_80' title='bbox 829 969 869 1025; x_wconf 86' lang='lat' dir='ltr'><strong>ait</strong></span> <span class='ocrx_word' id='word_1_81' title='bbox 886 971 959 1025; x_wconf 91' lang='lat' dir='ltr'><strong>enim</strong></span> 
     </span>
     <span class='ocr_line' id='line_1_13' title="bbox 159 1041 959 1112; baseline -0.004 -13"><span class='ocrx_word' id='word_1_82' title='bbox 159 1043 238 1100; x_wconf 75' lang='lat' dir='ltr'><strong>eone.</strong></span> <span class='ocrx_word' id='word_1_83' title='bbox 260 1042 335 1097; x_wconf 65' lang='lat' dir='ltr'><strong>Tac.</strong></span> <span class='ocrx_word' id='word_1_84' title='bbox 354 1041 424 1097; x_wconf 76' lang='lat' dir='ltr'><strong>Scae.</strong></span> <span class='ocrx_word' id='word_1_85' title='bbox 439 1047 482 1096; x_wconf 75' lang='lat'><strong>14.</strong></span> <span class='ocrx_word' id='word_1_86' title='bbox 499 1043 533 1096; x_wconf 77' lang='lat' dir='ltr'><strong>de</strong></span> <span class='ocrx_word' id='word_1_87' title='bbox 543 1045 646 1112; x_wconf 79' lang='lat' dir='ltr'><strong>poenit.</strong></span> <span class='ocrx_word' id='word_1_88' title='bbox 665 1059 687 1096; x_wconf 91' lang='lat' dir='ltr'><strong>c.</strong></span> <span class='ocrx_word' id='word_1_89' title='bbox 703 1045 728 1096; x_wconf 79' lang='lat'><strong>7.</strong></span> <span class='ocrx_word' id='word_1_90' title='bbox 757 1041 959 1110; x_wconf 83' lang='lat' dir='ltr'><strong>„Veruntamen</strong></span> 
     </span>
     <span class='ocr_line' id='line_1_14' title="bbox 157 1113 959 1184; baseline 0 -16"><span class='ocrx_word' id='word_1_91' title='bbox 157 1115 202 1184; x_wconf 93' lang='lat' dir='ltr'><strong>pie</strong></span> <span class='ocrx_word' id='word_1_92' title='bbox 220 1113 371 1181; x_wconf 85' lang='lat' dir='ltr'><strong>admodum,</strong></span> <span class='ocrx_word' id='word_1_93' title='bbox 390 1127 430 1168; x_wconf 82' lang='lat' dir='ltr'><strong>ne</strong></span> <span class='ocrx_word' id='word_1_94' title='bbox 442 1115 494 1167; x_wconf 87' lang='lat' dir='ltr'><strong>hac</strong></span> <span class='ocrx_word' id='word_1_95' title='bbox 510 1115 571 1182; x_wconf 85' lang='lat' dir='ltr'><strong>ipse</strong></span> <span class='ocrx_word' id='word_1_96' title='bbox 584 1113 724 1168; x_wconf 81' lang='lat' dir='ltr'><strong>occasione</strong></span> <span class='ocrx_word' id='word_1_97' title='bbox 743 1113 839 1180; x_wconf 89' lang='lat' dir='ltr'><strong>aliquis</strong></span> <span class='ocrx_word' id='word_1_98' title='bbox 853 1119 959 1182; x_wconf 84' lang='lat' dir='ltr'><strong>pereat,</strong></span> 
     </span>
     <span class='ocr_line' id='line_1_15' title="bbox 157 1183 960 1253; baseline -0.001 -13"><span class='ocrx_word' id='word_1_99' title='bbox 157 1187 186 1240; x_wconf 89' lang='lat' dir='ltr'><strong>in</strong></span> <span class='ocrx_word' id='word_1_100' title='bbox 204 1185 299 1240; x_wconf 83' lang='lat' dir='ltr'><strong>eodem</strong></span> <span class='ocrx_word' id='word_1_101' title='bbox 317 1185 430 1239; x_wconf 85' lang='lat' dir='ltr'><strong>ccclesia</strong></span> <span class='ocrx_word' id='word_1_102' title='bbox 453 1185 507 1239; x_wconf 87' lang='lat' dir='ltr'><strong>Dei</strong></span> <span class='ocrx_word' id='word_1_103' title='bbox 524 1185 685 1240; x_wconf 88' lang='lat' dir='ltr'><strong>custoditum</strong></span> <span class='ocrx_word' id='word_1_104' title='bbox 710 1199 817 1253; x_wconf 85' lang='lat' dir='ltr'><strong>semper</strong></span> <span class='ocrx_word' id='word_1_105' title='bbox 834 1183 899 1253; x_wconf 79' lang='lat' dir='ltr'><strong>fuit,</strong></span> <span class='ocrx_word' id='word_1_106' title='bbox 925 1191 960 1239; x_wconf 90' lang='lat' dir='ltr'><strong>nt</strong></span> 
     </span>
     <span class='ocr_line' id='line_1_16' title="bbox 157 1253 959 1325; baseline -0.002 -13"><span class='ocrx_word' id='word_1_107' title='bbox 157 1257 232 1312; x_wconf 91' lang='lat' dir='ltr'><strong>nulla</strong></span> <span class='ocrx_word' id='word_1_108' title='bbox 250 1257 285 1312; x_wconf 88' lang='lat' dir='ltr'><strong>sit</strong></span> <span class='ocrx_word' id='word_1_109' title='bbox 301 1257 450 1311; x_wconf 75' lang='lat' dir='ltr'><strong>reservatio</strong></span> <span class='ocrx_word' id='word_1_110' title='bbox 474 1257 502 1309; x_wconf 94' lang='lat' dir='ltr'><strong>in</strong></span> <span class='ocrx_word' id='word_1_111' title='bbox 528 1257 639 1312; x_wconf 89' lang='lat' dir='ltr'><strong>articulo</strong></span> <span class='ocrx_word' id='word_1_112' title='bbox 658 1257 766 1325; x_wconf 89' lang='lat' dir='ltr'><strong>mortis,</strong></span> <span class='ocrx_word' id='word_1_113' title='bbox 795 1262 877 1323; x_wconf 83' lang='lat' dir='ltr'><strong>atque</strong></span> <span class='ocrx_word' id='word_1_114' title='bbox 894 1253 959 1310; x_wconf 88' lang='lat' dir='ltr'><strong>idco</strong></span> 
     </span>
     <span class='ocr_line' id='line_1_17' title="bbox 158 1327 959 1396; baseline 0 -14"><span class='ocrx_word' id='word_1_115' title='bbox 158 1342 251 1384; x_wconf 85' lang='lat' dir='ltr'><strong>omnes</strong></span> <span class='ocrx_word' id='word_1_116' title='bbox 269 1327 422 1383; x_wconf 86' lang='lat' dir='ltr'><strong>sacerdotes</strong></span> <span class='ocrx_word' id='word_1_117' title='bbox 440 1327 574 1394; x_wconf 89' lang='lat' dir='ltr'><strong>quoslibet</strong></span> <span class='ocrx_word' id='word_1_118' title='bbox 595 1327 764 1396; x_wconf 86' lang='lat' dir='ltr'><strong>poenitentes</strong></span> <span class='ocrx_word' id='word_1_119' title='bbox 783 1341 800 1380; x_wconf 92' lang='lat' dir='ltr'><strong>a</strong></span> <span class='ocrx_word' id='word_1_120' title='bbox 818 1327 959 1393; x_wconf 85' lang='lat' dir='ltr'><strong>quibusvis</strong></span> 
     </span>
     <span class='ocr_line' id='line_1_18' title="bbox 157 1397 957 1468; baseline 0.003 -15"><span class='ocrx_word' id='word_1_121' title='bbox 157 1399 276 1468; x_wconf 87' lang='lat' dir='ltr'><strong>peccetis</strong></span> <span class='ocrx_word' id='word_1_122' title='bbox 285 1406 312 1454; x_wconf 88' lang='lat' dir='ltr'><strong>et</strong></span> <span class='ocrx_word' id='word_1_123' title='bbox 324 1399 443 1454; x_wconf 85' lang='lat' dir='ltr'><strong>censuris</strong></span> <span class='ocrx_word' id='word_1_124' title='bbox 452 1399 593 1454; x_wconf 81' lang='lat' dir='ltr'><strong>absolvere</strong></span> <span class='ocrx_word' id='word_1_125' title='bbox 606 1413 708 1467; x_wconf 88' lang='lat' dir='ltr'><strong>possun</strong></span> <span class='ocrx_word' id='word_1_126' title='bbox 729 1399 745 1426; x_wconf 89' lang='lat'><strong>“</strong></span> <span class='ocrx_word' id='word_1_127' title='bbox 764 1405 792 1452; x_wconf 88' lang='lat' dir='ltr'><strong>ct</strong></span> <span class='ocrx_word' id='word_1_128' title='bbox 803 1398 860 1452; x_wconf 78' lang='lat' dir='ltr'><strong>Ro.</strong></span> <span class='ocrx_word' id='word_1_129' title='bbox 874 1397 957 1455; x_wconf 78' lang='lat' dir='ltr'><strong>Rom·</strong></span> 
     </span>
     <span class='ocr_line' id='line_1_19' title="bbox 158 1469 960 1539; baseline -0.001 -14"><span class='ocrx_word' id='word_1_130' title='bbox 158 1470 193 1525; x_wconf 79' lang='lat' dir='ltr'><strong>de</strong></span> <span class='ocrx_word' id='word_1_131' title='bbox 216 1469 293 1525; x_wconf 71' lang='lat' dir='ltr'><strong>Suco.</strong></span> <span class='ocrx_word' id='word_1_132' title='bbox 320 1471 425 1525; x_wconf 73' lang='lat' dir='ltr'><strong>Potuit.</strong></span> <span class='ocrx_word' id='word_1_133' title='bbox 457 1470 498 1539; x_wconf 90' lang='lat' dir='ltr'><strong>„si</strong></span> <span class='ocrx_word' id='word_1_134' title='bbox 522 1471 669 1538; x_wconf 87' lang='lat' dir='ltr'><strong>periculum</strong></span> <span class='ocrx_word' id='word_1_135' title='bbox 699 1469 792 1524; x_wconf 79' lang='lat' dir='ltr'><strong>mortis</strong></span> <span class='ocrx_word' id='word_1_136' title='bbox 819 1469 960 1524; x_wconf 87' lang='lat' dir='ltr'><strong>immineat</strong></span> 
     </span>
     <span class='ocr_line' id='line_1_20' title="bbox 159 1540 960 1612; baseline 0 -15"><span class='ocrx_word' id='word_1_137' title='bbox 159 1542 377 1612; x_wconf 75' lang='lat' dir='ltr'><strong>approbaturque</strong></span> <span class='ocrx_word' id='word_1_138' title='bbox 395 1541 465 1596; x_wconf 84' lang='lat' dir='ltr'><strong>desit</strong></span> <span class='ocrx_word' id='word_1_139' title='bbox 482 1540 674 1610; x_wconf 81' lang='lat' dir='ltr'><strong>confessarius,</strong></span> <span class='ocrx_word' id='word_1_140' title='bbox 700 1541 812 1609; x_wconf 88' lang='lat' dir='ltr'><strong>quilibet</strong></span> <span class='ocrx_word' id='word_1_141' title='bbox 830 1540 960 1597; x_wconf 77' lang='lat' dir='ltr'><strong>racemos</strong></span> 
     </span>
    </p>
   </div>
   <div class='ocr_carea' id='block_1_3' title="bbox 172 1707 965 2867">
    <p class='ocr_par' dir='ltr' id='par_1_5' title="bbox 172 1707 965 2867">
     <span class='ocr_line' id='line_1_21' title="bbox 172 1707 965 1762; baseline -0.003 -12"><span class='ocrx_word' id='word_1_142' title='bbox 172 1708 195 1762; x_wconf 84' lang='lat'><strong>1)</strong></span> <span class='ocrx_word' id='word_1_143' title='bbox 209 1711 316 1750; x_wconf 65' lang='lat' dir='ltr'><strong>Annuus</strong></span> <span class='ocrx_word' id='word_1_144' title='bbox 330 1710 407 1750; x_wconf 86' lang='lat' dir='ltr'><strong>mortis</strong></span> <span class='ocrx_word' id='word_1_145' title='bbox 420 1711 527 1760; x_wconf 83' lang='lat' dir='ltr'><strong>importat</strong></span> <span class='ocrx_word' id='word_1_146' title='bbox 541 1709 608 1750; x_wconf 85' lang='lat' dir='ltr'><strong>talem</strong></span> <span class='ocrx_word' id='word_1_147' title='bbox 619 1709 713 1750; x_wconf 84' lang='lat' dir='ltr'><strong>hominis</strong></span> <span class='ocrx_word' id='word_1_148' title='bbox 724 1711 813 1756; x_wconf 84' lang='lat' dir='ltr'><strong>statum,</strong></span> <span class='ocrx_word' id='word_1_149' title='bbox 829 1707 867 1757; x_wconf 90' lang='lat' dir='ltr'><strong>qui</strong></span> <span class='ocrx_word' id='word_1_150' title='bbox 881 1717 909 1746; x_wconf 86' lang='lat' dir='ltr'><strong>ex</strong></span> <span class='ocrx_word' id='word_1_151' title='bbox 923 1717 965 1748; x_wconf 69' lang='lat' dir='ltr'><strong>ut·</strong></span> 
     </span>
     <span class='ocr_line' id='line_1_22' title="bbox 211 1773 965 1826; baseline -0.003 -10"><span class='ocrx_word' id='word_1_152' title='bbox 211 1780 263 1817; x_wconf 86' lang='lat' dir='ltr'><strong>tura</strong></span> <span class='ocrx_word' id='word_1_153' title='bbox 277 1787 317 1817; x_wconf 80' lang='lat' dir='ltr'><strong>ona</strong></span> <span class='ocrx_word' id='word_1_154' title='bbox 332 1779 354 1816; x_wconf 85' lang='lat' dir='ltr'><strong>at</strong></span> <span class='ocrx_word' id='word_1_155' title='bbox 367 1787 407 1826; x_wconf 85' lang='lat' dir='ltr'><strong>per</strong></span> <span class='ocrx_word' id='word_1_156' title='bbox 421 1787 445 1816; x_wconf 86' lang='lat' dir='ltr'><strong>se</strong></span> <span class='ocrx_word' id='word_1_157' title='bbox 458 1777 561 1826; x_wconf 82' lang='lat' dir='ltr'><strong>disponat</strong></span> <span class='ocrx_word' id='word_1_158' title='bbox 575 1777 603 1816; x_wconf 86' lang='lat' dir='ltr'><strong>ad</strong></span> <span class='ocrx_word' id='word_1_159' title='bbox 615 1779 715 1824; x_wconf 85' lang='lat' dir='ltr'><strong>mortem,</strong></span> <span class='ocrx_word' id='word_1_160' title='bbox 729 1777 784 1824; x_wconf 84' lang='lat' dir='ltr'><strong>puto</strong></span> <span class='ocrx_word' id='word_1_161' title='bbox 799 1785 848 1814; x_wconf 86' lang='lat' dir='ltr'><strong>cnm</strong></span> <span class='ocrx_word' id='word_1_162' title='bbox 858 1773 965 1814; x_wconf 82' lang='lat' dir='ltr'><strong>valetudo</strong></span> 
     </span>
     <span class='ocr_line' id='line_1_23' title="bbox 211 1842 965 1892; baseline -0.001 -10"><span class='ocrx_word' id='word_1_163' title='bbox 211 1855 226 1883; x_wconf 77' lang='lat' dir='ltr'><strong>a</strong></span> <span class='ocrx_word' id='word_1_164' title='bbox 238 1843 328 1882; x_wconf 84' lang='lat' dir='ltr'><strong>medicis</strong></span> <span class='ocrx_word' id='word_1_165' title='bbox 342 1843 461 1892; x_wconf 78' lang='lat' dir='ltr'><strong>desparata</strong></span> <span class='ocrx_word' id='word_1_166' title='bbox 476 1845 518 1892; x_wconf 85' lang='lat' dir='ltr'><strong>est,</strong></span> <span class='ocrx_word' id='word_1_167' title='bbox 532 1845 556 1882; x_wconf 86' lang='lat' dir='ltr'><strong>et</strong></span> <span class='ocrx_word' id='word_1_168' title='bbox 570 1853 645 1882; x_wconf 87' lang='lat' dir='ltr'><strong>eorum</strong></span> <span class='ocrx_word' id='word_1_169' title='bbox 658 1842 740 1882; x_wconf 84' lang='lat' dir='ltr'><strong>indicio</strong></span> <span class='ocrx_word' id='word_1_170' title='bbox 754 1842 821 1892; x_wconf 88' lang='lat' dir='ltr'><strong>punio</strong></span> <span class='ocrx_word' id='word_1_171' title='bbox 835 1844 914 1890; x_wconf 85' lang='lat' dir='ltr'><strong>postea</strong></span> <span class='ocrx_word' id='word_1_172' title='bbox 929 1851 965 1881; x_wconf 75' lang='lat' dir='ltr'><strong>na·</strong></span> 
     </span>
     <span class='ocr_line' id='line_1_24' title="bbox 211 1907 964 1958; baseline -0.003 -10"><span class='ocrx_word' id='word_1_173' title='bbox 211 1911 291 1948; x_wconf 77' lang='lat' dir='ltr'><strong>cutura</strong></span> <span class='ocrx_word' id='word_1_174' title='bbox 304 1919 370 1952; x_wconf 81' lang='lat' dir='ltr'><strong>mors.</strong></span> <span class='ocrx_word' id='word_1_175' title='bbox 397 1909 517 1948; x_wconf 71' lang='lat' dir='ltr'><strong>Portentum</strong></span> <span class='ocrx_word' id='word_1_176' title='bbox 531 1909 609 1948; x_wconf 75' lang='lat' dir='ltr'><strong>mortis</strong></span> <span class='ocrx_word' id='word_1_177' title='bbox 625 1911 660 1948; x_wconf 83' lang='lat' dir='ltr'><strong>ert</strong></span> <span class='ocrx_word' id='word_1_178' title='bbox 675 1911 746 1948; x_wconf 76' lang='lat' dir='ltr'><strong>status</strong></span> <span class='ocrx_word' id='word_1_179' title='bbox 759 1907 900 1957; x_wconf 71' lang='lat' dir='ltr'><strong>valetudinis,</strong></span> <span class='ocrx_word' id='word_1_180' title='bbox 916 1907 964 1958; x_wconf 88' lang='lat' dir='ltr'><strong>qni,</strong></span> 
     </span>
     <span class='ocr_line' id='line_1_25' title="bbox 211 1971 965 2023; baseline 0 -11"><span class='ocrx_word' id='word_1_181' title='bbox 211 1971 254 2012; x_wconf 78' lang='lat' dir='ltr'><strong>etri</strong></span> <span class='ocrx_word' id='word_1_182' title='bbox 268 1975 349 2013; x_wconf 82' lang='lat' dir='ltr'><strong>natura</strong></span> <span class='ocrx_word' id='word_1_183' title='bbox 363 1983 404 2013; x_wconf 82' lang='lat' dir='ltr'><strong>sne</strong></span> <span class='ocrx_word' id='word_1_184' title='bbox 417 1975 440 2012; x_wconf 85' lang='lat' dir='ltr'><strong>et</strong></span> <span class='ocrx_word' id='word_1_185' title='bbox 459 1983 499 2023; x_wconf 87' lang='lat' dir='ltr'><strong>per</strong></span> <span class='ocrx_word' id='word_1_186' title='bbox 513 1985 536 2014; x_wconf 81' lang='lat' dir='ltr'><strong>oe</strong></span> <span class='ocrx_word' id='word_1_187' title='bbox 555 1975 584 2014; x_wconf 76' lang='lat' dir='ltr'><strong>nri</strong></span> <span class='ocrx_word' id='word_1_188' title='bbox 597 1977 690 2014; x_wconf 84' lang='lat' dir='ltr'><strong>mortem</strong></span> <span class='ocrx_word' id='word_1_189' title='bbox 711 1984 756 2012; x_wconf 92' lang='lat' dir='ltr'><strong>non</strong></span> <span class='ocrx_word' id='word_1_190' title='bbox 775 1975 835 2012; x_wconf 87' lang='lat' dir='ltr'><strong>certe</strong></span> <span class='ocrx_word' id='word_1_191' title='bbox 849 1975 873 2012; x_wconf 84' lang='lat' dir='ltr'><strong>et</strong></span> <span class='ocrx_word' id='word_1_192' title='bbox 886 1973 965 2012; x_wconf 76' lang='lat' dir='ltr'><strong>immo·</strong></span> 
     </span>
     <span class='ocr_line' id='line_1_26' title="bbox 211 2035 964 2090; baseline 0.003 -14"><span class='ocrx_word' id='word_1_193' title='bbox 211 2037 270 2076; x_wconf 75' lang='lat' dir='ltr'><strong>utute</strong></span> <span class='ocrx_word' id='word_1_194' title='bbox 284 2037 399 2088; x_wconf 82' lang='lat' dir='ltr'><strong>disponat,</strong></span> <span class='ocrx_word' id='word_1_195' title='bbox 423 2039 554 2090; x_wconf 82' lang='lat' dir='ltr'><strong>prudentem</strong></span> <span class='ocrx_word' id='word_1_196' title='bbox 566 2042 644 2080; x_wconf 81' lang='lat' dir='ltr'><strong>tamen</strong></span> <span class='ocrx_word' id='word_1_197' title='bbox 655 2040 758 2078; x_wconf 83' lang='lat' dir='ltr'><strong>timorem</strong></span> <span class='ocrx_word' id='word_1_198' title='bbox 777 2040 800 2077; x_wconf 89' lang='lat' dir='ltr'><strong>et</strong></span> <span class='ocrx_word' id='word_1_199' title='bbox 813 2035 909 2078; x_wconf 83' lang='lat' dir='ltr'><strong>solidum</strong></span> <span class='ocrx_word' id='word_1_200' title='bbox 923 2038 964 2078; x_wconf 82' lang='lat' dir='ltr'><strong>du-</strong></span> 
     </span>
     <span class='ocr_line' id='line_1_27' title="bbox 211 2103 964 2155; baseline 0.003 -11"><span class='ocrx_word' id='word_1_201' title='bbox 211 2103 273 2144; x_wconf 86' lang='lat' dir='ltr'><strong>bium</strong></span> <span class='ocrx_word' id='word_1_202' title='bbox 286 2105 363 2144; x_wconf 82' lang='lat' dir='ltr'><strong>mortis</strong></span> <span class='ocrx_word' id='word_1_203' title='bbox 376 2105 476 2154; x_wconf 84' lang='lat' dir='ltr'><strong>proxime</strong></span> <span class='ocrx_word' id='word_1_204' title='bbox 490 2107 605 2146; x_wconf 75' lang='lat' dir='ltr'><strong>secuturae</strong></span> <span class='ocrx_word' id='word_1_205' title='bbox 624 2105 716 2155; x_wconf 85' lang='lat' dir='ltr'><strong>incutit,</strong></span> <span class='ocrx_word' id='word_1_206' title='bbox 739 2105 792 2144; x_wconf 84' lang='lat' dir='ltr'><strong>licet</strong></span> <span class='ocrx_word' id='word_1_207' title='bbox 805 2115 846 2154; x_wconf 83' lang='lat' dir='ltr'><strong>par</strong></span> <span class='ocrx_word' id='word_1_208' title='bbox 858 2104 964 2146; x_wconf 71' lang='lat' dir='ltr'><strong>occidam</strong></span> 
     </span>
     <span class='ocr_line' id='line_1_28' title="bbox 211 2171 963 2222; baseline 0.003 -12"><span class='ocrx_word' id='word_1_209' title='bbox 211 2172 299 2210; x_wconf 85' lang='lat' dir='ltr'><strong>tanturn</strong></span> <span class='ocrx_word' id='word_1_210' title='bbox 312 2171 341 2210; x_wconf 89' lang='lat' dir='ltr'><strong>ob</strong></span> <span class='ocrx_word' id='word_1_211' title='bbox 354 2171 546 2222; x_wconf 78' lang='lat' dir='ltr'><strong>circumstantias,</strong></span> <span class='ocrx_word' id='word_1_212' title='bbox 568 2182 625 2222; x_wconf 85' lang='lat' dir='ltr'><strong>qnae</strong></span> <span class='ocrx_word' id='word_1_213' title='bbox 645 2175 738 2212; x_wconf 81' lang='lat' dir='ltr'><strong>mortem</strong></span> <span class='ocrx_word' id='word_1_214' title='bbox 758 2172 859 2222; x_wconf 83' lang='lat' dir='ltr'><strong>proxime</strong></span> <span class='ocrx_word' id='word_1_215' title='bbox 878 2171 963 2212; x_wconf 74' lang='lat' dir='ltr'><strong>mrem</strong></span> 
     </span>
     <span class='ocr_line' id='line_1_29' title="bbox 210 2238 963 2289; baseline 0.003 -13"><span class='ocrx_word' id='word_1_216' title='bbox 210 2239 308 2288; x_wconf 71' lang='lat' dir='ltr'><strong>possent,</strong></span> <span class='ocrx_word' id='word_1_217' title='bbox 322 2248 343 2277; x_wconf 85' lang='lat' dir='ltr'><strong>v.</strong></span> <span class='ocrx_word' id='word_1_218' title='bbox 353 2249 375 2286; x_wconf 75' lang='lat' dir='ltr'><strong>g.</strong></span> <span class='ocrx_word' id='word_1_219' title='bbox 386 2249 435 2278; x_wconf 86' lang='lat' dir='ltr'><strong>cum</strong></span> <span class='ocrx_word' id='word_1_220' title='bbox 443 2239 543 2280; x_wconf 83' lang='lat' dir='ltr'><strong>imminet</strong></span> <span class='ocrx_word' id='word_1_221' title='bbox 553 2239 669 2289; x_wconf 84' lang='lat' dir='ltr'><strong>proelium,</strong></span> <span class='ocrx_word' id='word_1_222' title='bbox 684 2239 825 2288; x_wconf 72' lang='lat' dir='ltr'><strong>naufragium</strong></span> <span class='ocrx_word' id='word_1_223' title='bbox 838 2240 880 2278; x_wconf 86' lang='lat' dir='ltr'><strong>etc.</strong></span> <span class='ocrx_word' id='word_1_224' title='bbox 903 2238 963 2287; x_wconf 81' lang='lat' dir='ltr'><strong>„Per</strong></span> 
     </span>
     <span class='ocr_line' id='line_1_30' title="bbox 212 2302 963 2354; baseline 0.005 -14"><span class='ocrx_word' id='word_1_225' title='bbox 212 2302 290 2344; x_wconf 83' lang='lat' dir='ltr'><strong>mortis</strong></span> <span class='ocrx_word' id='word_1_226' title='bbox 303 2303 416 2342; x_wconf 63' lang='lat' dir='ltr'><strong>articulum</strong></span> <span class='ocrx_word' id='word_1_227' title='bbox 429 2303 562 2354; x_wconf 72' lang='lat' dir='ltr'><strong>iqielligitur</strong></span> <span class='ocrx_word' id='word_1_228' title='bbox 575 2306 669 2354; x_wconf 88' lang='lat' dir='ltr'><strong>tempus,</strong></span> <span class='ocrx_word' id='word_1_229' title='bbox 683 2314 727 2353; x_wconf 89' lang='lat' dir='ltr'><strong>quo</strong></span> <span class='ocrx_word' id='word_1_230' title='bbox 741 2304 775 2342; x_wconf 89' lang='lat' dir='ltr'><strong>vel</strong></span> <span class='ocrx_word' id='word_1_231' title='bbox 788 2313 848 2344; x_wconf 84' lang='lat' dir='ltr'><strong>mors</strong></span> <span class='ocrx_word' id='word_1_232' title='bbox 861 2303 963 2352; x_wconf 79' lang='lat' dir='ltr'><strong>proxime</strong></span> 
     </span>
     <span class='ocr_line' id='line_1_31' title="bbox 211 2365 963 2418; baseline 0.004 -12"><span class='ocrx_word' id='word_1_233' title='bbox 211 2365 282 2406; x_wconf 81' lang='lat' dir='ltr'><strong>instat</strong></span> <span class='ocrx_word' id='word_1_234' title='bbox 299 2369 322 2406; x_wconf 88' lang='lat' dir='ltr'><strong>et</strong></span> <span class='ocrx_word' id='word_1_235' title='bbox 341 2367 456 2408; x_wconf 87' lang='lat' dir='ltr'><strong>moraliter</strong></span> <span class='ocrx_word' id='word_1_236' title='bbox 475 2371 536 2408; x_wconf 79' lang='lat' dir='ltr'><strong>certe</strong></span> <span class='ocrx_word' id='word_1_237' title='bbox 557 2371 579 2408; x_wconf 90' lang='lat' dir='ltr'><strong>et</strong></span> <span class='ocrx_word' id='word_1_238' title='bbox 597 2367 732 2408; x_wconf 80' lang='lat' dir='ltr'><strong>inevitabilis</strong></span> <span class='ocrx_word' id='word_1_239' title='bbox 751 2371 796 2418; x_wconf 86' lang='lat' dir='ltr'><strong>est,</strong></span> <span class='ocrx_word' id='word_1_240' title='bbox 820 2368 855 2407; x_wconf 83' lang='lat' dir='ltr'><strong>vel</strong></span> <span class='ocrx_word' id='word_1_241' title='bbox 869 2378 914 2417; x_wconf 89' lang='lat' dir='ltr'><strong>quo</strong></span> <span class='ocrx_word' id='word_1_242' title='bbox 928 2370 963 2409; x_wconf 79' lang='lat' dir='ltr'><strong>est</strong></span> 
     </span>
     <span class='ocr_line' id='line_1_32' title="bbox 212 2431 963 2483; baseline 0.008 -14"><span class='ocrx_word' id='word_1_243' title='bbox 212 2431 289 2471; x_wconf 80' lang='lat' dir='ltr'><strong>mortis</strong></span> <span class='ocrx_word' id='word_1_244' title='bbox 300 2433 432 2482; x_wconf 80' lang='lat' dir='ltr'><strong>pericnlum,</strong></span> <span class='ocrx_word' id='word_1_245' title='bbox 454 2433 467 2477; x_wconf 84' lang='lat' dir='ltr'><strong>i.</strong></span> <span class='ocrx_word' id='word_1_246' title='bbox 482 2444 500 2477; x_wconf 87' lang='lat' dir='ltr'><strong>e.</strong></span> <span class='ocrx_word' id='word_1_247' title='bbox 516 2433 631 2483; x_wconf 82' lang='lat' dir='ltr'><strong>probabile</strong></span> <span class='ocrx_word' id='word_1_248' title='bbox 645 2435 735 2474; x_wconf 88' lang='lat' dir='ltr'><strong>dubium</strong></span> <span class='ocrx_word' id='word_1_249' title='bbox 753 2433 780 2474; x_wconf 82' lang='lat' dir='ltr'><strong>tic</strong></span> <span class='ocrx_word' id='word_1_250' title='bbox 799 2433 858 2474; x_wconf 78' lang='lat' dir='ltr'><strong>vitoe</strong></span> <span class='ocrx_word' id='word_1_251' title='bbox 873 2444 963 2474; x_wconf 76' lang='lat' dir='ltr'><strong>conser-</strong></span> 
     </span>
     <span class='ocr_line' id='line_1_33' title="bbox 212 2496 962 2548; baseline 0.004 -12"><span class='ocrx_word' id='word_1_252' title='bbox 212 2496 308 2547; x_wconf 85' lang='lat' dir='ltr'><strong>vatione,</strong></span> <span class='ocrx_word' id='word_1_253' title='bbox 323 2508 389 2548; x_wconf 81' lang='lat' dir='ltr'><strong>casn,</strong></span> <span class='ocrx_word' id='word_1_254' title='bbox 411 2509 454 2548; x_wconf 89' lang='lat' dir='ltr'><strong>quo</strong></span> <span class='ocrx_word' id='word_1_255' title='bbox 468 2499 532 2540; x_wconf 79' lang='lat' dir='ltr'><strong>raldo</strong></span> <span class='ocrx_word' id='word_1_256' title='bbox 546 2499 673 2548; x_wconf 78' lang='lat' dir='ltr'><strong>frequentor</strong></span> <span class='ocrx_word' id='word_1_257' title='bbox 691 2509 750 2538; x_wconf 81' lang='lat' dir='ltr'><strong>mors</strong></span> <span class='ocrx_word' id='word_1_258' title='bbox 767 2498 962 2539; x_wconf 60' lang='lat' dir='ltr'><strong>contrectantes*</strong></span> 
     </span>
     <span class='ocr_line' id='line_1_34' title="bbox 211 2562 963 2614; baseline 0.003 -10"><span class='ocrx_word' id='word_1_259' title='bbox 211 2562 242 2611; x_wconf 75' lang='lat' dir='ltr'><strong>(fi.</strong></span> <span class='ocrx_word' id='word_1_260' title='bbox 257 2563 304 2614; x_wconf 61' lang='lat' dir='ltr'><strong>Isto.</strong></span> <span class='ocrx_word' id='word_1_261' title='bbox 319 2563 355 2608; x_wconf 81' lang='lat' dir='ltr'><strong>lib.</strong></span> <span class='ocrx_word' id='word_1_262' title='bbox 368 2563 389 2604; x_wconf 80' lang='grc' dir='ltr'><strong>θ.</strong></span> <span class='ocrx_word' id='word_1_263' title='bbox 403 2568 428 2608; x_wconf 84' lang='lat' dir='ltr'><strong>tr.</strong></span> <span class='ocrx_word' id='word_1_264' title='bbox 443 2564 464 2605; x_wconf 69' lang='grc' dir='ltr'><strong>Β.</strong></span> <span class='ocrx_word' id='word_1_265' title='bbox 478 2578 499 2606; x_wconf 77' lang='lat' dir='ltr'><strong>a.</strong></span> <span class='ocrx_word' id='word_1_266' title='bbox 520 2563 583 2613; x_wconf 79' lang='lat'><strong><em>239.)</em></strong></span> <span class='ocrx_word' id='word_1_267' title='bbox 615 2566 724 2605; x_wconf 73' lang='lat' dir='ltr'><strong>Auctore·</strong></span> <span class='ocrx_word' id='word_1_268' title='bbox 742 2565 895 2614; x_wconf 84' lang='lat' dir='ltr'><strong>communiter,</strong></span> <span class='ocrx_word' id='word_1_269' title='bbox 916 2567 963 2606; x_wconf 87' lang='lat' dir='ltr'><strong>imo</strong></span> 
     </span>
     <span class='ocr_line' id='line_1_35' title="bbox 213 2627 962 2682; baseline 0.004 -15"><span class='ocrx_word' id='word_1_270' title='bbox 213 2630 236 2667; x_wconf 84' lang='lat' dir='ltr'><strong>et</strong></span> <span class='ocrx_word' id='word_1_271' title='bbox 255 2638 350 2670; x_wconf 80' lang='lat' dir='ltr'><strong>canones</strong></span> <span class='ocrx_word' id='word_1_272' title='bbox 373 2629 433 2680; x_wconf 77' lang='lat' dir='ltr'><strong>(cop.</strong></span> <span class='ocrx_word' id='word_1_273' title='bbox 452 2631 494 2670; x_wconf 72' lang='lat' dir='ltr'><strong>Eos</strong></span> <span class='ocrx_word' id='word_1_274' title='bbox 508 2631 556 2682; x_wconf 78' lang='lat' dir='ltr'><strong>qut,</strong></span> <span class='ocrx_word' id='word_1_275' title='bbox 575 2630 602 2670; x_wconf 84' lang='lat' dir='ltr'><strong>do</strong></span> <span class='ocrx_word' id='word_1_276' title='bbox 620 2631 713 2673; x_wconf 75' lang='lat' dir='ltr'><strong>cautent</strong></span> <span class='ocrx_word' id='word_1_277' title='bbox 732 2639 871 2672; x_wconf 82' lang='lat' dir='ltr'><strong>excommun.</strong></span> <span class='ocrx_word' id='word_1_278' title='bbox 892 2631 918 2669; x_wconf 90' lang='lat' dir='ltr'><strong>ln</strong></span> <span class='ocrx_word' id='word_1_279' title='bbox 930 2627 962 2682; x_wconf 65' lang='grc' dir='ltr'><strong>θ’,</strong></span> 
     </span>
     <span class='ocr_line' id='line_1_36' title="bbox 213 2694 964 2746; baseline 0 -10"><span class='ocrx_word' id='word_1_280' title='bbox 213 2705 260 2745; x_wconf 81' lang='lat' dir='ltr'><strong>cap.</strong></span> <span class='ocrx_word' id='word_1_281' title='bbox 277 2694 301 2736; x_wconf 78' lang='lat' dir='ltr'><strong>et</strong></span> <span class='ocrx_word' id='word_1_282' title='bbox 313 2697 361 2746; x_wconf 70' lang='lat' dir='ltr'><strong>qut·</strong></span> <span class='ocrx_word' id='word_1_283' title='bbox 373 2697 478 2746; x_wconf 62' lang='lat' dir='ltr'><strong>mente,</strong></span> <span class='ocrx_word' id='word_1_284' title='bbox 492 2707 539 2746; x_wconf 79' lang='lat' dir='ltr'><strong>cap,</strong></span> <span class='ocrx_word' id='word_1_285' title='bbox 554 2697 602 2736; x_wconf 73' lang='lat' dir='ltr'><strong>Nor</strong></span> <span class='ocrx_word' id='word_1_286' title='bbox 615 2697 708 2746; x_wconf 71' lang='lat' dir='ltr'><strong>dubium,</strong></span> <span class='ocrx_word' id='word_1_287' title='bbox 726 2696 753 2736; x_wconf 85' lang='lat' dir='ltr'><strong>de</strong></span> <span class='ocrx_word' id='word_1_288' title='bbox 766 2697 860 2739; x_wconf 69' lang='lat' dir='ltr'><strong>mutent.</strong></span> <span class='ocrx_word' id='word_1_289' title='bbox 874 2705 964 2736; x_wconf 83' lang='lat' dir='ltr'><strong>excom·</strong></span> 
     </span>
     <span class='ocr_line' id='line_1_37' title="bbox 213 2756 963 2824; baseline 0.004 -24"><span class='ocrx_word' id='word_1_290' title='bbox 213 2756 282 2811; x_wconf 85' lang='lat' dir='ltr'><strong>mun.)</strong></span> <span class='ocrx_word' id='word_1_291' title='bbox 299 2761 322 2799; x_wconf 88' lang='lat' dir='ltr'><strong>et</strong></span> <span class='ocrx_word' id='word_1_292' title='bbox 335 2761 379 2804; x_wconf 83' lang='lat' dir='ltr'><strong>Bit.</strong></span> <span class='ocrx_word' id='word_1_293' title='bbox 393 2761 454 2806; x_wconf 69' lang='lat' dir='ltr'><strong>Boni</strong></span> <span class='ocrx_word' id='word_1_294' title='bbox 468 2762 546 2802; x_wconf 83' lang='lat' dir='ltr'><strong>mortis</strong></span> <span class='ocrx_word' id='word_1_295' title='bbox 560 2761 680 2802; x_wconf 79' lang='lat' dir='ltr'><strong>articulum</strong></span> <span class='ocrx_word' id='word_1_296' title='bbox 699 2762 721 2802; x_wconf 83' lang='lat' dir='ltr'><strong>et</strong></span> <span class='ocrx_word' id='word_1_297' title='bbox 734 2761 856 2824; x_wconf 64' lang='lat' dir='ltr'><strong>pericnlum</strong></span> <span class='ocrx_word' id='word_1_298' title='bbox 869 2771 912 2812; x_wconf 86' lang='lat' dir='ltr'><strong>pro</strong></span> <span class='ocrx_word' id='word_1_299' title='bbox 926 2771 963 2803; x_wconf 82' lang='lat' dir='ltr'><strong>co·</strong></span> 
     </span>
     <span class='ocr_line' id='line_1_38' title="bbox 213 2823 372 2867; baseline 0.019 -3"><span class='ocrx_word' id='word_1_300' title='bbox 213 2823 262 2864; x_wconf 76' lang='lat' dir='ltr'><strong>ciem</strong></span> <span class='ocrx_word' id='word_1_301' title='bbox 275 2828 372 2867; x_wconf 78' lang='lat' dir='ltr'><strong>mmuut.</strong></span> 
     </span>
    </p>
   </div>
   <div class='ocr_carea' id='block_1_4' title="bbox 0 0 1077 3242">
    <p class='ocr_par' dir='ltr' id='par_1_6' title="bbox 0 0 1077 3242">
     <span class='ocr_line' id='line_1_39' title="bbox 0 0 1077 3242; baseline 0 0"><span class='ocrx_word' id='word_1_302' title='bbox 0 0 1077 3242; x_wconf 95' lang='lat' dir='ltr'><strong> </strong></span> 
     </span>
    </p>
   </div>
  </div>
 </body>
</html>
