<?xml version="1.0" encoding="UTF-8"?>
<!DOCTYPE html PUBLIC "-//W3C//DTD XHTML 1.0 Transitional//EN"
    "http://www.w3.org/TR/xhtml1/DTD/xhtml1-transitional.dtd">
<html xmlns="http://www.w3.org/1999/xhtml" xml:lang="en" lang="en">
 <head>
  <title>
</title>
<meta http-equiv="Content-Type" content="text/html;charset=utf-8" />
  <meta name='ocr-system' content='tesseract 3.04.00' />
  <meta name='ocr-capabilities' content='ocr_page ocr_carea ocr_par ocr_line ocrx_word'/>
</head>
<body>
  <div class='ocr_page' id='page_1' title='image "./manualesacerdot00schngoog_0603.png"; bbox 0 0 2146 3234; ppageno 0'>
   <div class='ocr_carea' id='block_1_1' title="bbox 317 191 888 237">
    <p class='ocr_par' dir='ltr' id='par_1_1' title="bbox 317 191 888 237">
     <span class='ocr_line' id='line_1_1' title="bbox 317 191 888 237; baseline -0.004 -1"><span class='ocrx_word' id='word_1_1' title='bbox 317 195 350 236; x_wconf 79' lang='lat' dir='ltr'><strong>Da</strong></span> <span class='ocrx_word' id='word_1_2' title='bbox 364 194 505 236; x_wconf 64' lang='lat' dir='ltr'><strong>&amp;umbo</strong></span> <span class='ocrx_word' id='word_1_3' title='bbox 518 194 661 237; x_wconf 63' lang='lat' dir='ltr'><strong>maumonii.</strong></span> <span class='ocrx_word' id='word_1_4' title='bbox 846 191 888 235; x_wconf 75' lang='grc'><strong>578</strong></span> 
     </span>
    </p>
   </div>
   <div class='ocr_carea' id='block_1_2' title="bbox 17 295 889 508">
    <p class='ocr_par' dir='ltr' id='par_1_2' title="bbox 17 295 889 508">
     <span class='ocr_line' id='line_1_2' title="bbox 89 295 889 365; baseline 0 -11"><span class='ocrx_word' id='word_1_5' title='bbox 89 296 180 354; x_wconf 87' lang='lat' dir='ltr'><strong>monio</strong></span> <span class='ocrx_word' id='word_1_6' title='bbox 209 302 345 354; x_wconf 85' lang='lat' dir='ltr'><strong>contracto</strong></span> <span class='ocrx_word' id='word_1_7' title='bbox 372 297 472 365; x_wconf 79' lang='lat' dir='ltr'><strong>putetis</strong></span> <span class='ocrx_word' id='word_1_8' title='bbox 500 297 657 364; x_wconf 77' lang='lat' dir='ltr'><strong>coniugibus</strong></span> <span class='ocrx_word' id='word_1_9' title='bbox 684 295 718 351; x_wconf 92' lang='lat' dir='ltr'><strong>de</strong></span> <span class='ocrx_word' id='word_1_10' title='bbox 736 297 889 354; x_wconf 84' lang='lat' dir='ltr'><strong>necessaria</strong></span> 
     </span>
     <span class='ocr_line' id='line_1_3' title="bbox 17 367 888 434; baseline 0 -12"><span class='ocrx_word' id='word_1_11' title='bbox 17 373 18 376; x_wconf 76' lang='grc'>’</span> <span class='ocrx_word' id='word_1_12' title='bbox 89 368 176 424; x_wconf 88' lang='lat' dir='ltr'><strong>mutui</strong></span> <span class='ocrx_word' id='word_1_13' title='bbox 200 382 345 424; x_wconf 74' lang='lat' dir='ltr'><strong>consensus</strong></span> <span class='ocrx_word' id='word_1_14' title='bbox 370 375 475 423; x_wconf 86' lang='lat' dir='ltr'><strong>secrete</strong></span> <span class='ocrx_word' id='word_1_15' title='bbox 498 367 688 434; x_wconf 80' lang='lat' dir='ltr'><strong>renovatione3</strong></span> <span class='ocrx_word' id='word_1_16' title='bbox 717 367 836 422; x_wconf 82' lang='lat' dir='ltr'><strong>iniuncta</strong></span> <span class='ocrx_word' id='word_1_17' title='bbox 859 368 888 422; x_wconf 91' lang='lat' dir='ltr'><strong>iu</strong></span> 
     </span>
     <span class='ocr_line' id='line_1_4' title="bbox 89 437 798 508; baseline -0.004 -13"><span class='ocrx_word' id='word_1_18' title='bbox 89 439 202 508; x_wconf 80' lang='lat' dir='ltr'><strong>siugulis</strong></span> <span class='ocrx_word' id='word_1_19' title='bbox 220 438 325 494; x_wconf 86' lang='lat' dir='ltr'><strong>casibus</strong></span> <span class='ocrx_word' id='word_1_20' title='bbox 343 455 461 508; x_wconf 78' lang='lat' dir='ltr'><strong>congrua</strong></span> <span class='ocrx_word' id='word_1_21' title='bbox 477 438 643 507; x_wconf 87' lang='lat' dir='ltr'><strong>poenitentia</strong></span> <span class='ocrx_word' id='word_1_22' title='bbox 661 437 798 494; x_wconf 83' lang='lat' dir='ltr'><strong>salutari.“</strong></span> 
     </span>
    </p>
   </div>
   <div class='ocr_carea' id='block_1_3' title="bbox 92 575 895 2351">
    <p class='ocr_par' dir='ltr' id='par_1_3' title="bbox 186 575 794 634">
     <span class='ocr_line' id='line_1_5' title="bbox 186 575 794 634; baseline -0.002 -13"><span class='ocrx_word' id='word_1_23' title='bbox 186 576 210 621; x_wconf 81' lang='grc'><strong>6.</strong></span> <span class='ocrx_word' id='word_1_24' title='bbox 229 575 361 630; x_wconf 79' lang='lat' dir='ltr'><strong>Quomodo</strong></span> <span class='ocrx_word' id='word_1_25' title='bbox 375 577 501 632; x_wconf 86' lang='lat' dir='ltr'><strong>petendae</strong></span> <span class='ocrx_word' id='word_1_26' title='bbox 515 577 568 623; x_wconf 86' lang='lat' dir='ltr'><strong>siut</strong></span> <span class='ocrx_word' id='word_1_27' title='bbox 581 576 794 634; x_wconf 69' lang='lat' dir='ltr'><strong>dispensationes.</strong></span> 
     </span>
    </p>

    <p class='ocr_par' dir='ltr' id='par_1_4' title="bbox 139 650 777 707">
     <span class='ocr_line' id='line_1_6' title="bbox 139 650 777 707; baseline 0.003 -18"><span class='ocrx_word' id='word_1_28' title='bbox 139 685 144 694; x_wconf 88' lang='grc'><em>,</em></span> <span class='ocrx_word' id='word_1_29' title='bbox 204 650 311 701; x_wconf 77' lang='lat' dir='ltr'><strong>(Regulos</strong></span> <span class='ocrx_word' id='word_1_30' title='bbox 324 661 364 699; x_wconf 90' lang='lat' dir='ltr'><strong>pro</strong></span> <span class='ocrx_word' id='word_1_31' title='bbox 379 651 518 690; x_wconf 81' lang='lat' dir='ltr'><strong>conficiendis</strong></span> <span class='ocrx_word' id='word_1_32' title='bbox 532 651 612 707; x_wconf 74' lang='lat' dir='ltr'><strong>libellis</strong></span> <span class='ocrx_word' id='word_1_33' title='bbox 627 651 777 701; x_wconf 68' lang='lat' dir='ltr'><strong>supplicibus.)</strong></span> 
     </span>
    </p>

    <p class='ocr_par' dir='ltr' id='par_1_5' title="bbox 92 719 889 1132">
     <span class='ocr_line' id='line_1_7' title="bbox 130 719 888 789; baseline 0.001 -16"><span class='ocrx_word' id='word_1_34' title='bbox 130 724 161 774; x_wconf 69' lang='lat'><strong>1²</strong></span> <span class='ocrx_word' id='word_1_35' title='bbox 183 719 214 773; x_wconf 89' lang='lat' dir='ltr'><strong>lu</strong></span> <span class='ocrx_word' id='word_1_36' title='bbox 227 721 360 788; x_wconf 87' lang='lat' dir='ltr'><strong>precibus,</strong></span> <span class='ocrx_word' id='word_1_37' title='bbox 379 720 475 789; x_wconf 87' lang='lat' dir='ltr'><strong>quibus</strong></span> <span class='ocrx_word' id='word_1_38' title='bbox 490 720 702 789; x_wconf 75' lang='lat' dir='ltr'><strong>dispensationes</strong></span> <span class='ocrx_word' id='word_1_39' title='bbox 711 736 765 788; x_wconf 76' lang='lat' dir='ltr'><strong>pro</strong></span> <span class='ocrx_word' id='word_1_40' title='bbox 777 721 888 788; x_wconf 79' lang='lat' dir='ltr'><strong>forcio-</strong></span> 
     </span>
     <span class='ocr_line' id='line_1_8' title="bbox 92 792 889 860; baseline 0 -14"><span class='ocrx_word' id='word_1_41' title='bbox 92 797 169 846; x_wconf 78' lang='lat' dir='ltr'><strong>terno</strong></span> <span class='ocrx_word' id='word_1_42' title='bbox 188 807 206 843; x_wconf 85' lang='lat' dir='ltr'><strong>c</strong></span> <span class='ocrx_word' id='word_1_43' title='bbox 224 792 439 846; x_wconf 78' lang='lat' dir='ltr'><strong>Poeoiteotiorio</strong></span> <span class='ocrx_word' id='word_1_44' title='bbox 456 799 597 860; x_wconf 88' lang='lat' dir='ltr'><strong>petuntur,</strong></span> <span class='ocrx_word' id='word_1_45' title='bbox 625 808 680 846; x_wconf 89' lang='lat' dir='ltr'><strong>non</strong></span> <span class='ocrx_word' id='word_1_46' title='bbox 705 793 889 860; x_wconf 85' lang='lat' dir='ltr'><strong>exprimuntur</strong></span> 
     </span>
     <span class='ocr_line' id='line_1_9' title="bbox 92 861 889 932; baseline 0 -16"><span class='ocrx_word' id='word_1_47' title='bbox 92 878 160 918; x_wconf 82' lang='lat' dir='ltr'><strong>vera</strong></span> <span class='ocrx_word' id='word_1_48' title='bbox 184 863 292 916; x_wconf 83' lang='lat' dir='ltr'><strong>nomina</strong></span> <span class='ocrx_word' id='word_1_49' title='bbox 310 862 466 931; x_wconf 84' lang='lat' dir='ltr'><strong>oratorum,</strong></span> <span class='ocrx_word' id='word_1_50' title='bbox 494 879 542 918; x_wconf 89' lang='lat' dir='ltr'><strong>seu</strong></span> <span class='ocrx_word' id='word_1_51' title='bbox 560 863 812 932; x_wconf 82' lang='lat' dir='ltr'><strong>dispensandorum,</strong></span> <span class='ocrx_word' id='word_1_52' title='bbox 840 861 889 918; x_wconf 90' lang='lat' dir='ltr'><strong>sed</strong></span> 
     </span>
     <span class='ocr_line' id='line_1_10' title="bbox 92 933 887 1003; baseline 0.003 -15"><span class='ocrx_word' id='word_1_53' title='bbox 92 939 229 1002; x_wconf 89' lang='lat' dir='ltr'><strong>ponuntur</strong></span> <span class='ocrx_word' id='word_1_54' title='bbox 254 935 360 988; x_wconf 86' lang='lat' dir='ltr'><strong>nomina</strong></span> <span class='ocrx_word' id='word_1_55' title='bbox 377 933 440 988; x_wconf 86' lang='lat' dir='ltr'><strong>ficta</strong></span> <span class='ocrx_word' id='word_1_56' title='bbox 457 950 483 989; x_wconf 84' lang='lat' dir='ltr'><strong>v.</strong></span> <span class='ocrx_word' id='word_1_57' title='bbox 497 950 522 1002; x_wconf 79' lang='lat' dir='ltr'><strong>g.</strong></span> <span class='ocrx_word' id='word_1_58' title='bbox 542 933 630 1001; x_wconf 84' lang='lat' dir='ltr'><strong>Caius,</strong></span> <span class='ocrx_word' id='word_1_59' title='bbox 656 935 750 1003; x_wconf 87' lang='lat' dir='ltr'><strong>Titius,</strong></span> <span class='ocrx_word' id='word_1_60' title='bbox 778 934 887 1002; x_wconf 82' lang='lat' dir='ltr'><strong>Bertha,</strong></span> 
     </span>
     <span class='ocr_line' id='line_1_11' title="bbox 93 1004 889 1074; baseline 0 -14"><span class='ocrx_word' id='word_1_61' title='bbox 93 1005 248 1060; x_wconf 85' lang='lat' dir='ltr'><strong>Petrouilla.</strong></span> <span class='ocrx_word' id='word_1_62' title='bbox 275 1004 455 1073; x_wconf 84' lang='lat' dir='ltr'><strong>Dispensandi</strong></span> <span class='ocrx_word' id='word_1_63' title='bbox 473 1020 556 1060; x_wconf 82' lang='lat' dir='ltr'><strong>causa</strong></span> <span class='ocrx_word' id='word_1_64' title='bbox 571 1004 642 1059; x_wconf 87' lang='lat' dir='ltr'><strong>nude</strong></span> <span class='ocrx_word' id='word_1_65' title='bbox 655 1006 821 1074; x_wconf 85' lang='lat' dir='ltr'><strong>proponitur,</strong></span> <span class='ocrx_word' id='word_1_66' title='bbox 839 1020 889 1060; x_wconf 89' lang='lat' dir='ltr'><strong>neo</strong></span> 
     </span>
     <span class='ocr_line' id='line_1_12' title="bbox 94 1075 721 1132; baseline -0.003 0"><span class='ocrx_word' id='word_1_67' title='bbox 94 1075 218 1132; x_wconf 84' lang='lat' dir='ltr'><strong>adiicitur</strong></span> <span class='ocrx_word' id='word_1_68' title='bbox 236 1076 415 1130; x_wconf 89' lang='lat' dir='ltr'><strong>testimonium</strong></span> <span class='ocrx_word' id='word_1_69' title='bbox 433 1075 466 1129; x_wconf 93' lang='lat' dir='ltr'><strong>de</strong></span> <span class='ocrx_word' id='word_1_70' title='bbox 485 1091 582 1130; x_wconf 84' lang='lat' dir='ltr'><strong>causae</strong></span> <span class='ocrx_word' id='word_1_71' title='bbox 599 1077 721 1131; x_wconf 86' lang='lat' dir='ltr'><strong>veritate.</strong></span> 
     </span>
    </p>

    <p class='ocr_par' dir='ltr' id='par_1_6' title="bbox 92 1145 895 1784">
     <span class='ocr_line' id='line_1_13' title="bbox 132 1145 889 1216; baseline 0 -16"><span class='ocrx_word' id='word_1_72' title='bbox 132 1149 164 1200; x_wconf 70' lang='lat' dir='ltr'><strong>2e</strong></span> <span class='ocrx_word' id='word_1_73' title='bbox 186 1145 218 1200; x_wconf 90' lang='lat' dir='ltr'><strong>In</strong></span> <span class='ocrx_word' id='word_1_74' title='bbox 235 1147 359 1214; x_wconf 86' lang='lat' dir='ltr'><strong>precibus</strong></span> <span class='ocrx_word' id='word_1_75' title='bbox 377 1154 475 1215; x_wconf 88' lang='lat' dir='ltr'><strong>autem,</strong></span> <span class='ocrx_word' id='word_1_76' title='bbox 494 1148 589 1215; x_wconf 87' lang='lat' dir='ltr'><strong>quibus</strong></span> <span class='ocrx_word' id='word_1_77' title='bbox 608 1146 820 1215; x_wconf 76' lang='lat' dir='ltr'><strong>dispensationes</strong></span> <span class='ocrx_word' id='word_1_78' title='bbox 834 1161 889 1216; x_wconf 79' lang='lat' dir='ltr'><strong>pro</strong></span> 
     </span>
     <span class='ocr_line' id='line_1_14' title="bbox 92 1217 890 1286; baseline 0.001 -15"><span class='ocrx_word' id='word_1_79' title='bbox 92 1218 156 1286; x_wconf 83' lang='lat' dir='ltr'><strong>soro</strong></span> <span class='ocrx_word' id='word_1_80' title='bbox 175 1223 283 1272; x_wconf 73' lang='lat' dir='ltr'><strong>emeno</strong></span> <span class='ocrx_word' id='word_1_81' title='bbox 301 1233 320 1272; x_wconf 86' lang='lat' dir='ltr'><strong>o</strong></span> <span class='ocrx_word' id='word_1_82' title='bbox 336 1218 459 1272; x_wconf 67' lang='lat' dir='ltr'><strong>Dauom</strong></span> <span class='ocrx_word' id='word_1_83' title='bbox 476 1226 611 1286; x_wconf 86' lang='lat' dir='ltr'><strong>petuntur,</strong></span> <span class='ocrx_word' id='word_1_84' title='bbox 637 1217 810 1286; x_wconf 83' lang='lat' dir='ltr'><strong>exprimenda</strong></span> <span class='ocrx_word' id='word_1_85' title='bbox 828 1223 890 1273; x_wconf 87' lang='lat' dir='ltr'><strong>sunt</strong></span> 
     </span>
     <span class='ocr_line' id='line_1_15' title="bbox 95 1287 890 1358; baseline 0.004 -17"><span class='ocrx_word' id='word_1_86' title='bbox 95 1303 163 1344; x_wconf 83' lang='lat' dir='ltr'><strong>vera</strong></span> <span class='ocrx_word' id='word_1_87' title='bbox 179 1289 287 1342; x_wconf 90' lang='lat' dir='ltr'><strong>nomina</strong></span> <span class='ocrx_word' id='word_1_88' title='bbox 305 1295 332 1343; x_wconf 90' lang='lat' dir='ltr'><strong>et</strong></span> <span class='ocrx_word' id='word_1_89' title='bbox 349 1289 506 1356; x_wconf 80' lang='lat' dir='ltr'><strong>cognomino</strong></span> <span class='ocrx_word' id='word_1_90' title='bbox 520 1287 669 1356; x_wconf 78' lang='lat' dir='ltr'><strong>Oratorem,</strong></span> <span class='ocrx_word' id='word_1_91' title='bbox 688 1306 747 1344; x_wconf 89' lang='lat' dir='ltr'><strong>cum</strong></span> <span class='ocrx_word' id='word_1_92' title='bbox 765 1289 890 1358; x_wconf 67' lang='lat' dir='ltr'><strong>dioecesi</strong></span> 
     </span>
     <span class='ocr_line' id='line_1_16' title="bbox 97 1359 892 1428; baseline 0.001 -14"><span class='ocrx_word' id='word_1_93' title='bbox 97 1375 204 1427; x_wconf 84' lang='lat' dir='ltr'><strong>exque</strong></span> <span class='ocrx_word' id='word_1_94' title='bbox 222 1366 284 1414; x_wconf 86' lang='lat' dir='ltr'><strong>sunt</strong></span> <span class='ocrx_word' id='word_1_95' title='bbox 302 1359 447 1428; x_wconf 75' lang='lat' dir='ltr'><strong>omundi31)</strong></span> <span class='ocrx_word' id='word_1_96' title='bbox 466 1359 562 1428; x_wconf 88' lang='lat' dir='ltr'><strong>quodsi</strong></span> <span class='ocrx_word' id='word_1_97' title='bbox 580 1361 633 1414; x_wconf 87' lang='lat' dir='ltr'><strong>sint</strong></span> <span class='ocrx_word' id='word_1_98' title='bbox 650 1360 773 1416; x_wconf 88' lang='lat' dir='ltr'><strong>diversae</strong></span> <span class='ocrx_word' id='word_1_99' title='bbox 787 1360 892 1415; x_wconf 89' lang='lat' dir='ltr'><strong>dioece-</strong></span> 
     </span>
     <span class='ocr_line' id='line_1_17' title="bbox 97 1430 895 1500; baseline 0 -14"><span class='ocrx_word' id='word_1_100' title='bbox 97 1445 168 1498; x_wconf 83' lang='lat' dir='ltr'><strong>seos,</strong></span> <span class='ocrx_word' id='word_1_101' title='bbox 187 1431 325 1498; x_wconf 82' lang='lat' dir='ltr'><strong>utriusque</strong></span> <span class='ocrx_word' id='word_1_102' title='bbox 340 1430 495 1486; x_wconf 88' lang='lat' dir='ltr'><strong>dioeceseos</strong></span> <span class='ocrx_word' id='word_1_103' title='bbox 511 1445 609 1485; x_wconf 86' lang='lat' dir='ltr'><strong>nomen</strong></span> <span class='ocrx_word' id='word_1_104' title='bbox 622 1431 701 1485; x_wconf 85' lang='lat' dir='ltr'><strong>adiici</strong></span> <span class='ocrx_word' id='word_1_105' title='bbox 719 1431 808 1500; x_wconf 83' lang='lat' dir='ltr'><strong>debet,</strong></span> <span class='ocrx_word' id='word_1_106' title='bbox 827 1438 855 1486; x_wconf 90' lang='lat' dir='ltr'><strong>et</strong></span> <span class='ocrx_word' id='word_1_107' title='bbox 871 1430 895 1486; x_wconf 89' lang='lat' dir='ltr'><strong>si</strong></span> 
     </span>
     <span class='ocr_line' id='line_1_18' title="bbox 95 1501 895 1572; baseline 0.003 -16"><span class='ocrx_word' id='word_1_108' title='bbox 95 1508 206 1570; x_wconf 84' lang='lat' dir='ltr'><strong>petatur</strong></span> <span class='ocrx_word' id='word_1_109' title='bbox 224 1501 388 1570; x_wconf 79' lang='lat' dir='ltr'><strong>dispensatio</strong></span> <span class='ocrx_word' id='word_1_110' title='bbox 407 1501 439 1556; x_wconf 83' lang='lat' dir='ltr'><strong>ob</strong></span> <span class='ocrx_word' id='word_1_111' title='bbox 458 1503 611 1572; x_wconf 63' lang='lat' dir='ltr'><strong>amaseam</strong></span> <span class='ocrx_word' id='word_1_112' title='bbox 629 1502 695 1569; x_wconf 82' lang='lat' dir='ltr'><strong>loci,</strong></span> <span class='ocrx_word' id='word_1_113' title='bbox 722 1503 802 1558; x_wconf 88' lang='lat' dir='ltr'><strong>etiam</strong></span> <span class='ocrx_word' id='word_1_114' title='bbox 819 1503 895 1558; x_wconf 89' lang='lat' dir='ltr'><strong>locus</strong></span> 
     </span>
     <span class='ocr_line' id='line_1_19' title="bbox 97 1571 895 1640; baseline 0.001 -14"><span class='ocrx_word' id='word_1_115' title='bbox 97 1571 241 1626; x_wconf 88' lang='lat' dir='ltr'><strong>Oratorom</strong></span> <span class='ocrx_word' id='word_1_116' title='bbox 267 1573 379 1640; x_wconf 84' lang='lat' dir='ltr'><strong>exprimi</strong></span> <span class='ocrx_word' id='word_1_117' title='bbox 403 1572 490 1627; x_wconf 89' lang='lat' dir='ltr'><strong>debet.</strong></span> <span class='ocrx_word' id='word_1_118' title='bbox 538 1572 723 1628; x_wconf 87' lang='lat' dir='ltr'><strong>Adiiciendum</strong></span> <span class='ocrx_word' id='word_1_119' title='bbox 746 1589 827 1640; x_wconf 90' lang='lat' dir='ltr'><strong>porro</strong></span> <span class='ocrx_word' id='word_1_120' title='bbox 853 1578 895 1627; x_wconf 83' lang='lat' dir='ltr'><strong>est</strong></span> 
     </span>
     <span class='ocr_line' id='line_1_20' title="bbox 95 1642 895 1699; baseline 0 -3"><span class='ocrx_word' id='word_1_121' title='bbox 95 1643 210 1698; x_wconf 88' lang='lat' dir='ltr'><strong>formale</strong></span> <span class='ocrx_word' id='word_1_122' title='bbox 234 1643 415 1698; x_wconf 85' lang='lat' dir='ltr'><strong>testimonium</strong></span> <span class='ocrx_word' id='word_1_123' title='bbox 439 1642 473 1698; x_wconf 90' lang='lat' dir='ltr'><strong>de</strong></span> <span class='ocrx_word' id='word_1_124' title='bbox 498 1645 611 1698; x_wconf 83' lang='lat' dir='ltr'><strong>veritate</strong></span> <span class='ocrx_word' id='word_1_125' title='bbox 638 1660 779 1699; x_wconf 77' lang='lat' dir='ltr'><strong>comarum</strong></span> <span class='ocrx_word' id='word_1_126' title='bbox 802 1643 895 1697; x_wconf 86' lang='lat' dir='ltr'><strong>allata·</strong></span> 
     </span>
     <span class='ocr_line' id='line_1_21' title="bbox 95 1715 191 1784; baseline 0 -15"><span class='ocrx_word' id='word_1_127' title='bbox 95 1715 191 1784; x_wconf 61' lang='lat' dir='ltr'><strong>rumst)</strong></span> 
     </span>
    </p>

    <p class='ocr_par' dir='ltr' id='par_1_7' title="bbox 93 1784 894 2351">
     <span class='ocr_line' id='line_1_22' title="bbox 133 1784 894 1854; baseline 0 -16"><span class='ocrx_word' id='word_1_128' title='bbox 133 1788 164 1838; x_wconf 76' lang='lat' dir='ltr'><strong>3a</strong></span> <span class='ocrx_word' id='word_1_129' title='bbox 187 1784 215 1838; x_wconf 83' lang='lat' dir='ltr'><strong>si</strong></span> <span class='ocrx_word' id='word_1_130' title='bbox 226 1786 284 1852; x_wconf 88' lang='lat' dir='ltr'><strong>quis</strong></span> <span class='ocrx_word' id='word_1_131' title='bbox 300 1785 399 1854; x_wconf 91' lang='lat' dir='ltr'><strong>duplici</strong></span> <span class='ocrx_word' id='word_1_132' title='bbox 412 1784 600 1854; x_wconf 87' lang='lat' dir='ltr'><strong>impedimento</strong></span> <span class='ocrx_word' id='word_1_133' title='bbox 615 1792 658 1840; x_wconf 87' lang='lat' dir='ltr'><strong>est</strong></span> <span class='ocrx_word' id='word_1_134' title='bbox 668 1785 818 1853; x_wconf 84' lang='lat' dir='ltr'><strong>obstrictus,</strong></span> <span class='ocrx_word' id='word_1_135' title='bbox 829 1799 894 1851; x_wconf 89' lang='lat' dir='ltr'><strong>quo·</strong></span> 
     </span>
     <span class='ocr_line' id='line_1_23' title="bbox 94 1856 894 1925; baseline -0.003 -14"><span class='ocrx_word' id='word_1_136' title='bbox 94 1873 156 1911; x_wconf 89' lang='lat' dir='ltr'><strong>rum</strong></span> <span class='ocrx_word' id='word_1_137' title='bbox 169 1873 251 1910; x_wconf 91' lang='lat' dir='ltr'><strong>unum</strong></span> <span class='ocrx_word' id='word_1_138' title='bbox 261 1857 401 1925; x_wconf 73' lang='lat' dir='ltr'><strong>occuitum,</strong></span> <span class='ocrx_word' id='word_1_139' title='bbox 415 1857 528 1914; x_wconf 83' lang='lat' dir='ltr'><strong>alterum</strong></span> <span class='ocrx_word' id='word_1_140' title='bbox 539 1856 674 1925; x_wconf 89' lang='lat' dir='ltr'><strong>publicum</strong></span> <span class='ocrx_word' id='word_1_141' title='bbox 687 1864 736 1925; x_wconf 66' lang='lat' dir='ltr'><strong>est,</strong></span> <span class='ocrx_word' id='word_1_142' title='bbox 751 1856 785 1910; x_wconf 88' lang='lat' dir='ltr'><strong>ed</strong></span> <span class='ocrx_word' id='word_1_143' title='bbox 794 1862 894 1910; x_wconf 75' lang='lat' dir='ltr'><strong>unorn-</strong></span> 
     </span>
     <span class='ocr_line' id='line_1_24' title="bbox 94 1927 894 1996; baseline 0 -14"><span class='ocrx_word' id='word_1_144' title='bbox 94 1943 149 1996; x_wconf 89' lang='lat' dir='ltr'><strong>que</strong></span> <span class='ocrx_word' id='word_1_145' title='bbox 167 1927 283 1982; x_wconf 79' lang='lat' dir='ltr'><strong>tribunal</strong></span> <span class='ocrx_word' id='word_1_146' title='bbox 301 1943 443 1984; x_wconf 83' lang='lat' dir='ltr'><strong>recurrere</strong></span> <span class='ocrx_word' id='word_1_147' title='bbox 466 1935 493 1981; x_wconf 86' lang='lat' dir='ltr'><strong>et</strong></span> <span class='ocrx_word' id='word_1_148' title='bbox 514 1927 542 1982; x_wconf 91' lang='lat' dir='ltr'><strong>in</strong></span> <span class='ocrx_word' id='word_1_149' title='bbox 559 1927 769 1983; x_wconf 86' lang='lat' dir='ltr'><strong>Poenitentieria</strong></span> <span class='ocrx_word' id='word_1_150' title='bbox 792 1934 894 1982; x_wconf 72' lang='lat' dir='ltr'><strong>uuum·</strong></span> 
     </span>
     <span class='ocr_line' id='line_1_25' title="bbox 95 1996 893 2067; baseline -0.001 -14"><span class='ocrx_word' id='word_1_151' title='bbox 95 2014 148 2067; x_wconf 86' lang='lat' dir='ltr'><strong>que</strong></span> <span class='ocrx_word' id='word_1_152' title='bbox 166 1997 393 2067; x_wconf 86' lang='lat' dir='ltr'><strong>impedimentum,</strong></span> <span class='ocrx_word' id='word_1_153' title='bbox 421 1999 449 2052; x_wconf 90' lang='lat' dir='ltr'><strong>iu</strong></span> <span class='ocrx_word' id='word_1_154' title='bbox 465 1999 579 2052; x_wconf 82' lang='lat' dir='ltr'><strong>Deterio</strong></span> <span class='ocrx_word' id='word_1_155' title='bbox 596 2014 661 2053; x_wconf 85' lang='lat' dir='ltr'><strong>vero</strong></span> <span class='ocrx_word' id='word_1_156' title='bbox 680 1999 765 2054; x_wconf 89' lang='lat' dir='ltr'><strong>solum</strong></span> <span class='ocrx_word' id='word_1_157' title='bbox 783 1996 893 2066; x_wconf 88' lang='lat' dir='ltr'><strong>impedi·</strong></span> 
     </span>
     <span class='ocr_line' id='line_1_26' title="bbox 94 2069 893 2138; baseline -0.001 -14"><span class='ocrx_word' id='word_1_158' title='bbox 94 2077 214 2124; x_wconf 87' lang='lat' dir='ltr'><strong>mentum</strong></span> <span class='ocrx_word' id='word_1_159' title='bbox 231 2070 366 2138; x_wconf 88' lang='lat' dir='ltr'><strong>publicum</strong></span> <span class='ocrx_word' id='word_1_160' title='bbox 391 2084 525 2138; x_wconf 83' lang='lat' dir='ltr'><strong>exponere</strong></span> <span class='ocrx_word' id='word_1_161' title='bbox 550 2070 637 2124; x_wconf 85' lang='lat' dir='ltr'><strong>debet</strong></span> <span class='ocrx_word' id='word_1_162' title='bbox 673 2071 705 2124; x_wconf 91' lang='lat' dir='ltr'><strong>ln</strong></span> <span class='ocrx_word' id='word_1_163' title='bbox 721 2069 811 2126; x_wconf 89' lang='lat' dir='ltr'><strong>libello</strong></span> <span class='ocrx_word' id='word_1_164' title='bbox 830 2081 893 2136; x_wconf 90' lang='lat' dir='ltr'><strong>sup·</strong></span> 
     </span>
     <span class='ocr_line' id='line_1_27' title="bbox 94 2139 894 2208; baseline 0 -14"><span class='ocrx_word' id='word_1_165' title='bbox 94 2141 160 2208; x_wconf 89' lang='lat' dir='ltr'><strong>plici</strong></span> <span class='ocrx_word' id='word_1_166' title='bbox 178 2140 213 2194; x_wconf 88' lang='lat' dir='ltr'><strong>ad</strong></span> <span class='ocrx_word' id='word_1_167' title='bbox 230 2139 467 2194; x_wconf 87' lang='lat' dir='ltr'><strong>Poenitentiariam</strong></span> <span class='ocrx_word' id='word_1_168' title='bbox 485 2141 537 2195; x_wconf 91' lang='lat' dir='ltr'><strong>hoc</strong></span> <span class='ocrx_word' id='word_1_169' title='bbox 555 2156 620 2195; x_wconf 88' lang='lat' dir='ltr'><strong>casu</strong></span> <span class='ocrx_word' id='word_1_170' title='bbox 638 2139 716 2195; x_wconf 83' lang='lat' dir='ltr'><strong>adiici</strong></span> <span class='ocrx_word' id='word_1_171' title='bbox 734 2139 821 2206; x_wconf 72' lang='lat' dir='ltr'><strong>debet</strong></span> <span class='ocrx_word' id='word_1_172' title='bbox 843 2155 894 2208; x_wconf 88' lang='lat' dir='ltr'><strong>pro</strong></span> 
     </span>
     <span class='ocr_line' id='line_1_28' title="bbox 93 2210 893 2279; baseline -0.003 -13"><span class='ocrx_word' id='word_1_173' title='bbox 93 2211 155 2266; x_wconf 87' lang='lat' dir='ltr'><strong>foro</strong></span> <span class='ocrx_word' id='word_1_174' title='bbox 175 2219 285 2266; x_wconf 81' lang='lat' dir='ltr'><strong>externo</strong></span> <span class='ocrx_word' id='word_1_175' title='bbox 310 2211 422 2279; x_wconf 82' lang='lat' dir='ltr'><strong>petitam</strong></span> <span class='ocrx_word' id='word_1_176' title='bbox 447 2227 507 2266; x_wconf 89' lang='lat' dir='ltr'><strong>esse</strong></span> <span class='ocrx_word' id='word_1_177' title='bbox 533 2210 758 2279; x_wconf 85' lang='lat' dir='ltr'><strong>dispensationem</strong></span> <span class='ocrx_word' id='word_1_178' title='bbox 776 2227 793 2265; x_wconf 84' lang='lat' dir='ltr'><strong>a</strong></span> <span class='ocrx_word' id='word_1_179' title='bbox 810 2211 893 2264; x_wconf 79' lang='lat' dir='ltr'><strong>Data·</strong></span> 
     </span>
     <span class='ocr_line' id='line_1_29' title="bbox 93 2281 893 2351; baseline 0 -15"><span class='ocrx_word' id='word_1_180' title='bbox 93 2283 144 2351; x_wconf 88' lang='lat' dir='ltr'><strong>ria,</strong></span> <span class='ocrx_word' id='word_1_181' title='bbox 164 2289 192 2337; x_wconf 92' lang='lat' dir='ltr'><strong>et</strong></span> <span class='ocrx_word' id='word_1_182' title='bbox 208 2289 272 2338; x_wconf 89' lang='lat' dir='ltr'><strong>tuno</strong></span> <span class='ocrx_word' id='word_1_183' title='bbox 286 2282 445 2351; x_wconf 87' lang='lat' dir='ltr'><strong>rescriptum</strong></span> <span class='ocrx_word' id='word_1_184' title='bbox 457 2283 683 2337; x_wconf 83' lang='lat' dir='ltr'><strong>Poenitentiariae</strong></span> <span class='ocrx_word' id='word_1_185' title='bbox 697 2289 774 2337; x_wconf 84' lang='lat' dir='ltr'><strong>sanat</strong></span> <span class='ocrx_word' id='word_1_186' title='bbox 787 2281 893 2350; x_wconf 88' lang='lat' dir='ltr'><strong>dispen-</strong></span> 
     </span>
    </p>
   </div>
   <div class='ocr_carea' id='block_1_4' title="bbox 110 2405 893 2906">
    <p class='ocr_par' dir='ltr' id='par_1_8' title="bbox 110 2405 893 2654">
     <span class='ocr_line' id='line_1_30' title="bbox 110 2405 893 2458; baseline 0 -10"><span class='ocrx_word' id='word_1_187' title='bbox 110 2405 132 2456; x_wconf 83' lang='lat'><strong>1)</strong></span> <span class='ocrx_word' id='word_1_188' title='bbox 145 2409 213 2448; x_wconf 73' lang='lat' dir='ltr'><strong>Error</strong></span> <span class='ocrx_word' id='word_1_189' title='bbox 225 2410 247 2449; x_wconf 89' lang='lat' dir='ltr'><strong>in</strong></span> <span class='ocrx_word' id='word_1_190' title='bbox 261 2410 349 2450; x_wconf 88' lang='lat' dir='ltr'><strong>nomino</strong></span> <span class='ocrx_word' id='word_1_191' title='bbox 370 2409 404 2448; x_wconf 86' lang='lat' dir='ltr'><strong>vel</strong></span> <span class='ocrx_word' id='word_1_192' title='bbox 423 2409 553 2458; x_wconf 79' lang='lat' dir='ltr'><strong>cognomine</strong></span> <span class='ocrx_word' id='word_1_193' title='bbox 573 2407 701 2458; x_wconf 77' lang='lat' dir='ltr'><strong>Oratorem,</strong></span> <span class='ocrx_word' id='word_1_194' title='bbox 722 2409 756 2448; x_wconf 82' lang='lat' dir='ltr'><strong>rel</strong></span> <span class='ocrx_word' id='word_1_195' title='bbox 770 2409 893 2449; x_wconf 86' lang='lat' dir='ltr'><strong>dioeceseos</strong></span> 
     </span>
     <span class='ocr_line' id='line_1_31' title="bbox 148 2469 893 2526; baseline 0 -15"><span class='ocrx_word' id='word_1_196' title='bbox 148 2476 187 2512; x_wconf 81' lang='lat' dir='ltr'><strong>aut</strong></span> <span class='ocrx_word' id='word_1_197' title='bbox 200 2475 316 2522; x_wconf 82' lang='lat' dir='ltr'><strong>parochiae</strong></span> <span class='ocrx_word' id='word_1_198' title='bbox 335 2475 470 2526; x_wconf 78' lang='lat' dir='ltr'><strong>probabilius</strong></span> <span class='ocrx_word' id='word_1_199' title='bbox 488 2474 596 2514; x_wconf 72' lang='lat' dir='ltr'><strong>soliditati</strong></span> <span class='ocrx_word' id='word_1_200' title='bbox 615 2473 784 2523; x_wconf 71' lang='lat' dir='ltr'><strong>dispensantionls</strong></span> <span class='ocrx_word' id='word_1_201' title='bbox 803 2483 848 2514; x_wconf 87' lang='lat' dir='ltr'><strong>non</strong></span> <span class='ocrx_word' id='word_1_202' title='bbox 862 2469 893 2512; x_wconf 78' lang='lat' dir='ltr'><strong>oi·</strong></span> 
     </span>
     <span class='ocr_line' id='line_1_32' title="bbox 148 2537 892 2589; baseline 0.001 -13"><span class='ocrx_word' id='word_1_203' title='bbox 148 2537 201 2585; x_wconf 78' lang='lat' dir='ltr'><strong>ficit,</strong></span> <span class='ocrx_word' id='word_1_204' title='bbox 214 2540 278 2578; x_wconf 85' lang='lat' dir='ltr'><strong>modo</strong></span> <span class='ocrx_word' id='word_1_205' title='bbox 289 2542 375 2580; x_wconf 81' lang='lat' dir='ltr'><strong>oonsiet</strong></span> <span class='ocrx_word' id='word_1_206' title='bbox 390 2540 416 2580; x_wconf 86' lang='lat' dir='ltr'><strong>de</strong></span> <span class='ocrx_word' id='word_1_207' title='bbox 426 2551 517 2589; x_wconf 80' lang='lat' dir='ltr'><strong>corpore,</strong></span> <span class='ocrx_word' id='word_1_208' title='bbox 530 2539 545 2583; x_wconf 81' lang='lat' dir='ltr'><strong>i.</strong></span> <span class='ocrx_word' id='word_1_209' title='bbox 556 2549 574 2582; x_wconf 83' lang='lat' dir='ltr'><strong>e.</strong></span> <span class='ocrx_word' id='word_1_210' title='bbox 588 2539 615 2578; x_wconf 87' lang='lat' dir='ltr'><strong>de</strong></span> <span class='ocrx_word' id='word_1_211' title='bbox 624 2539 778 2588; x_wconf 83' lang='lat' dir='ltr'><strong>impedimento</strong></span> <span class='ocrx_word' id='word_1_212' title='bbox 786 2541 808 2578; x_wconf 85' lang='lat' dir='ltr'><strong>et</strong></span> <span class='ocrx_word' id='word_1_213' title='bbox 817 2549 892 2578; x_wconf 70' lang='lat' dir='ltr'><strong>musa.</strong></span> 
     </span>
     <span class='ocr_line' id='line_1_33' title="bbox 150 2601 514 2654; baseline 0.008 -13"><span class='ocrx_word' id='word_1_214' title='bbox 150 2601 215 2654; x_wconf 76' lang='lat' dir='ltr'><strong>(Gary</strong></span> <span class='ocrx_word' id='word_1_215' title='bbox 229 2617 249 2648; x_wconf 81' lang='lat' dir='ltr'><strong>a.</strong></span> <span class='ocrx_word' id='word_1_216' title='bbox 263 2605 326 2646; x_wconf 76' lang='lat'><strong><em>1552.</em></strong></span> <span class='ocrx_word' id='word_1_217' title='bbox 342 2607 374 2646; x_wconf 82' lang='lat' dir='ltr'><strong>cd.</strong></span> <span class='ocrx_word' id='word_1_218' title='bbox 388 2605 409 2650; x_wconf 80' lang='lat'><strong>2.</strong></span> <span class='ocrx_word' id='word_1_219' title='bbox 424 2604 514 2654; x_wconf 71' lang='lat' dir='ltr'><strong>Basso.)</strong></span> 
     </span>
    </p>

    <p class='ocr_par' dir='ltr' id='par_1_9' title="bbox 110 2663 893 2906">
     <span class='ocr_line' id='line_1_34' title="bbox 110 2663 892 2720; baseline 0.003 -14"><span class='ocrx_word' id='word_1_220' title='bbox 110 2663 131 2718; x_wconf 65' lang='grc'><strong>2)</strong></span> <span class='ocrx_word' id='word_1_221' title='bbox 145 2665 260 2715; x_wconf 75' lang='lat' dir='ltr'><strong>Supplices</strong></span> <span class='ocrx_word' id='word_1_222' title='bbox 273 2671 301 2710; x_wconf 91' lang='lat' dir='ltr'><strong>ad</strong></span> <span class='ocrx_word' id='word_1_223' title='bbox 315 2671 436 2720; x_wconf 76' lang='lat' dir='ltr'><strong>baioriam,</strong></span> <span class='ocrx_word' id='word_1_224' title='bbox 450 2671 474 2710; x_wconf 90' lang='lat' dir='ltr'><strong>ln</strong></span> <span class='ocrx_word' id='word_1_225' title='bbox 484 2671 563 2720; x_wconf 80' lang='lat' dir='ltr'><strong>quibus</strong></span> <span class='ocrx_word' id='word_1_226' title='bbox 573 2679 652 2710; x_wconf 81' lang='lat' dir='ltr'><strong>causae</strong></span> <span class='ocrx_word' id='word_1_227' title='bbox 666 2670 785 2710; x_wconf 84' lang='lat' dir='ltr'><strong>canonicae</strong></span> <span class='ocrx_word' id='word_1_228' title='bbox 798 2679 842 2710; x_wconf 88' lang='lat' dir='ltr'><strong>non</strong></span> <span class='ocrx_word' id='word_1_229' title='bbox 855 2679 892 2708; x_wconf 87' lang='lat' dir='ltr'><strong>ex-</strong></span> 
     </span>
     <span class='ocr_line' id='line_1_35' title="bbox 147 2733 893 2784; baseline 0 -12"><span class='ocrx_word' id='word_1_230' title='bbox 147 2733 280 2784; x_wconf 81' lang='lat' dir='ltr'><strong>primuntur,</strong></span> <span class='ocrx_word' id='word_1_231' title='bbox 301 2736 335 2776; x_wconf 84' lang='lat' dir='ltr'><strong>vol</strong></span> <span class='ocrx_word' id='word_1_232' title='bbox 350 2746 406 2784; x_wconf 86' lang='lat' dir='ltr'><strong>quae</strong></span> <span class='ocrx_word' id='word_1_233' title='bbox 421 2735 547 2776; x_wconf 80' lang='lat' dir='ltr'><strong>testimonio</strong></span> <span class='ocrx_word' id='word_1_234' title='bbox 561 2735 664 2784; x_wconf 79' lang='lat' dir='ltr'><strong>ilpiscopl</strong></span> <span class='ocrx_word' id='word_1_235' title='bbox 682 2735 752 2776; x_wconf 73' lang='lat' dir='ltr'><strong>albus</strong></span> <span class='ocrx_word' id='word_1_236' title='bbox 768 2734 893 2774; x_wconf 81' lang='lat' dir='ltr'><strong>conditione</strong></span> 
     </span>
     <span class='ocr_line' id='line_1_36' title="bbox 147 2800 892 2850; baseline 0 -13"><span class='ocrx_word' id='word_1_237' title='bbox 147 2800 254 2847; x_wconf 84' lang='lat' dir='ltr'><strong>raqulslto</strong></span> <span class='ocrx_word' id='word_1_238' title='bbox 267 2803 350 2850; x_wconf 80' lang='lat' dir='ltr'><strong>carent,</strong></span> <span class='ocrx_word' id='word_1_239' title='bbox 364 2800 520 2850; x_wconf 80' lang='lat' dir='ltr'><strong>dilacerantur,</strong></span> <span class='ocrx_word' id='word_1_240' title='bbox 534 2802 557 2840; x_wconf 84' lang='lat' dir='ltr'><strong>et</strong></span> <span class='ocrx_word' id='word_1_241' title='bbox 570 2800 599 2840; x_wconf 88' lang='lat' dir='ltr'><strong>ab</strong></span> <span class='ocrx_word' id='word_1_242' title='bbox 613 2801 730 2841; x_wconf 79' lang='lat' dir='ltr'><strong>Officiariia</strong></span> <span class='ocrx_word' id='word_1_243' title='bbox 743 2810 788 2840; x_wconf 91' lang='lat' dir='ltr'><strong>nou</strong></span> <span class='ocrx_word' id='word_1_244' title='bbox 802 2808 892 2849; x_wconf 84' lang='lat' dir='ltr'><strong>reapon-</strong></span> 
     </span>
     <span class='ocr_line' id='line_1_37' title="bbox 146 2865 217 2906; baseline 0.014 -1"><span class='ocrx_word' id='word_1_245' title='bbox 146 2865 217 2906; x_wconf 89' lang='lat' dir='ltr'><strong>detur.</strong></span> 
     </span>
    </p>
   </div>
   <div class='ocr_carea' id='block_1_5' title="bbox 0 0 1078 3234">
    <p class='ocr_par' dir='ltr' id='par_1_10' title="bbox 0 0 1078 3234">
     <span class='ocr_line' id='line_1_38' title="bbox 0 0 1078 3234; baseline 0 0"><span class='ocrx_word' id='word_1_246' title='bbox 0 0 1078 3234; x_wconf 95' lang='lat' dir='ltr'><strong> </strong></span> 
     </span>
    </p>
   </div>
  </div>
 </body>
</html>
