2146 3234
163 198 205 242 616
257 189 265 214 ⁴
341 201 373 240 De
387 200 579 242 decrementorum
592 199 788 244 administratione.

204 301 234 356 V.
252 299 423 356 Adiutorium
440 306 561 355 nostrum
578 300 606 353 in
624 300 730 354 nomine
748 299 864 368 Domini,
884 307 933 357 etc.

205 372 235 426 V.
253 373 375 440 Domine,
395 371 493 426 exaudi
511 371 658 425 orationem
675 386 771 440 meum,
792 378 843 427 ete.

205 443 236 498 V
254 443 384 497 Dominus
402 443 547 510 vobiscum,
566 448 616 496 ete.

203 513 323 570 Oramus.
340 513 458 568 Benedio
475 515 501 582 †,
519 513 643 582 Domine,
657 513 783 568 annulum
792 512 872 581 hune,
886 527 965 580 quem

165 602 215 642 nos
233 587 261 640 in
278 593 326 641 tuo
344 585 451 640 nomine
468 583 649 640 benedicimus
663 587 689 653 †,
708 591 739 639 ut
756 599 902 652 quassum
919 593 965 654 ge·

166 657 286 727 steverit,
304 656 461 712 fidelitatem
478 656 609 724 integrem
628 671 677 710 suo
696 669 795 724 sponso
814 661 918 724 tenens,
936 656 966 710 in

166 743 233 798 paee
252 735 280 783 et
296 728 434 785 voluntate
456 733 504 781 tue
528 733 699 796 permaneat,
728 733 808 795 etque
826 726 855 780 in
871 733 967 782 mutue

167 800 279 854 ueritate
297 813 404 868 semper
421 798 502 852 vivet.
539 798 593 852 Per
608 798 742 852 Christum
754 797 899 853 Dominum
916 813 963 852 no·

167 879 260 927 etrum.
279 899 312 909 -
331 870 367 927 R.
385 869 479 924 Amen.

204 944 230 999 3.
247 941 354 996 Deinde
365 940 490 994 sacerdos
508 945 635 1009 depereat
653 939 785 994 annulum
798 955 872 1008 apua
890 939 965 994 beree·

168 1012 242 1066 dieto
258 1014 289 1066 ie
305 1011 415 1066 modum
433 1013 528 1078 euers,
547 1016 572 1064 et
589 1026 705 1079 moesus
722 1017 860 1080 acceptum
878 1027 966 1066 aunu-

168 1084 223 1138 ium
241 1083 275 1136 de
291 1099 376 1137 moue
393 1082 541 1137 sacerdotis
553 1083 668 1150 imponit
685 1083 715 1136 iu
730 1082 816 1150 dipito
834 1083 966 1136 annualem

167 1154 294 1208 sinedrae
311 1169 409 1207 monus
426 1169 549 1222 sponsae,
568 1153 705 1207 sacerdote
723 1153 844 1208 dicente:

167 1225 235 1352 Anin
252 1225 358 1279 nomine
376 1225 464 1280 Putris
482 1227 509 1294 †,
539 1231 567 1279 et
583 1224 661 1294 Filii,
689 1231 717 1279 et
735 1223 850 1293 Spiritus
874 1225 968 1294 suncti,

221 1310 262 1350 en.
586 1339 590 1350 ,

203 1367 273 1422 Mox
288 1366 448 1437 sedisseque:

208 1438 239 1493 V
259 1437 392 1494 Confirme
405 1439 464 1507 hoo,
478 1438 561 1506 Deus,
575 1436 647 1504 quod
662 1444 789 1506 operatus
804 1451 833 1492 es
842 1437 871 1492 in
880 1439 968 1508 nobis,

204 1509 241 1567 R.
257 1508 283 1564 A
300 1509 400 1577 templo
419 1516 512 1564 sancto
530 1515 586 1578 tuo,
612 1508 685 1576 quod
703 1509 790 1564 estin
807 1509 967 1564 Jerusalem.

204 1581 288 1651 Kyrie
313 1581 422 1637 eleison.
466 1580 570 1635 christe
596 1579 706 1637 eleison.
747 1579 830 1649 Kyrie
858 1579 969 1637 eleison.

169 1653 253 1708 Peter
269 1659 361 1708 noster
379 1659 430 1706 eto.

210 1725 241 1780 V.
259 1724 296 1779 Et
313 1738 348 1778 ne
365 1738 415 1778 nos
432 1721 543 1778 induces
560 1721 589 1776 in
606 1721 788 1791 tentationem,
808 1728 860 1778 ete.

211 1795 241 1849 V.
261 1795 355 1849 Selvos
373 1793 416 1848 fec
434 1807 527 1849 servos
545 1799 615 1862 tuos,

206 1866 242 1921 R.
260 1866 335 1920 Deus
352 1880 436 1932 meus,
455 1871 594 1932 sperantes
611 1864 640 1918 in
657 1870 693 1918 te.

211 1937 241 1991 V.
260 1937 338 1992 Mitte
357 1938 404 2005 eis,
423 1936 545 2004 Domine,
564 1935 691 1990 auxilium
709 1934 743 1990 de
761 1941 863 2006 sencio,

207 2007 297 2062 11111
316 2007 349 2062 de
368 2007 432 2062 Sion
449 2013 526 2062 tuere
545 2020 601 2061 eos.

211 2078 243 2134 V.
260 2079 327 2134 Esto
346 2079 394 2148 eis,
411 2078 534 2148 Domine,
552 2078 634 2133 turris
652 2075 825 2146 fortitudinis,

207 2149 242 2204 R.
260 2150 285 2203 A
303 2149 371 2204 fecie
389 2149 496 2205 inimici.
530 2191 535 2202 .

213 2220 245 2276 V.
262 2220 385 2290 Domine,
403 2219 501 2275 exaudi
519 2219 667 2275 orationem
684 2234 780 2290 meem,
799 2226 850 2275 ete.

211 2291 242 2345 V.
261 2292 391 2348 Dominus
408 2292 554 2361 vobiscum,
573 2299 624 2346 ete.

210 2361 329 2420 Oramus.
352 2363 476 2432 Respice,
500 2377 661 2430 quaesumus
678 2362 801 2432 Domine,
820 2376 904 2430 super
921 2362 974 2419 hoe

171 2431 285 2490 famulos
302 2441 373 2504 tuos,
401 2441 429 2488 et
446 2434 574 2490 institutis
592 2435 655 2504 tuis,
683 2433 780 2502 quibus
797 2434 973 2502 propagatio·

172 2520 233 2559 nem
250 2505 359 2560 humani
377 2506 483 2574 generis
501 2504 639 2576 ordinasti,
659 2505 788 2574 benignus
807 2505 913 2574 assiste,
942 2513 974 2560 ut

173 2576 219 2642 qui
236 2581 263 2630 te
282 2583 391 2631 auctore
408 2577 568 2646 iunguntur,
600 2583 627 2631 te
652 2577 797 2631 auxiliente
821 2582 973 2632 serventur.

172 2646 226 2700 Per
244 2647 378 2702 Christum
395 2647 539 2702 Dominum
556 2654 687 2706 nostrum.
723 2648 818 2702 Amen.

226 2753 274 2799 eie..
288 2751 344 2790 1111111
358 2751 439 2800 obstet,
453 2753 570 2801 quominus
585 2752 887 2794 benedlotionesennoiornm
901 2755 924 2792 st
937 2761 973 2791 re·

226 2814 300 2864 liques
313 2815 476 2857 benedictiones
490 2817 545 2857 deni
558 2819 582 2858 111
595 2818 705 2859 communi
717 2827 757 2868 per
770 2818 839 2860 verbo
851 2817 974 2869 arerem.

225 2879 256 2927 (ἃ
271 2880 293 2921 C.
308 2881 353 2932 lup.
368 2881 386 2925 1.
400 2881 455 2936 Sept.
471 2881 538 2930 1841.)
