2108 3226
117 199 122 207 =
161 175 201 218 136
356 179 482 220 Gratiarum
496 179 593 218 actiones
603 179 653 227 posi
667 177 764 216 Missam.

190 240 194 250 '
218 275 278 320 Basti
292 275 350 318 Petri
364 274 441 319 Caninii
455 275 546 318 famula
560 275 661 327 precandi
675 288 714 327 pro
728 288 753 318 aa
766 277 789 318 et
801 287 841 326 pro
854 274 908 318 aliis,

196 349 275 403 Exue
293 363 344 416 me,
363 349 486 417 Domine,
510 354 630 402 veterem
648 347 783 401 hominem
801 363 861 401 cum
879 346 961 402 affec·

160 420 233 475 tibus
252 427 279 474 et
296 420 512 474 inclinationibus
529 419 614 487 malis,
643 419 739 485 quibus
753 434 796 472 me
815 419 963 473 obnoxium

162 506 221 546 esse
239 491 319 545 nosti.
355 491 439 544 Indue
458 507 500 544 me
518 507 616 545 novum
633 490 776 557 hominem,
795 505 874 557 quem
891 491 963 544 haec

161 570 255 618 sancta
271 563 384 630 requirit
401 563 522 630 vocatio,
540 569 571 615 ut
589 561 622 614 de
641 561 684 614 die
702 562 730 614 in
748 561 818 614 diem
836 576 964 631 renovet,

162 650 222 688 cam
241 633 345 688 ardenti
372 633 514 701 desiderio,
544 633 676 687 constanti
700 632 787 686 studio
814 633 842 686 in
868 631 965 688 solidis

161 706 320 774 virtutibus,
344 719 413 770 quae
432 705 497 757 mihi
514 704 618 773 desunt,
637 699 801 771 proficiendi.
839 703 881 757 Ne
900 719 965 772 per·

161 777 251 831 mittas
270 791 320 844 me,
345 776 468 844 Domine,
492 776 610 843 graviter
635 782 662 828 et
678 774 828 842 periculose
853 775 965 845 tentari,

162 848 321 917 praesertim
340 847 410 900 circa
430 847 578 900 vocationis
601 846 722 914 gratiam.
758 846 802 900 Da
819 847 847 899 in
866 845 965 900 adver·
1049 835 1050 856 ³

163 920 200 973 sis
216 918 295 972 animi
309 917 492 972 fortitudinem
505 917 539 972 ad
553 916 731 972 resistendum
749 925 776 972 et
794 917 964 972 vincendum.

163 988 286 1044 Concede
304 991 522 1056 perseverantiae
547 989 660 1056 donum,
685 995 820 1056 utusque
839 988 874 1042 ad
891 1005 965 1043 mor·

162 1067 217 1115 tem
234 1060 283 1114 tibi
299 1059 387 1114 fidelis
406 1061 528 1114 existam.
561 1062 638 1128 Auge
652 1061 679 1112 in
697 1075 739 1112 me
758 1062 879 1127 gratiam,
897 1076 965 1128 pro·

161 1131 245 1185 missa
261 1138 326 1184 vota
342 1132 393 1184 rite
411 1132 574 1199 praestandi,
604 1138 636 1185 nt
652 1139 799 1198 paupertas
817 1147 879 1185 vere
899 1131 964 1185 sim-

160 1203 232 1271 plex,
252 1209 280 1256 et
298 1203 418 1270 angelica
436 1204 545 1257 castitas
562 1203 591 1255 in
608 1217 650 1256 me
669 1202 785 1270 vigeant,
804 1217 854 1256 nec
872 1203 964 1258 minus

160 1274 273 1328 interior
285 1289 364 1340 quam
378 1275 496 1328 exterior
509 1274 662 1329 obedientia
681 1288 723 1326 me
738 1280 824 1327 totum
838 1274 889 1328 sibi
902 1274 961 1327 vin-
1049 1275 1050 1292 ³

162 1343 240 1414 dicet,
258 1345 360 1412 tibique
379 1352 491 1413 gratum,
511 1345 646 1400 assiduum
671 1351 698 1398 et
715 1344 864 1412 perfectum
882 1359 964 1413 prae·
1049 1345 1050 1370 ³

163 1416 227 1470 beat
244 1416 437 1471 holocaustum.
474 1418 568 1470 Amen.

197 1487 327 1542 Miserere
343 1488 406 1557 mei,
424 1489 506 1542 Pater
522 1487 771 1555 misericordiarum,
796 1485 868 1554 quod
885 1492 961 1540 tuam

162 1573 243 1627 saepe
263 1559 418 1614 offenderim
436 1560 620 1628 maiestatem,
648 1559 701 1613 tuis
720 1559 807 1612 adhuc
824 1556 964 1612 beneficiis
1049 1555 1050 1592 ³

161 1631 290 1701 ingratus,
309 1632 337 1684 in
356 1646 437 1686 cursu
455 1647 531 1685 meac
550 1631 698 1684 vocationis
716 1629 832 1698 tepidus,
852 1629 963 1700 veriti·

162 1703 244 1757 moris
263 1710 290 1756 et
309 1703 406 1757 amoris
425 1718 531 1771 erpere,
555 1717 605 1756 nec
624 1701 760 1769 sollicitus,
786 1707 817 1753 nt
835 1699 870 1753 ad
888 1707 964 1754 tuam

162 1774 275 1842 gloriam
294 1781 321 1828 et
345 1789 432 1828 meam
450 1774 563 1828 salutem
582 1774 685 1828 sincere
712 1772 801 1826 omnia
818 1770 962 1825 conferam.

162 1844 277 1912 Aperlae
296 1845 360 1898 mihi
387 1845 486 1914 oculos,
516 1860 625 1913 quaeso,
655 1851 686 1897 ut
703 1843 816 1911 videam,
845 1850 873 1896 et
889 1843 965 1897 vires
1049 1841 1050 1846 ’

163 1930 271 1982 augeas,
300 1922 331 1968 ut
348 1917 457 1984 possim,
477 1916 651 1992 ,voluntatem
670 1915 748 1970 simul
774 1913 904 1981 impellas,
932 1920 964 1968 ut

163 1987 243 2040 velim
260 1987 289 2038 in
306 1987 351 2040 vla
368 1994 416 2040 tua
434 1994 462 2040 et
479 1988 619 2041 vocatione
633 2001 694 2040 mea
709 2000 869 2054 progressus
888 1983 963 2038 debi-

164 2063 207 2112 tos
225 2056 324 2126 iacere,
343 2065 424 2124 atque
439 2057 474 2112 ad
491 2059 658 2126 propositum
676 2058 740 2110 mihi
759 2072 870 2125 scopum
887 2062 965 2109 recta
1049 2115 1050 2118 Ἰ

164 2127 334 2197 contendere,
352 2130 476 2200 nimirum
494 2130 547 2185 mei
565 2129 650 2196 ipsius
669 2135 696 2182 et
713 2127 828 2196 proximi
847 2127 962 2181 sautem

163 2206 244 2266 atque
253 2199 444 2267 perfectionem
459 2215 565 2268 semper
575 2202 695 2268 impense
708 2197 886 2268 procurando.
900 2197 964 2251 Fiat

162 2271 191 2323 in
209 2285 251 2324 me
271 2278 298 2324 et
316 2270 349 2324 de
368 2286 410 2324 me
428 2272 587 2338 ubicumque
602 2286 703 2339 verser,
723 2278 750 2324 et
768 2267 897 2337 quidquid
914 2283 967 2336 pa·-

163 2341 235 2409 tiar,¹
250 2342 375 2397 voluntas
399 2350 447 2396 tua
469 2343 548 2411 bona,
576 2342 755 2410 beneplacens
783 2349 811 2394 et
833 2338 962 2408 perfecta.

164 2410 349 2466 Sanctificetur
366 2414 394 2466 in
411 2427 453 2467 me
471 2429 570 2468 nomen
587 2421 662 2467 taum
680 2420 808 2480 sanctum,
826 2420 857 2466 ut
874 2411 963 2465 bonae

163 2484 294 2538 maiorum
311 2499 431 2538 meorum
450 2485 644 2553 exspectationi
662 2483 832 2550 satisfaciam,
852 2498 883 2536 ac
900 2495 963 2550 par-

165 2555 252 2623 ticeps
270 2554 375 2608 demum
388 2553 450 2608 fiam
467 2557 598 2610 iustorum
612 2556 728 2609 omnium
745 2553 898 2608 incoelesti
915 2568 964 2621 pa·
1049 2559 1050 2566 ’

162 2626 216 2681 tria
240 2626 467 2694 triumphantium.
509 2628 563 2681 Per
588 2627 722 2681 Christum
749 2626 892 2679 Dominum
915 2639 964 2678 no·

163 2703 255 2752 strum.
291 2699 385 2751 Amen.
539 2701 542 2708 “

200 2768 331 2824 Miserere
349 2775 499 2823 nostrorum
519 2775 675 2837 parentum,
704 2783 735 2822 ac
759 2767 889 2821 maiorum
908 2781 964 2820 om·

164 2840 238 2894 nium
256 2841 442 2910 spiritualium.
478 2841 542 2909 Fac,
566 2840 689 2908 Domine,
713 2846 743 2894 nt
759 2839 799 2892 illi
815 2839 892 2892 iuxta
909 2838 964 2907 spi·
