2152 3234
313 184 347 225 n·
360 184 397 226 ss.
411 184 565 226 rhammus·
578 185 726 226 wamma.
835 163 846 180 ⁴
878 184 919 228 sot

156 289 198 342 10.
216 285 366 342 Praecedat
378 301 485 355 semper
498 286 646 356 acolythus,
659 287 704 342 vel
717 287 786 344 aiios
799 288 920 350 minister

116 357 243 414 deierans
260 357 392 412 laternam
418 357 508 427 (noctu
526 365 617 412 antem
641 358 694 413 hoc
720 358 920 415 Sacramentum

117 429 221 486 deierri
237 444 292 484 uon
305 428 393 497 debet,
412 429 463 483 nisi
476 429 624 484 necessitas
636 431 755 500 urgeat);
773 437 921 498 sequentur

119 501 172 556 duo
192 500 289 568 clerici,
307 501 351 554 vel
370 500 415 568 qui
432 499 538 554 illorum
552 501 624 555 vices
638 500 788 570 suppleant,
807 516 920 568 quorum

118 573 188 628 aiter
204 569 487 639 aquumbenedictam
505 587 565 626 cum
583 571 743 641 aspersorio,
768 579 796 627 et
812 571 920 628 bursam

117 660 179 698 cum
213 641 361 710 corporali,
396 641 469 709 quod
501 642 706 711 supponendum
733 643 785 698 erit
810 643 920 699 vasculo

118 713 278 772 sanctissimi
296 712 460 768 sacramenti
479 729 561 782 snper
578 729 671 769 mensa
687 715 716 768 in
741 713 862 769 cubiculo
880 715 919 768 in-

8 809 10 832 ι
117 785 195 855 firmi,
215 791 320 840 etcum
337 784 447 839 linteolo
465 784 648 852 purificatorio
662 785 697 840 ud
715 784 814 854 digitos
832 800 919 840 sacer-

115 857 190 913 dotis
208 854 409 924 abstergendos,
428 855 497 910 alter
513 856 609 912 librum
618 856 752 912 Ritualem
765 855 919 926 deieratet

115 926 543 1054 ssgfftggnfflgossufftessogltlrhesso
561 927 917 1054 ffirffltsfflffieffi

117 1077 228 1140 gestans
245 1069 381 1124 seratum
405 1077 466 1124 unte
484 1077 580 1138 pectus
598 1071 647 1126 sub
667 1071 797 1140 umbella3
826 1070 917 1126 dicens

117 1142 261 1209 Pramum,
279 1141 410 1194 Miserere
428 1148 486 1210 etc,
513 1148 541 1196 et
565 1142 632 1198 aiios
656 1142 778 1198 Psalmos
803 1149 831 1197 et
850 1141 918 1198 Can-

116 1214 179 1268 tica
189 1213 209 1282 ¹)
228 1211 307 1279 Quod
324 1211 348 1266 si
364 1211 470 1280 lougius
484 1219 531 1267 aut
544 1207 674 1268 difficilius
693 1214 746 1268 iter
767 1213 919 1268 obeundum

117 1285 161 1354 sit,
177 1291 205 1338 ct
217 1282 333 1340 fortasse
347 1283 428 1338 atium
444 1283 625 1352 equitandum,
631 1283 653 1352 2)
672 1299 782 1340 necesse
797 1285 848 1340 erit
860 1300 918 1354 ras,

114 1356 146 1410 iu
165 1369 219 1422 quo
237 1353 437 1409 Sacramentum
464 1353 591 1424 defertur,
617 1355 700 1410 burso
724 1355 850 1411 decenter
876 1372 918 1412 or-

116 1431 191 1494 nata,
215 1432 243 1479 et
260 1424 295 1480 ad
312 1425 409 1508 collum
426 1439 547 1493 appensa
574 1432 637 1509 apto
659 1426 803 1495 includere,
829 1433 856 1481 et
880 1427 919 1482 its

116 1495 918 1650 circuenses,coruscatione
940 1637 944 1644 Α

157 1641 199 1691 11.
225 1638 384 1708 Inpredtcns
407 1653 470 1692 cero
495 1639 591 1706 boum,
620 1639 669 1692 abi
691 1640 761 1693 iacet
784 1639 917 1706 infirmus,

117 1708 209 1794 oica:
224 1710 283 1766 Pax
300 1710 362 1764 huic
380 1707 478 1779 domui,
496 1709 531 1764 R.
551 1710 589 1764 Et
602 1709 723 1766 omnibus
735 1709 918 1766 habitantibus

115 1797 145 1836 ιιι
164 1795 205 1835 oa

156 1855 199 1908 12.
219 1852 287 1906 Tum
312 1851 463 1920 depositum
487 1851 691 1906 Sacramentum
713 1867 795 1920 secter
818 1865 919 1921 mensa,

115 1924 258 1994 apposito
276 1923 421 1991 corporali,
438 1924 595 1992 petanense
612 1923 720 1990 odorat,
747 1923 871 1977 omnebus
888 1924 919 1977 ic

115 2010 208 2065 poento
221 1993 466 2063 praescribentibus,
490 2000 516 2048 et
539 2010 602 2048 mom
626 1999 736 2063 acceptu
753 2010 827 2063 cotto
844 1994 919 2048 bette-

115 2066 202 2134 sit'ctu,
221 2066 339 2135 usperpit
356 2065 494 2131 infirmam
512 2071 537 2119 et
555 2066 714 2135 csbiwium,
733 2065 825 2120 &ocos
838 2065 919 2120 Attii·

110 2137 252 2208 phocam:
269 2136 405 2204 Aspcrges
419 2134 493 2206 moi)
512 2137 634 2206 Domine,
654 2137 780 2207 hyssopo,
799 2143 826 2191 et
843 2153 918 2190 mun-

132 2266 155 2321 ²)
170 2269 220 2309 Non
235 2272 269 2310 est
281 2268 432 2318 reprobandus
446 2268 564 2316 parochus,
578 2267 616 2317 qui
630 2268 699 2308 defert
713 2267 749 2308 ss.
761 2268 873 2308 Visticum
885 2267 919 2307 in·

173 2335 236 2374 iirmo
250 2334 305 2373 serie
319 2333 356 2375 VI.
370 2334 394 2372 in
407 2334 536 2382 Parascere,
549 2332 666 2372 dummodo
675 2332 762 2382 privato
770 2335 793 2372 et
802 2333 919 2380 submissa,

172 2401 271 2449 quinimo
285 2399 459 2440 submississims
471 2407 524 2437 voce
543 2397 622 2437 recitet
636 2398 736 2437 Psalmos
749 2401 866 2440 consuetos
879 2409 919 2448 per

171 2467 219 2506 rins
233 2467 345 2517 publicas,
366 2464 453 2505 stiemci
472 2465 530 2504 hicet
544 2464 618 2504 Gloria
631 2465 691 2504 Patri
705 2467 757 2513 stc,
779 2468 801 2504 st
814 2465 919 2515 populum

172 2531 221 2570 sine
234 2531 385 2572 benedictione
399 2529 504 2578 dimittat,
517 2529 570 2578 quis
584 2529 621 2579 (eu
632 2529 676 2580 die)
689 2530 713 2569 in
726 2529 815 2579 publice
828 2531 920 2571 ecclesie

172 2595 207 2640 88,
215 2596 380 2636 Sacramentum
388 2605 433 2635 non
442 2594 508 2634 debet
517 2595 612 2634 recondi.
627 2595 661 2642 (fl.
672 2596 698 2639 B.
708 2595 730 2638 0.
741 2582 773 2636 18.
783 2596 840 2636 Maii
849 2594 920 2645 rut.)

130 2659 154 2714 ἱ)
169 2661 280 2701 viaticum
294 2663 322 2701 oh
335 2661 435 2701 iocorum
448 2659 583 2708 muntem.
597 2659 749 2700 difficultatem
758 2660 862 2702 itinerum
875 2663 916 2703 etc.

171 2729 198 2766 nt
211 2737 226 2765 ι
238 2728 335 2777 parocho
349 2725 431 2768 deterri
439 2725 510 2774 possit
519 2725 645 2774 equitando.
655 2725 676 2767 Β.
685 2726 711 2769 Β.
720 2725 743 2765 G.
752 2724 791 2769 28.
799 2727 848 2769 ὅσα
858 2724 919 2768 neo.

171 2792 262 2832 induim
275 2793 338 2833 inxts
351 2795 427 2833 tumen
440 2792 557 2832 arbitrium
573 2791 683 2842 episcopi

130 2856 242 2910 ⁸)1itism
255 2858 355 2909 tempore
368 2855 475 2910 psscbaii.
496 2856 526 2905 (Β.
541 2857 566 2900 Β.
582 2856 603 2900 0,
618 2855 648 2895 11.
663 2856 723 2896 Febr.
738 2854 809 2908 1702.)
