2130 3242
148 161 192 205 38⁰
328 165 360 205 Da
375 165 569 206 incrementorum
582 163 780 206 administratione.

376 265 551 317 monosemi
566 264 735 317 namtarum)

170 334 540 408 LSa'cerdos:Quidpe·
602 336 958 406 iitiritetziistbegeirp

150 411 190 466 fis
205 410 240 463 ab
259 409 372 465 ecclesia
388 409 462 464 Dei?
566 411 599 465 tu
616 421 665 464 toa
683 412 723 464 tet
744 409 826 479 stistte
844 407 958 465 Derai?

169 482 352 536 Petrinus:
371 481 475 535 Fidem.
601 481 713 549 iistis:
733 477 939 536 sennanim.

170 550 541 622 Sace-rdos:Fidcs‚quid
602 551 753 619 Dtieitet:
781 551 861 620 itione
893 555 959 618 editt

150 624 200 678 tibi
217 625 356 692 praestat?
567 621 604 677 tit
622 621 663 677 te't
681 621 801 678 Diouis?
841 657 843 662 ,

167 695 354 754 Petrinus:
377 694 472 750 Vitam
495 709 542 748 ae·
603 693 719 762 Datis:
735 692 958 764 ssumcttigeaia·

85 781 87 786 ·
149 772 262 821 ternam.
567 763 622 820 bea.

188 853 215 907 2.
234 848 374 904 Sacerdos.
394 848 423 902 Si
440 848 522 916 igitur
535 849 576 902 vis
595 847 629 902 sd
642 847 725 902 vitam
744 845 858 918 ingredi,
877 862 960 904 serva

153 919 296 975 mandata:
319 920 422 988 Diliges
447 919 591 974 Dominum
620 919 708 972 Deum
732 925 807 972 tuam
833 934 867 973 ex
894 926 956 974 toto

153 990 234 1046 corde
252 1000 308 1059 tuo,
327 1006 361 1045 ex
375 998 403 1046 et
419 997 478 1045 tota
496 991 584 1044 anima
601 996 655 1058 tua,
682 997 709 1044 et
737 1005 771 1044 ex
788 979 854 1045 tota(
865 998 956 1046 mente

61 1067 64 1073 '
150 1072 206 1130 tna,
225 1068 252 1116 et
270 1062 420 1130 proximum
436 1069 512 1116 tuum
530 1061 599 1116 sicat
615 1062 738 1130 teipsum.

188 1136 213 1186 8.
231 1133 339 1186 Deinde
355 1138 397 1187 ter
414 1133 536 1200 ecsrcfflet
553 1133 647 1186 leniter
664 1134 695 1186 ia
712 1133 818 1200 sociem
828 1131 956 1202 insontia,

151 1209 177 1260 et
195 1204 269 1258 diem
286 1205 378 1258 semel:

186 1275 240 1330 Exi
259 1275 293 1328 ab
312 1289 343 1329 eo
370 1275 419 1346 (oct
437 1275 477 1346 ab¹
490 1273 541 1344 ea),
565 1273 700 1328 immunde
724 1273 841 1343 spiritus,
867 1278 907 1330 et'·
919 1275 955 1330 da

151 1346 239 1400 locum
257 1346 368 1415 Spiritui
386 1353 478 1401 sancto
496 1346 639 1400 Paraeiito.

187 1419 214 1473 4.
233 1418 332 1472 Postea
345 1418 444 1486 pollice
459 1418 547 1484 foetet
571 1418 677 1486 emaum
704 1417 791 1470 mans
816 1417 847 1470 ic
862 1418 956 1485 fronte

152 1492 178 1543 et
194 1490 225 1542 ia
238 1495 348 1558 pectore
365 1489 488 1556 infectis,
508 1488 615 1542 dicens:

187 1559 288 1628 Accipe
306 1560 410 1628 signum
428 1560 513 1614 erucis
537 1565 592 1612 tam
616 1559 645 1613 in
667 1557 756 1613 fronte
774 1563 802 1627 †,
827 1575 907 1627 quam
925 1559 953 1613 in

152 1631 232 1686 eorde
252 1635 285 1700 †;
313 1645 387 1686 sume
412 1629 493 1684 fidem
517 1631 671 1685 coelestiam
690 1636 905 1699 praeceptorum,
925 1637 955 1685 et

152 1703 214 1758 triis
232 1710 290 1758 esto
309 1703 435 1771 moribus,
454 1709 485 1756 ut
500 1701 629 1770 templum
638 1701 690 1755 Dei
707 1702 760 1755 iam
779 1715 840 1755 esse
854 1702 953 1770 possis.

190 1773 309 1829 Oramus.
327 1775 427 1828 Preces
444 1779 559 1842 nostras,
578 1787 739 1840 quaesumus
756 1771 880 1841 Domine,
900 1773 953 1828 cle·

152 1853 256 1899 menter
273 1844 378 1914 exaudi,
397 1851 425 1898 et
441 1845 513 1898 hunc
530 1845 643 1898 electum
660 1852 734 1898 tuum
748 1843 782 1897 N.
797 1844 883 1898 crucis
897 1845 954 1899 Do·

153 1916 266 1970 minicae
284 1915 459 1984 impressione
478 1916 610 1983 signatum
634 1922 766 1983 perpetua
790 1915 889 1969 virtute
908 1931 953 1970 cu·

153 1986 240 2054 stodi3
258 1993 289 2040 ut
306 1987 494 2055 magnitudinis
513 1987 615 2054 gloriae
639 1993 702 2040 tuae
727 1985 879 2040 rudimenta·
897 2001 953 2041 ser·

153 2073 228 2125 rans,
246 2071 296 2124 per
314 2057 461 2112 custodiam
485 2056 670 2112 mandatorum
697 2063 804 2110 tuorum
824 2056 858 2111 ad
875 2071 953 2126 rege·

152 2129 299 2182 nerationis
324 2129 435 2196 gloriam
458 2129 606 2197 pervenire
624 2133 768 2184 mereatur.
803 2128 859 2182 Per
876 2129 952 2182 chri·

153 2205 222 2254 stum
240 2199 383 2254 Dominum
400 2207 529 2254 nostrum.
566 2199 600 2254 R.
619 2201 724 2253 Amen.¹

188 2272 223 2394 ὅἐζ
232 2270 340 2324 Deinde
356 2271 478 2340 imponat
503 2285 614 2325 amcam
638 2285 719 2340 super
736 2275 820 2340 capaci
836 2270 955 2338 infantis

152 2355 186 2394 ete
222 2341 292 2394 icat:

191 2409 309 2466 oremus.
328 2411 503 2481 Omnipotens
521 2411 683 2480 sempiterne
701 2413 784 2481 Deus,
802 2412 885 2468 Pater
898 2413 954 2467 Do·

151 2481 216 2536 mini
238 2483 324 2538 nostri
347 2483 414 2539 Jesu
439 2484 546 2554 Christi,
573 2484 708 2552 respicere
734 2483 844 2552 dignare
870 2499 964 2586 snper‘

169 2639 191 2693 ¹)
206 2641 345 2685 Verbotenus
360 2657 386 2685 ex
395 2646 479 2686 Rituali
488 2646 597 2694 Romano,
613 2647 671 2696 qaod
684 2648 707 2686 in
716 2645 908 2686 administratione
917 2645 955 2689 88.

207 2705 399 2750 Sacramentnrnm
413 2710 599 2760 admiserimus,
614 2713 633 2756 s,
649 2714 674 2755 it.
689 2713 711 2754 0.
727 2711 764 2756 22.
779 2711 836 2752 Mais·
849 2711 908 2758 18⁴1,
918 2711 954 2752 ds·

206 2772 313 2824 claravit3
327 2775 414 2814 adiecta
424 2777 511 2814 ustam
520 2779 554 2816 ssi
563 2777 635 2816 versio
646 2778 781 2827 germanica,
797 2778 836 2817 abi
850 2788 878 2817 ox
888 2777 955 2817 diens

205 2838 229 2877 in
244 2842 298 2878 nota
311 2837 330 2882 l.
344 2849 396 2888 pag.
409 2836 457 2883 868.
471 2850 525 2888 opas
536 2851 583 2882 esse
597 2841 718 2883 ridebatur.
