2106 3228
395 170 467 210 Index
479 173 581 220 cupitum.
822 171 888 266 XPVII

123 269 163 326 v1.
179 271 220 329 De
237 273 324 330 Misso
342 275 495 332 Pontificuli
519 277 645 348 solemni,
671 284 815 348 prosecuto
851 237 885 278 ’τ’

179 343 224 398 SS.
244 345 420 403 Sacramento
434 388 452 414 Δ.
480 407 483 412 ,
489 388 813 406 ........
833 352 884 406 361

109 411 161 471 VII.
177 415 218 470 De
235 417 336 489 Misso,
363 433 433 488 quse
453 419 509 474 sine
527 428 607 476 contu
624 420 659 474 ub
676 421 814 490 Episcopo

177 487 326 544 celebratur
350 530 813 548 ...........
832 494 883 548 361

98 553 160 615 VIII.
175 558 217 614 De
234 561 321 616 Misso
339 561 462 630 solemni,
481 576 551 629 quoe
568 577 659 618 corum
676 563 813 632 Episcopo

174 630 325 686 celebratur
343 639 422 698 extro
441 633 579 688 ecclesium
598 633 779 690 cathedralem
804 673 812 689 .
832 635 884 688 362

165 749 191 800 ll.
209 749 249 794 ot
269 750 315 794 88.
336 751 649 796 sscnsmturonum
663 751 809 816 ἈΒΜΙΝΙ-

390 817 585 862 ΘΤΒΑΤΙΟΝΕ.

97 878 134 935 Do
149 882 188 952 iis,
207 899 277 952 quoe
295 885 324 938 in
339 885 572 941 Somomentomm
585 885 812 942 administratione

124 956 281 1021 generaliter
299 957 434 1012 servando
452 965 514 1013 suut
531 997 811 1015 ........
831 958 884 1011 366

95 1033 130 1090 llo
146 1037 330 1095 sacramento
346 1041 478 1110 Baptismi
499 1042 553 1096 cite
566 1041 810 1097 administrando.
830 1041 882 1097 369

93 1103 158 1163 Ordo
174 1109 307 1179 Baptismi
326 1111 499 1178 parvulorum
531 1151 810 1168 .......
830 1113 884 1164 380

93 1175 158 1234 Ordo
175 1181 320 1250 supplendi
339 1181 437 1238 omisso
454 1198 536 1252 super
552 1183 718 1254 baptizatum
756 1222 764 1239 .
802 1222 810 1238 .
829 1183 882 1238 337

92 1247 129 1304 De
144 1251 283 1308 iteratione
304 1253 435 1321 Baptismi
485 1292 810 1311 ........
830 1254 883 1307 389

93 1333 128 1388 οο
143 1335 326 1394 sacramento
346 1337 536 1392 Poenltentios
576 1377 810 1394 ......
830 1337 883 1390 992

120 1404 139 1462 L
155 1406 432 1462 mensotis-Rituslis
449 1408 562 1463 Romani
620 1446 810 1464 .....
830 1409 883 1461 392

108 1475 138 1530 ll
153 1475 257 1604 nigritie
282 1495 335 1548 pro
367 1478 537 1535 confessarii·
561 1494 595 1535 ex
612 1481 694 1535 vsriis
719 1484 810 1534 aucto·
829 1551 882 1602 397

154 1565 177 1602 n
194 1565 227 1604 us
252 1589 808 1607 .............

94 1615 135 1673 ΙΠ.
154 1619 252 1676 Variae
280 1620 470 1676 instructiones
495 1636 529 1675 cx
552 1621 690 1690 theologis
715 1620 810 1676 meruli
828 1621 883 1675 406

125 1689 147 1759 1)
163 1690 205 1746 De
222 1690 305 1746 modo
317 1692 499 1760 poenitentem
516 1693 633 1760 practice
651 1691 811 1760 disponendi

188 1762 223 1817 ud
243 1761 364 1818 dolorem
382 1762 415 1817 de
433 1764 550 1831 peccatis
577 1802 809 1821 ......
827 1763 882 1818 406

122 1831 146 1902 2)
163 1831 204 1888 De
217 1833 389 1888 absolutionc
403 1833 499 1904 duplic,
518 1833 673 1902 differendo,
686 1832 810 1902 neganda
827 1835 882 1886 410

122 1903 146 1972 3)
163 1903 204 1960 De
221 1903 304 1959 modo
323 1904 420 1974 egendi
445 1922 505 1960 cum
524 1905 763 1961 consuetudinariis
782 1912 810 1960 et

186 1975 313 2031 recidivis
348 2016 808 2034 ...........
827 1975 881 2030 413

122 2044 146 2114 4)
162 2045 203 2101 De
220 2045 301 2101 modo
317 2046 414 2115 egendi
432 2063 492 2101 cum
504 2047 547 2116 iis,
566 2047 611 2114 qui
622 2054 765 2104 verssntur
781 2047 810 2102 in

188 2118 330 2173 occasione
347 2118 471 2186 proximu
488 2121 592 2186 peccati
619 2160 627 2176 .
665 2160 672 2175 .
709 2159 717 2176 .
755 2159 763 2173 .
801 2119 881 2174 :418

123 2186 146 2255 5)
163 2187 234 2257 Quid
250 2189 387 2244 incumbat
404 2189 567 2245 confessario
586 2205 686 2260 eorum,
710 2190 756 2258 qui
774 2189 810 2244 od

188 2259 386 2315 restitutionem
404 2268 467 2316 sunt
484 2259 594 2329 obligati
618 2301 809 2318 .....
827 2261 881 2312 422

124 2329 147 2398 6)
165 2330 208 2386 Do
226 2330 306 2386 modo
325 2331 501 2400 egendicum
519 2333 682 2400 scrupulosis
711 2373 718 2388 .
756 2372 764 2388 .
802 2331 882 2387 .425

124 2401 149 2466 7)
165 2402 207 2456 Do
225 2401 306 2456 modo
325 2402 422 2470 agendi
440 2418 500 2458 cum
517 2404 732 2472 nupturientibus
757 2443 765 2458 .
803 2443 810 2459 .
829 2402 882 2454 427

125 2471 149 2538 9)
165 2472 208 2528 De
222 2472 422 2542 dispensatione
433 2481 460 2528 et
470 2476 674 2530 commutatione
687 2481 812 2530 votorum
829 2473 883 2528 432

124 2541 149 2612 9)
166 2544 208 2599 De
236 2543 409 2628 iocultutibus
431 2552 551 2628 tempore
576 2546 685 2601 iubilsei
709 2544 812 2600 confes·

111 2683 150 2754 10)
167 2614 546 2742 3999669749·
577 2655 590 2743 .·
623 2657 634 2744 .·
669 2657 679 2744 :
714 2657 725 2742 :
759 2656 768 2742 :
805 2614 885 2742 :tt

166 2756 303 2813 Elenchus
322 2773 432 2812 ossuum
448 2765 677 2814 reservatorum.
715 2797 723 2813 .
760 2797 769 2813 .
806 2754 886 2811 .455

123 2854 127 2869 x
244 2828 323 2884 Bulla
340 2829 514 2896 Apostolicae
532 2829 611 2884 Sedis
668 2867 677 2884 .
715 2867 722 2882 .
760 2865 769 2882 .
806 2823 886 2879 ,465
