<?xml version="1.0" encoding="UTF-8"?>
<!DOCTYPE html PUBLIC "-//W3C//DTD XHTML 1.0 Transitional//EN"
    "http://www.w3.org/TR/xhtml1/DTD/xhtml1-transitional.dtd">
<html xmlns="http://www.w3.org/1999/xhtml" xml:lang="en" lang="en">
 <head>
  <title>
</title>
<meta http-equiv="Content-Type" content="text/html;charset=utf-8" />
  <meta name='ocr-system' content='tesseract 3.04.00' />
  <meta name='ocr-capabilities' content='ocr_page ocr_carea ocr_par ocr_line ocrx_word'/>
</head>
<body>
  <div class='ocr_page' id='page_1' title='image "./manualesacerdot00schngoog_0427.png"; bbox 0 0 2130 3242; ppageno 0'>
   <div class='ocr_carea' id='block_1_1' title="bbox 319 156 896 202">
    <p class='ocr_par' dir='ltr' id='par_1_1' title="bbox 319 156 896 202">
     <span class='ocr_line' id='line_1_1' title="bbox 319 156 896 202; baseline 0.007 -4"><span class='ocrx_word' id='word_1_1' title='bbox 319 157 351 198; x_wconf 78' lang='lat' dir='ltr'><strong>lle</strong></span> <span class='ocrx_word' id='word_1_2' title='bbox 364 157 506 200; x_wconf 72' lang='lat' dir='ltr'><strong>sacramento</strong></span> <span class='ocrx_word' id='word_1_3' title='bbox 520 156 676 198; x_wconf 79' lang='lat' dir='ltr'><strong>Pecultentice.</strong></span> <span class='ocrx_word' id='word_1_4' title='bbox 854 157 896 202; x_wconf 68' lang='grc' dir='ltr'><strong>3θῖ</strong></span> 
     </span>
    </p>
   </div>
   <div class='ocr_carea' id='block_1_2' title="bbox 88 257 895 404">
    <p class='ocr_par' dir='ltr' id='par_1_2' title="bbox 88 257 895 404">
     <span class='ocr_line' id='line_1_2' title="bbox 129 257 891 330; baseline 0.008 -18"><span class='ocrx_word' id='word_1_5' title='bbox 129 261 175 314; x_wconf 82' lang='grc'><strong>24.</strong></span> <span class='ocrx_word' id='word_1_6' title='bbox 195 257 298 326; x_wconf 77' lang='lat' dir='ltr'><strong>Quodsi</strong></span> <span class='ocrx_word' id='word_1_7' title='bbox 310 258 578 326; x_wconf 73' lang='lat' dir='ltr'><strong>intermittendum,</strong></span> <span class='ocrx_word' id='word_1_8' title='bbox 597 259 641 316; x_wconf 87' lang='lat' dir='ltr'><strong>vel</strong></span> <span class='ocrx_word' id='word_1_9' title='bbox 654 260 735 316; x_wconf 81' lang='lat' dir='ltr'><strong>etism</strong></span> <span class='ocrx_word' id='word_1_10' title='bbox 748 267 891 330; x_wconf 84' lang='lat' dir='ltr'><strong>antequam</strong></span> 
     </span>
     <span class='ocr_line' id='line_1_3' title="bbox 88 329 895 404; baseline 0.006 -20"><span class='ocrx_word' id='word_1_11' title='bbox 88 329 207 398; x_wconf 74' lang='lat' dir='ltr'><strong>incipiat</strong></span> <span class='ocrx_word' id='word_1_12' title='bbox 224 329 360 400; x_wconf 85' lang='lat' dir='ltr'><strong>confiteri,</strong></span> <span class='ocrx_word' id='word_1_13' title='bbox 385 347 439 387; x_wconf 83' lang='lat' dir='ltr'><strong>vox</strong></span> <span class='ocrx_word' id='word_1_14' title='bbox 464 339 491 398; x_wconf 80' lang='lat' dir='ltr'><strong>et</strong></span> <span class='ocrx_word' id='word_1_15' title='bbox 514 331 623 398; x_wconf 90' lang='lat' dir='ltr'><strong>loquela</strong></span> <span class='ocrx_word' id='word_1_16' title='bbox 645 346 754 399; x_wconf 85' lang='lat' dir='ltr'><strong>aegrum</strong></span> <span class='ocrx_word' id='word_1_17' title='bbox 781 331 895 404; x_wconf 86' lang='lat' dir='ltr'><strong>deficiat,</strong></span> 
     </span>
    </p>
   </div>
   <div class='ocr_carea' id='block_1_3' title="bbox 83 400 926 1240">
    <p class='ocr_par' dir='ltr' id='par_1_3' title="bbox 89 400 897 754">
     <span class='ocr_line' id='line_1_4' title="bbox 90 400 897 532; baseline 0.005 -78"><span class='ocrx_word' id='word_1_18' title='bbox 90 400 205 456; x_wconf 88' lang='lat' dir='ltr'><strong>nutibus</strong></span> <span class='ocrx_word' id='word_1_19' title='bbox 230 407 260 456; x_wconf 87' lang='lat' dir='ltr'><strong>et</strong></span> <span class='ocrx_word' id='word_1_20' title='bbox 278 401 359 469; x_wconf 84' lang='lat' dir='ltr'><strong>signis</strong></span> <span class='ocrx_word' id='word_1_21' title='bbox 378 409 502 471; x_wconf 86' lang='lat' dir='ltr'><strong>conetur,</strong></span> <span class='ocrx_word' id='word_1_22' title='bbox 528 401 618 470; x_wconf 88' lang='lat' dir='ltr'><strong>quoad</strong></span> <span class='ocrx_word' id='word_1_23' title='bbox 636 403 693 456; x_wconf 90' lang='lat' dir='ltr'><strong>eius</strong></span> <span class='ocrx_word' id='word_1_24' title='bbox 711 401 770 458; x_wconf 88' lang='lat' dir='ltr'><strong>fieri</strong></span> <span class='ocrx_word' id='word_1_25' title='bbox 787 405 897 532; x_wconf 76' lang='lat' dir='ltr'><strong>poteritl</strong></span> 
     </span>
     <span class='ocr_line' id='line_1_5' title="bbox 89 473 885 543; baseline 0.008 -17"><span class='ocrx_word' id='word_1_26' title='bbox 89 479 209 540; x_wconf 85' lang='lat' dir='ltr'><strong>peccata</strong></span> <span class='ocrx_word' id='word_1_27' title='bbox 222 473 384 540; x_wconf 86' lang='lat' dir='ltr'><strong>poenitentis</strong></span> <span class='ocrx_word' id='word_1_28' title='bbox 397 488 575 542; x_wconf 86' lang='lat' dir='ltr'><strong>cognoscere;</strong></span> <span class='ocrx_word' id='word_1_29' title='bbox 590 474 686 541; x_wconf 87' lang='lat' dir='ltr'><strong>quibus</strong></span> <span class='ocrx_word' id='word_1_30' title='bbox 700 481 841 543; x_wconf 88' lang='lat' dir='ltr'><strong>utcumque</strong></span> <span class='ocrx_word' id='word_1_31' title='bbox 852 490 885 532; x_wconf 84' lang='lat' dir='ltr'><strong>ve</strong></span> 
     </span>
     <span class='ocr_line' id='line_1_6' title="bbox 90 544 895 614; baseline 0.006 -18"><span class='ocrx_word' id='word_1_32' title='bbox 90 544 121 596; x_wconf 92' lang='lat' dir='ltr'><strong>in</strong></span> <span class='ocrx_word' id='word_1_33' title='bbox 136 558 247 612; x_wconf 80' lang='lat' dir='ltr'>genere,</span> <span class='ocrx_word' id='word_1_34' title='bbox 265 544 310 597; x_wconf 86' lang='lat' dir='ltr'><strong>vel</strong></span> <span class='ocrx_word' id='word_1_35' title='bbox 326 545 355 600; x_wconf 89' lang='lat' dir='ltr'><strong>in</strong></span> <span class='ocrx_word' id='word_1_36' title='bbox 373 547 462 612; x_wconf 83' lang='lat' dir='ltr'><strong>specie</strong></span> <span class='ocrx_word' id='word_1_37' title='bbox 481 545 601 614; x_wconf 87' lang='lat' dir='ltr'><strong>cognitis,</strong></span> <span class='ocrx_word' id='word_1_38' title='bbox 620 545 664 598; x_wconf 83' lang='lat' dir='ltr'><strong>vel</strong></span> <span class='ocrx_word' id='word_1_39' title='bbox 682 546 763 600; x_wconf 88' lang='lat' dir='ltr'><strong>etiam</strong></span> <span class='ocrx_word' id='word_1_40' title='bbox 776 546 800 600; x_wconf 88' lang='lat' dir='ltr'><strong>si</strong></span> <span class='ocrx_word' id='word_1_41' title='bbox 813 545 895 601; x_wconf 90' lang='lat' dir='ltr'><strong>confi·</strong></span> 
     </span>
     <span class='ocr_line' id='line_1_7' title="bbox 89 613 894 686; baseline 0.007 -18"><span class='ocrx_word' id='word_1_42' title='bbox 89 613 170 668; x_wconf 87' lang='lat' dir='ltr'><strong>tendi</strong></span> <span class='ocrx_word' id='word_1_43' title='bbox 185 613 349 670; x_wconf 88' lang='lat' dir='ltr'><strong>desiderium</strong></span> <span class='ocrx_word' id='word_1_44' title='bbox 362 617 418 672; x_wconf 86' lang='lat' dir='ltr'><strong>sive</strong></span> <span class='ocrx_word' id='word_1_45' title='bbox 436 631 486 686; x_wconf 88' lang='lat' dir='ltr'><strong>per</strong></span> <span class='ocrx_word' id='word_1_46' title='bbox 500 631 538 685; x_wconf 88' lang='lat' dir='ltr'><strong>se,</strong></span> <span class='ocrx_word' id='word_1_47' title='bbox 557 616 614 672; x_wconf 86' lang='lat' dir='ltr'><strong>sive</strong></span> <span class='ocrx_word' id='word_1_48' title='bbox 627 632 676 684; x_wconf 87' lang='lat' dir='ltr'><strong>per</strong></span> <span class='ocrx_word' id='word_1_49' title='bbox 690 617 757 672; x_wconf 88' lang='lat' dir='ltr'><strong>alios</strong></span> <span class='ocrx_word' id='word_1_50' title='bbox 772 616 894 674; x_wconf 87' lang='lat' dir='ltr'><strong>ostende·</strong></span> 
     </span>
     <span class='ocr_line' id='line_1_8' title="bbox 90 685 407 754; baseline 0.009 -15"><span class='ocrx_word' id='word_1_51' title='bbox 90 685 138 754; x_wconf 65' lang='lat' dir='ltr'><strong>rit,</strong></span> <span class='ocrx_word' id='word_1_52' title='bbox 158 685 339 740; x_wconf 82' lang='lat' dir='ltr'><strong>absolvendus</strong></span> <span class='ocrx_word' id='word_1_53' title='bbox 358 694 407 743; x_wconf 89' lang='lat' dir='ltr'><strong>est.</strong></span> 
     </span>
    </p>

    <p class='ocr_par' dir='ltr' id='par_1_4' title="bbox 83 757 926 1240">
     <span class='ocr_line' id='line_1_9' title="bbox 131 757 895 827; baseline 0.005 -17"><span class='ocrx_word' id='word_1_54' title='bbox 131 759 176 812; x_wconf 81' lang='lat'><strong>25.</strong></span> <span class='ocrx_word' id='word_1_55' title='bbox 195 757 348 812; x_wconf 84' lang='lat' dir='ltr'><strong>Meminerit</strong></span> <span class='ocrx_word' id='word_1_56' title='bbox 370 773 452 826; x_wconf 90' lang='lat' dir='ltr'><strong>porro</strong></span> <span class='ocrx_word' id='word_1_57' title='bbox 472 758 612 827; x_wconf 74' lang='lat' dir='ltr'>sacerdos,</span> <span class='ocrx_word' id='word_1_58' title='bbox 645 758 732 826; x_wconf 81' lang='lat' dir='ltr'><strong>aegris</strong></span> <span class='ocrx_word' id='word_1_59' title='bbox 756 774 811 814; x_wconf 88' lang='lat' dir='ltr'><strong>non</strong></span> <span class='ocrx_word' id='word_1_60' title='bbox 835 773 895 814; x_wconf 91' lang='lat' dir='ltr'><strong>esse</strong></span> 
     </span>
     <span class='ocr_line' id='line_1_10' title="bbox 91 827 895 900; baseline 0.004 -19"><span class='ocrx_word' id='word_1_61' title='bbox 91 827 287 895; x_wconf 88' lang='lat' dir='ltr'><strong>iniungendum</strong></span> <span class='ocrx_word' id='word_1_62' title='bbox 304 844 412 896; x_wconf 85' lang='lat' dir='ltr'><strong>gravem</strong></span> <span class='ocrx_word' id='word_1_63' title='bbox 430 837 477 884; x_wconf 88' lang='lat' dir='ltr'><strong>aut</strong></span> <span class='ocrx_word' id='word_1_64' title='bbox 499 830 661 886; x_wconf 77' lang='lat' dir='ltr'><strong>laboriosam</strong></span> <span class='ocrx_word' id='word_1_65' title='bbox 688 830 895 900; x_wconf 69' lang='lat' dir='ltr'><strong>poenitentiam</strong></span> 
     </span>
     <span class='ocr_line' id='line_1_11' title="bbox 91 898 895 972; baseline 0.002 -18"><span class='ocrx_word' id='word_1_66' title='bbox 91 898 144 954; x_wconf 90' lang='lat' dir='ltr'><strong>sed</strong></span> <span class='ocrx_word' id='word_1_67' title='bbox 162 899 332 956; x_wconf 87' lang='lat' dir='ltr'><strong>indicendam</strong></span> <span class='ocrx_word' id='word_1_68' title='bbox 345 902 541 969; x_wconf 74' lang='lat' dir='ltr'><strong>antoninam,</strong></span> <span class='ocrx_word' id='word_1_69' title='bbox 560 917 647 970; x_wconf 87' lang='lat' dir='ltr'><strong>quam,</strong></span> <span class='ocrx_word' id='word_1_70' title='bbox 666 902 689 956; x_wconf 90' lang='lat' dir='ltr'><strong>si</strong></span> <span class='ocrx_word' id='word_1_71' title='bbox 703 901 895 972; x_wconf 86' lang='lat' dir='ltr'><strong>convaluerint,</strong></span> 
     </span>
     <span class='ocr_line' id='line_1_12' title="bbox 92 973 895 1042; baseline 0.005 -18"><span class='ocrx_word' id='word_1_72' title='bbox 92 977 249 1038; x_wconf 90' lang='lat' dir='ltr'><strong>opportuno</strong></span> <span class='ocrx_word' id='word_1_73' title='bbox 268 978 390 1038; x_wconf 89' lang='lat' dir='ltr'><strong>tempore</strong></span> <span class='ocrx_word' id='word_1_74' title='bbox 407 979 546 1040; x_wconf 83' lang='lat' dir='ltr'><strong>peragant.</strong></span> <span class='ocrx_word' id='word_1_75' title='bbox 571 973 681 1028; x_wconf 89' lang='lat' dir='ltr'><strong>Interim</strong></span> <span class='ocrx_word' id='word_1_76' title='bbox 692 973 768 1028; x_wconf 81' lang='lat' dir='ltr'><strong>iusta</strong></span> <span class='ocrx_word' id='word_1_77' title='bbox 779 973 895 1042; x_wconf 80' lang='lat' dir='ltr'><strong>gravita-</strong></span> 
     </span>
     <span class='ocr_line' id='line_1_13' title="bbox 91 1041 926 1122; baseline 0.005 -26"><span class='ocrx_word' id='word_1_78' title='bbox 91 1048 149 1096; x_wconf 84' lang='lat' dir='ltr'><strong>tem</strong></span> <span class='ocrx_word' id='word_1_79' title='bbox 168 1041 270 1110; x_wconf 84' lang='lat' dir='ltr'><strong>morbi,</strong></span> <span class='ocrx_word' id='word_1_80' title='bbox 294 1043 384 1109; x_wconf 85' lang='lat' dir='ltr'><strong>abqua</strong></span> <span class='ocrx_word' id='word_1_81' title='bbox 402 1044 539 1122; x_wconf 79' lang='lat' dir='ltr'><strong>oratione,</strong></span> <span class='ocrx_word' id='word_1_82' title='bbox 565 1051 611 1098; x_wconf 88' lang='lat' dir='ltr'><strong>aut</strong></span> <span class='ocrx_word' id='word_1_83' title='bbox 633 1043 687 1098; x_wconf 81' lang='lat' dir='ltr'><strong>levi</strong></span> <span class='ocrx_word' id='word_1_84' title='bbox 712 1043 894 1100; x_wconf 78' lang='lat' dir='ltr'><strong>satisfactione</strong></span> <span class='ocrx_word' id='word_1_85' title='bbox 924 1041 926 1046; x_wconf 76' lang='grc'>’</span> 
     </span>
     <span class='ocr_line' id='line_1_14' title="bbox 90 1113 894 1238; baseline 0.005 -70"><span class='ocrx_word' id='word_1_86' title='bbox 90 1113 223 1238; x_wconf 56' lang='lat' dir='ltr'><strong>ifnlrposita</strong></span> <span class='ocrx_word' id='word_1_87' title='bbox 260 1122 287 1168; x_wconf 87' lang='lat' dir='ltr'><strong>et</strong></span> <span class='ocrx_word' id='word_1_88' title='bbox 318 1122 458 1182; x_wconf 88' lang='lat' dir='ltr'><strong>aceaptata</strong></span> <span class='ocrx_word' id='word_1_89' title='bbox 489 1115 676 1185; x_wconf 86' lang='lat' dir='ltr'><strong>absolvantur,</strong></span> <span class='ocrx_word' id='word_1_90' title='bbox 712 1123 793 1184; x_wconf 86' lang='lat' dir='ltr'><strong>prout</strong></span> <span class='ocrx_word' id='word_1_91' title='bbox 825 1131 894 1186; x_wconf 90' lang='lat' dir='ltr'><strong>opus</strong></span> 
     </span>
     <span class='ocr_line' id='line_1_15' title="bbox 83 1184 185 1240; baseline -0.029 -1"><span class='ocrx_word' id='word_1_92' title='bbox 83 1221 86 1232; x_wconf 84' lang='lat'><em>·</em></span> <span class='ocrx_word' id='word_1_93' title='bbox 123 1184 185 1240; x_wconf 84' lang='lat' dir='ltr'><strong>erit.</strong></span> 
     </span>
    </p>
   </div>
   <div class='ocr_carea' id='block_1_4' title="bbox 133 1309 849 1369">
    <p class='ocr_par' dir='ltr' id='par_1_5' title="bbox 133 1309 849 1369">
     <span class='ocr_line' id='line_1_16' title="bbox 133 1309 849 1369; baseline 0.006 -11"><span class='ocrx_word' id='word_1_94' title='bbox 133 1309 168 1359; x_wconf 93' lang='grc' dir='ltr'><strong>Π.</strong></span> <span class='ocrx_word' id='word_1_95' title='bbox 188 1313 287 1358; x_wconf 75' lang='lat' dir='ltr'><strong>diociis.</strong></span> <span class='ocrx_word' id='word_1_96' title='bbox 300 1326 349 1369; x_wconf 90' lang='lat' dir='ltr'><strong>pro</strong></span> <span class='ocrx_word' id='word_1_97' title='bbox 363 1313 531 1360; x_wconf 79' lang='lat' dir='ltr'><strong>confessariis</strong></span> <span class='ocrx_word' id='word_1_98' title='bbox 545 1327 577 1360; x_wconf 86' lang='lat' dir='ltr'><strong>ex</strong></span> <span class='ocrx_word' id='word_1_99' title='bbox 590 1315 673 1362; x_wconf 85' lang='lat' dir='ltr'><strong>variis</strong></span> <span class='ocrx_word' id='word_1_100' title='bbox 688 1316 849 1362; x_wconf 77' lang='lat' dir='ltr'><strong>auctoribus.</strong></span> 
     </span>
    </p>
   </div>
   <div class='ocr_carea' id='block_1_5' title="bbox 94 1395 896 2106">
    <p class='ocr_par' dir='ltr' id='par_1_6' title="bbox 94 1395 896 2106">
     <span class='ocr_line' id='line_1_17' title="bbox 132 1395 895 1467; baseline 0.005 -17"><span class='ocrx_word' id='word_1_101' title='bbox 132 1400 158 1455; x_wconf 89' lang='lat'><strong>1.</strong></span> <span class='ocrx_word' id='word_1_102' title='bbox 177 1395 364 1452; x_wconf 81' lang='lat' dir='ltr'><strong>Confessarius</strong></span> <span class='ocrx_word' id='word_1_103' title='bbox 381 1397 464 1452; x_wconf 89' lang='lat' dir='ltr'><strong>habet</strong></span> <span class='ocrx_word' id='word_1_104' title='bbox 481 1415 577 1453; x_wconf 88' lang='lat' dir='ltr'><strong>munus</strong></span> <span class='ocrx_word' id='word_1_105' title='bbox 591 1398 769 1467; x_wconf 80' lang='lat' dir='ltr'><strong>quadruplex3</strong></span> <span class='ocrx_word' id='word_1_106' title='bbox 789 1406 830 1454; x_wconf 90' lang='lat' dir='ltr'><strong>est</strong></span> <span class='ocrx_word' id='word_1_107' title='bbox 848 1399 895 1454; x_wconf 88' lang='lat' dir='ltr'><strong>mi·</strong></span> 
     </span>
     <span class='ocr_line' id='line_1_18' title="bbox 94 1467 894 1540; baseline 0.005 -18"><span class='ocrx_word' id='word_1_108' title='bbox 94 1467 180 1522; x_wconf 87' lang='lat' dir='ltr'><strong>nister</strong></span> <span class='ocrx_word' id='word_1_109' title='bbox 198 1469 272 1524; x_wconf 88' lang='lat' dir='ltr'><strong>vices</strong></span> <span class='ocrx_word' id='word_1_110' title='bbox 295 1483 391 1536; x_wconf 86' lang='lat' dir='ltr'><strong>gerens</strong></span> <span class='ocrx_word' id='word_1_111' title='bbox 410 1468 517 1538; x_wconf 77' lang='lat' dir='ltr'><strong>Christi,</strong></span> <span class='ocrx_word' id='word_1_112' title='bbox 542 1477 584 1525; x_wconf 86' lang='lat' dir='ltr'><strong>est</strong></span> <span class='ocrx_word' id='word_1_113' title='bbox 601 1469 690 1538; x_wconf 87' lang='lat' dir='ltr'><strong>iudex,</strong></span> <span class='ocrx_word' id='word_1_114' title='bbox 710 1477 751 1527; x_wconf 87' lang='lat' dir='ltr'><strong>est</strong></span> <span class='ocrx_word' id='word_1_115' title='bbox 768 1469 894 1540; x_wconf 90' lang='lat' dir='ltr'><strong>medicus,</strong></span> 
     </span>
     <span class='ocr_line' id='line_1_19' title="bbox 95 1538 896 1608; baseline 0.001 -14"><span class='ocrx_word' id='word_1_116' title='bbox 95 1546 138 1594; x_wconf 87' lang='lat' dir='ltr'><strong>est</strong></span> <span class='ocrx_word' id='word_1_117' title='bbox 156 1538 259 1594; x_wconf 89' lang='lat' dir='ltr'><strong>doctor.</strong></span> <span class='ocrx_word' id='word_1_118' title='bbox 304 1539 363 1606; x_wconf 77' lang='lat' dir='ltr'><strong>Qua</strong></span> <span class='ocrx_word' id='word_1_119' title='bbox 387 1541 508 1594; x_wconf 73' lang='lat' dir='ltr'><strong>minister</strong></span> <span class='ocrx_word' id='word_1_120' title='bbox 532 1541 605 1596; x_wconf 89' lang='lat' dir='ltr'><strong>vices</strong></span> <span class='ocrx_word' id='word_1_121' title='bbox 623 1540 722 1594; x_wconf 78' lang='lat' dir='ltr'><strong>Christi</strong></span> <span class='ocrx_word' id='word_1_122' title='bbox 748 1555 843 1608; x_wconf 85' lang='lat' dir='ltr'><strong>gerens</strong></span> <span class='ocrx_word' id='word_1_123' title='bbox 869 1548 896 1596; x_wconf 87' lang='lat' dir='ltr'><strong>et</strong></span> 
     </span>
     <span class='ocr_line' id='line_1_20' title="bbox 95 1609 894 1680; baseline 0.003 -16"><span class='ocrx_word' id='word_1_124' title='bbox 95 1609 250 1666; x_wconf 84' lang='lat' dir='ltr'><strong>immediate</strong></span> <span class='ocrx_word' id='word_1_125' title='bbox 273 1627 433 1666; x_wconf 86' lang='lat' dir='ltr'><strong>concurrens</strong></span> <span class='ocrx_word' id='word_1_126' title='bbox 460 1611 495 1666; x_wconf 88' lang='lat' dir='ltr'><strong>ad</strong></span> <span class='ocrx_word' id='word_1_127' title='bbox 512 1612 641 1678; x_wconf 76' lang='lat' dir='ltr'><strong>gratiam,</strong></span> <span class='ocrx_word' id='word_1_128' title='bbox 668 1610 748 1666; x_wconf 90' lang='lat' dir='ltr'><strong>debet</strong></span> <span class='ocrx_word' id='word_1_129' title='bbox 774 1611 894 1680; x_wconf 76' lang='lat' dir='ltr'><strong>sollicite,</strong></span> 
     </span>
     <span class='ocr_line' id='line_1_21' title="bbox 95 1681 894 1750; baseline 0.003 -16"><span class='ocrx_word' id='word_1_130' title='bbox 95 1681 228 1748; x_wconf 73' lang='lat' dir='ltr'><strong>fideliter,</strong></span> <span class='ocrx_word' id='word_1_131' title='bbox 252 1688 400 1735; x_wconf 78' lang='lat' dir='ltr'><strong>reverenter</strong></span> <span class='ocrx_word' id='word_1_132' title='bbox 418 1689 445 1736; x_wconf 89' lang='lat' dir='ltr'><strong>et</strong></span> <span class='ocrx_word' id='word_1_133' title='bbox 464 1682 544 1750; x_wconf 70' lang='lat' dir='ltr'><strong>digne</strong></span> <span class='ocrx_word' id='word_1_134' title='bbox 562 1682 712 1736; x_wconf 84' lang='lat' dir='ltr'><strong>ministrare</strong></span> <span class='ocrx_word' id='word_1_135' title='bbox 730 1682 782 1736; x_wconf 91' lang='lat' dir='ltr'><strong>boc</strong></span> <span class='ocrx_word' id='word_1_136' title='bbox 801 1681 894 1736; x_wconf 74' lang='lat' dir='ltr'><strong>Sacra.</strong></span> 
     </span>
     <span class='ocr_line' id='line_1_22' title="bbox 97 1751 894 1822; baseline 0.001 -16"><span class='ocrx_word' id='word_1_137' title='bbox 97 1759 225 1806; x_wconf 89' lang='lat' dir='ltr'><strong>mentum.</strong></span> <span class='ocrx_word' id='word_1_138' title='bbox 262 1751 321 1819; x_wconf 78' lang='lat' dir='ltr'><strong>Qua</strong></span> <span class='ocrx_word' id='word_1_139' title='bbox 338 1753 421 1808; x_wconf 77' lang='lat' dir='ltr'><strong>iader</strong></span> <span class='ocrx_word' id='word_1_140' title='bbox 439 1752 519 1808; x_wconf 88' lang='lat' dir='ltr'><strong>debet</strong></span> <span class='ocrx_word' id='word_1_141' title='bbox 535 1753 686 1822; x_wconf 87' lang='lat' dir='ltr'><strong>providere,</strong></span> <span class='ocrx_word' id='word_1_142' title='bbox 714 1759 744 1806; x_wconf 89' lang='lat' dir='ltr'><strong>ut</strong></span> <span class='ocrx_word' id='word_1_143' title='bbox 762 1751 894 1807; x_wconf 86' lang='lat' dir='ltr'><strong>confessio</strong></span> 
     </span>
     <span class='ocr_line' id='line_1_23' title="bbox 97 1821 894 1893; baseline 0 -17"><span class='ocrx_word' id='word_1_144' title='bbox 97 1821 146 1878; x_wconf 86' lang='lat' dir='ltr'><strong>fiat</strong></span> <span class='ocrx_word' id='word_1_145' title='bbox 157 1828 228 1877; x_wconf 84' lang='lat' dir='ltr'><strong>recte</strong></span> <span class='ocrx_word' id='word_1_146' title='bbox 241 1831 268 1878; x_wconf 88' lang='lat' dir='ltr'><strong>et</strong></span> <span class='ocrx_word' id='word_1_147' title='bbox 281 1825 397 1893; x_wconf 56' lang='grc' dir='ltr'><strong>ἐπέψω</strong></span> <span class='ocrx_word' id='word_1_148' title='bbox 415 1824 495 1878; x_wconf 89' lang='lat' dir='ltr'><strong>debet</strong></span> <span class='ocrx_word' id='word_1_149' title='bbox 507 1823 581 1893; x_wconf 89' lang='lat' dir='ltr'><strong>dare,</strong></span> <span class='ocrx_word' id='word_1_150' title='bbox 600 1824 644 1879; x_wconf 84' lang='lat' dir='ltr'><strong>vel</strong></span> <span class='ocrx_word' id='word_1_151' title='bbox 658 1823 773 1892; x_wconf 86' lang='lat' dir='ltr'><strong>differre,</strong></span> <span class='ocrx_word' id='word_1_152' title='bbox 791 1823 836 1877; x_wconf 86' lang='lat' dir='ltr'><strong>vel</strong></span> <span class='ocrx_word' id='word_1_153' title='bbox 848 1838 894 1877; x_wconf 91' lang='lat' dir='ltr'><strong>ne·</strong></span> 
     </span>
     <span class='ocr_line' id='line_1_24' title="bbox 98 1894 892 1964; baseline 0.001 -16"><span class='ocrx_word' id='word_1_154' title='bbox 98 1910 163 1962; x_wconf 87' lang='lat' dir='ltr'><strong>gare</strong></span> <span class='ocrx_word' id='word_1_155' title='bbox 182 1895 391 1964; x_wconf 82' lang='lat' dir='ltr'><strong>absolutionem,</strong></span> <span class='ocrx_word' id='word_1_156' title='bbox 418 1903 499 1964; x_wconf 86' lang='lat' dir='ltr'><strong>prout</strong></span> <span class='ocrx_word' id='word_1_157' title='bbox 516 1896 656 1964; x_wconf 88' lang='lat' dir='ltr'><strong>poenitens</strong></span> <span class='ocrx_word' id='word_1_158' title='bbox 675 1902 716 1951; x_wconf 91' lang='lat' dir='ltr'><strong>est</strong></span> <span class='ocrx_word' id='word_1_159' title='bbox 734 1894 892 1964; x_wconf 63' lang='lat' dir='ltr'><strong>dispositum</strong></span> 
     </span>
     <span class='ocr_line' id='line_1_25' title="bbox 99 1965 893 2036; baseline 0.004 -17"><span class='ocrx_word' id='word_1_160' title='bbox 99 1965 179 2020; x_wconf 88' lang='lat' dir='ltr'><strong>debet</strong></span> <span class='ocrx_word' id='word_1_161' title='bbox 196 1966 334 2034; x_wconf 85' lang='lat' dir='ltr'><strong>iniungere</strong></span> <span class='ocrx_word' id='word_1_162' title='bbox 354 1967 496 2021; x_wconf 87' lang='lat' dir='ltr'><strong>salutarem</strong></span> <span class='ocrx_word' id='word_1_163' title='bbox 523 1975 551 2021; x_wconf 87' lang='lat' dir='ltr'><strong>et</strong></span> <span class='ocrx_word' id='word_1_164' title='bbox 567 1968 797 2036; x_wconf 86' lang='lat' dir='ltr'><strong>proportionatam</strong></span> <span class='ocrx_word' id='word_1_165' title='bbox 815 1967 893 2022; x_wconf 87' lang='lat' dir='ltr'><strong>satis·</strong></span> 
     </span>
     <span class='ocr_line' id='line_1_26' title="bbox 98 2034 894 2106; baseline 0.003 -16"><span class='ocrx_word' id='word_1_166' title='bbox 98 2034 249 2091; x_wconf 82' lang='lat' dir='ltr'><strong>factionem.</strong></span> <span class='ocrx_word' id='word_1_167' title='bbox 286 2037 346 2104; x_wconf 77' lang='lat' dir='ltr'><strong>Qua</strong></span> <span class='ocrx_word' id='word_1_168' title='bbox 363 2038 482 2092; x_wconf 79' lang='lat' dir='ltr'><strong>medicus</strong></span> <span class='ocrx_word' id='word_1_169' title='bbox 508 2038 587 2093; x_wconf 86' lang='lat' dir='ltr'><strong>debet</strong></span> <span class='ocrx_word' id='word_1_170' title='bbox 618 2040 685 2094; x_wconf 86' lang='lat' dir='ltr'><strong>scire</strong></span> <span class='ocrx_word' id='word_1_171' title='bbox 705 2045 732 2092; x_wconf 91' lang='lat' dir='ltr'><strong>et</strong></span> <span class='ocrx_word' id='word_1_172' title='bbox 750 2051 894 2106; x_wconf 78' lang='lat' dir='ltr'><strong>suggerere</strong></span> 
     </span>
    </p>
   </div>
   <div class='ocr_carea' id='block_1_6' title="bbox 99 2103 1021 2179">
    <p class='ocr_par' dir='ltr' id='par_1_7' title="bbox 99 2103 1021 2179">
     <span class='ocr_line' id='line_1_27' title="bbox 99 2103 1021 2179; baseline 0.008 -18"><span class='ocrx_word' id='word_1_173' title='bbox 99 2107 187 2162; x_wconf 89' lang='lat' dir='ltr'><strong>uiedia</strong></span> <span class='ocrx_word' id='word_1_174' title='bbox 205 2115 269 2177; x_wconf 91' lang='lat' dir='ltr'><strong>apta</strong></span> <span class='ocrx_word' id='word_1_175' title='bbox 296 2108 331 2162; x_wconf 94' lang='lat' dir='ltr'><strong>ad</strong></span> <span class='ocrx_word' id='word_1_176' title='bbox 355 2109 542 2177; x_wconf 85' lang='lat' dir='ltr'><strong>praecavenda</strong></span> <span class='ocrx_word' id='word_1_177' title='bbox 558 2117 683 2179; x_wconf 85' lang='lat' dir='ltr'><strong>peccata,</strong></span> <span class='ocrx_word' id='word_1_178' title='bbox 710 2109 894 2177; x_wconf 85' lang='lat' dir='ltr'><strong>praescribere</strong></span> <span class='ocrx_word' id='word_1_179' title='bbox 917 2103 925 2134; x_wconf 67' lang='lat'>¹</span> <span class='ocrx_word' id='word_1_180' title='bbox 1010 2147 1021 2168; x_wconf 45' lang='lat' dir='ltr'><strong>a</strong></span> 
     </span>
    </p>
   </div>
   <div class='ocr_carea' id='block_1_7' title="bbox 99 2180 895 2891">
    <p class='ocr_par' dir='ltr' id='par_1_8' title="bbox 99 2180 895 2891">
     <span class='ocr_line' id='line_1_28' title="bbox 99 2180 893 2249; baseline 0.003 -17"><span class='ocrx_word' id='word_1_181' title='bbox 99 2180 277 2246; x_wconf 88' lang='lat' dir='ltr'><strong>poenitentias</strong></span> <span class='ocrx_word' id='word_1_182' title='bbox 295 2181 465 2235; x_wconf 87' lang='lat' dir='ltr'><strong>medicinales</strong></span> <span class='ocrx_word' id='word_1_183' title='bbox 479 2188 507 2234; x_wconf 90' lang='lat' dir='ltr'><strong>et</strong></span> <span class='ocrx_word' id='word_1_184' title='bbox 525 2181 661 2236; x_wconf 87' lang='lat' dir='ltr'><strong>dehortari</strong></span> <span class='ocrx_word' id='word_1_185' title='bbox 680 2197 697 2235; x_wconf 90' lang='lat' dir='ltr'><strong>a</strong></span> <span class='ocrx_word' id='word_1_186' title='bbox 713 2181 838 2249; x_wconf 88' lang='lat' dir='ltr'><strong>periculis</strong></span> <span class='ocrx_word' id='word_1_187' title='bbox 851 2195 893 2234; x_wconf 87' lang='lat' dir='ltr'><strong>re·</strong></span> 
     </span>
     <span class='ocr_line' id='line_1_29' title="bbox 99 2249 895 2319; baseline 0.005 -17"><span class='ocrx_word' id='word_1_188' title='bbox 99 2249 230 2319; x_wconf 88' lang='lat' dir='ltr'><strong>lapsuum</strong></span> <span class='ocrx_word' id='word_1_189' title='bbox 267 2251 326 2318; x_wconf 80' lang='lat' dir='ltr'><strong>Qua</strong></span> <span class='ocrx_word' id='word_1_190' title='bbox 345 2252 437 2305; x_wconf 84' lang='lat' dir='ltr'><strong>doctor</strong></span> <span class='ocrx_word' id='word_1_191' title='bbox 455 2251 535 2306; x_wconf 90' lang='lat' dir='ltr'><strong>debet</strong></span> <span class='ocrx_word' id='word_1_192' title='bbox 557 2253 689 2306; x_wconf 85' lang='lat' dir='ltr'><strong>instruere</strong></span> <span class='ocrx_word' id='word_1_193' title='bbox 713 2253 742 2305; x_wconf 88' lang='lat' dir='ltr'><strong>in</strong></span> <span class='ocrx_word' id='word_1_194' title='bbox 760 2252 840 2305; x_wconf 88' lang='lat' dir='ltr'><strong>rebus</strong></span> <span class='ocrx_word' id='word_1_195' title='bbox 859 2249 895 2306; x_wconf 87' lang='lat' dir='ltr'><strong>ad</strong></span> 
     </span>
     <span class='ocr_line' id='line_1_30' title="bbox 100 2322 893 2392; baseline 0.003 -18"><span class='ocrx_word' id='word_1_196' title='bbox 100 2322 213 2375; x_wconf 88' lang='lat' dir='ltr'><strong>animam</strong></span> <span class='ocrx_word' id='word_1_197' title='bbox 232 2327 259 2376; x_wconf 96' lang='lat' dir='ltr'><strong>et</strong></span> <span class='ocrx_word' id='word_1_198' title='bbox 277 2322 426 2391; x_wconf 85' lang='lat' dir='ltr'><strong>profectum</strong></span> <span class='ocrx_word' id='word_1_199' title='bbox 443 2323 471 2377; x_wconf 91' lang='lat' dir='ltr'><strong>in</strong></span> <span class='ocrx_word' id='word_1_200' title='bbox 489 2323 534 2377; x_wconf 86' lang='lat' dir='ltr'><strong>via</strong></span> <span class='ocrx_word' id='word_1_201' title='bbox 547 2323 678 2392; x_wconf 87' lang='lat' dir='ltr'><strong>spirituali</strong></span> <span class='ocrx_word' id='word_1_202' title='bbox 690 2323 893 2392; x_wconf 86' lang='lat' dir='ltr'><strong>pertinentibus.</strong></span> 
     </span>
     <span class='ocr_line' id='line_1_31' title="bbox 100 2391 895 2464; baseline 0.003 -19"><span class='ocrx_word' id='word_1_203' title='bbox 100 2391 240 2462; x_wconf 65' lang='lat' dir='ltr'><strong>‚Minister</strong></span> <span class='ocrx_word' id='word_1_204' title='bbox 257 2393 454 2464; x_wconf 87' lang='lat' dir='ltr'><strong>Poeniteutiae‚</strong></span> <span class='ocrx_word' id='word_1_205' title='bbox 482 2395 517 2448; x_wconf 87' lang='lat' dir='ltr'><strong>sit</strong></span> <span class='ocrx_word' id='word_1_206' title='bbox 534 2393 664 2449; x_wconf 89' lang='lat' dir='ltr'><strong>discretus</strong></span> <span class='ocrx_word' id='word_1_207' title='bbox 683 2401 834 2458; x_wconf 75' lang='lat' dir='ltr'><strong>etractus,</strong></span> <span class='ocrx_word' id='word_1_208' title='bbox 863 2399 895 2447; x_wconf 90' lang='lat' dir='ltr'><strong>ut</strong></span> 
     </span>
     <span class='ocr_line' id='line_1_32' title="bbox 100 2463 894 2532; baseline 0.001 -16"><span class='ocrx_word' id='word_1_209' title='bbox 100 2479 172 2518; x_wconf 90' lang='lat' dir='ltr'><strong>more</strong></span> <span class='ocrx_word' id='word_1_210' title='bbox 185 2463 265 2532; x_wconf 89' lang='lat' dir='ltr'><strong>periti</strong></span> <span class='ocrx_word' id='word_1_211' title='bbox 278 2463 373 2519; x_wconf 87' lang='lat' dir='ltr'><strong>medici</strong></span> <span class='ocrx_word' id='word_1_212' title='bbox 387 2465 508 2520; x_wconf 86' lang='lat' dir='ltr'><strong>similiter</strong></span> <span class='ocrx_word' id='word_1_213' title='bbox 519 2463 642 2520; x_wconf 84' lang='lat' dir='ltr'><strong>infundat</strong></span> <span class='ocrx_word' id='word_1_214' title='bbox 660 2465 751 2520; x_wconf 86' lang='lat' dir='ltr'><strong>vinum</strong></span> <span class='ocrx_word' id='word_1_215' title='bbox 765 2472 793 2519; x_wconf 88' lang='lat' dir='ltr'><strong>et</strong></span> <span class='ocrx_word' id='word_1_216' title='bbox 806 2465 894 2518; x_wconf 91' lang='lat' dir='ltr'><strong>oleum</strong></span> 
     </span>
     <span class='ocr_line' id='line_1_33' title="bbox 101 2535 894 2606; baseline 0.003 -18"><span class='ocrx_word' id='word_1_217' title='bbox 101 2535 253 2590; x_wconf 89' lang='lat' dir='ltr'><strong>vulneribus</strong></span> <span class='ocrx_word' id='word_1_218' title='bbox 268 2536 388 2606; x_wconf 87' lang='lat' dir='ltr'><strong>sauciati,</strong></span> <span class='ocrx_word' id='word_1_219' title='bbox 402 2536 542 2604; x_wconf 84' lang='lat' dir='ltr'><strong>diligenter</strong></span> <span class='ocrx_word' id='word_1_220' title='bbox 555 2537 691 2604; x_wconf 89' lang='lat' dir='ltr'><strong>inquirens</strong></span> <span class='ocrx_word' id='word_1_221' title='bbox 705 2544 732 2590; x_wconf 91' lang='lat' dir='ltr'><strong>et</strong></span> <span class='ocrx_word' id='word_1_222' title='bbox 744 2535 894 2604; x_wconf 88' lang='lat' dir='ltr'><strong>peccatoris</strong></span> 
     </span>
     <span class='ocr_line' id='line_1_34' title="bbox 101 2605 894 2676; baseline -0.001 -16"><span class='ocrx_word' id='word_1_223' title='bbox 101 2605 311 2662; x_wconf 86' lang='lat' dir='ltr'><strong>circumstantias</strong></span> <span class='ocrx_word' id='word_1_224' title='bbox 326 2615 353 2662; x_wconf 94' lang='lat' dir='ltr'><strong>et</strong></span> <span class='ocrx_word' id='word_1_225' title='bbox 365 2609 477 2676; x_wconf 88' lang='lat' dir='ltr'><strong>peccati,</strong></span> <span class='ocrx_word' id='word_1_226' title='bbox 495 2623 545 2676; x_wconf 91' lang='lat' dir='ltr'><strong>per</strong></span> <span class='ocrx_word' id='word_1_227' title='bbox 559 2623 625 2674; x_wconf 89' lang='lat' dir='ltr'><strong>quas</strong></span> <span class='ocrx_word' id='word_1_228' title='bbox 638 2607 785 2675; x_wconf 90' lang='lat' dir='ltr'><strong>prudenter</strong></span> <span class='ocrx_word' id='word_1_229' title='bbox 797 2606 894 2661; x_wconf 89' lang='lat' dir='ltr'><strong>intelli·</strong></span> 
     </span>
     <span class='ocr_line' id='line_1_35' title="bbox 100 2675 894 2747; baseline -0.003 -15"><span class='ocrx_word' id='word_1_230' title='bbox 100 2684 154 2746; x_wconf 79' lang='lat' dir='ltr'><strong>gat,</strong></span> <span class='ocrx_word' id='word_1_231' title='bbox 169 2678 247 2745; x_wconf 84' lang='lat' dir='ltr'><strong>quale</strong></span> <span class='ocrx_word' id='word_1_232' title='bbox 256 2677 295 2732; x_wconf 90' lang='lat' dir='ltr'><strong>illi</strong></span> <span class='ocrx_word' id='word_1_233' title='bbox 309 2678 406 2734; x_wconf 88' lang='lat' dir='ltr'><strong>debeat</strong></span> <span class='ocrx_word' id='word_1_234' title='bbox 420 2679 557 2734; x_wconf 87' lang='lat' dir='ltr'><strong>consilium</strong></span> <span class='ocrx_word' id='word_1_235' title='bbox 570 2681 709 2747; x_wconf 79' lang='lat' dir='ltr'><strong>praebere,</strong></span> <span class='ocrx_word' id='word_1_236' title='bbox 723 2687 750 2733; x_wconf 87' lang='lat' dir='ltr'><strong>et</strong></span> <span class='ocrx_word' id='word_1_237' title='bbox 764 2675 894 2732; x_wconf 86' lang='lat' dir='ltr'><strong>eiusmodi</strong></span> 
     </span>
     <span class='ocr_line' id='line_1_36' title="bbox 101 2743 894 2818; baseline -0.001 -16"><span class='ocrx_word' id='word_1_238' title='bbox 101 2748 245 2804; x_wconf 87' lang='lat' dir='ltr'><strong>remedium</strong></span> <span class='ocrx_word' id='word_1_239' title='bbox 258 2749 385 2804; x_wconf 91' lang='lat' dir='ltr'><strong>adhibere</strong></span> <span class='ocrx_word' id='word_1_240' title='bbox 404 2749 517 2805; x_wconf 88' lang='lat' dir='ltr'><strong>diversis</strong></span> <span class='ocrx_word' id='word_1_241' title='bbox 535 2750 724 2818; x_wconf 86' lang='lat' dir='ltr'><strong>experimentis</strong></span> <span class='ocrx_word' id='word_1_242' title='bbox 740 2747 840 2804; x_wconf 86' lang='lat' dir='ltr'><strong>utendo</strong></span> <span class='ocrx_word' id='word_1_243' title='bbox 859 2743 894 2802; x_wconf 90' lang='lat' dir='ltr'><strong>ad</strong></span> 
     </span>
     <span class='ocr_line' id='line_1_37' title="bbox 101 2819 893 2891; baseline -0.001 -17"><span class='ocrx_word' id='word_1_244' title='bbox 101 2819 248 2874; x_wconf 87' lang='lat' dir='ltr'><strong>sanandum</strong></span> <span class='ocrx_word' id='word_1_245' title='bbox 265 2819 429 2889; x_wconf 80' lang='lat' dir='ltr'><strong>aegrotum“</strong></span> <span class='ocrx_word' id='word_1_246' title='bbox 464 2821 522 2876; x_wconf 89' lang='lat' dir='ltr'><strong>Leo</strong></span> <span class='ocrx_word' id='word_1_247' title='bbox 540 2821 600 2875; x_wconf 90' lang='lat' dir='ltr'><strong>Xll.</strong></span> <span class='ocrx_word' id='word_1_248' title='bbox 623 2820 736 2891; x_wconf 73' lang='lat' dir='ltr'><strong>Eacycl.</strong></span> <span class='ocrx_word' id='word_1_249' title='bbox 755 2820 787 2873; x_wconf 85' lang='lat' dir='ltr'><strong>de</strong></span> <span class='ocrx_word' id='word_1_250' title='bbox 805 2824 893 2874; x_wconf 75' lang='lat' dir='ltr'><strong>catec-</strong></span> 
     </span>
    </p>
   </div>
   <div class='ocr_carea' id='block_1_8' title="bbox 152 2909 892 2963">
    <p class='ocr_par' dir='ltr' id='par_1_9' title="bbox 152 2909 892 2963">
     <span class='ocr_line' id='line_1_38' title="bbox 152 2909 892 2963; baseline 0.011 -13"><span class='ocrx_word' id='word_1_251' title='bbox 152 2910 255 2951; x_wconf 70' lang='lat' dir='ltr'><strong>Manuale</strong></span> <span class='ocrx_word' id='word_1_252' title='bbox 269 2913 412 2957; x_wconf 81' lang='lat' dir='ltr'><strong>sacerdotum.</strong></span> <span class='ocrx_word' id='word_1_253' title='bbox 441 2911 524 2962; x_wconf 74' lang='lat' dir='ltr'><strong>(bultio</strong></span> <span class='ocrx_word' id='word_1_254' title='bbox 537 2909 586 2963; x_wconf 81' lang='lat' dir='ltr'>VI.)</span> <span class='ocrx_word' id='word_1_255' title='bbox 753 2912 787 2963; x_wconf 81' lang='grc'><strong>12</strong></span> <span class='ocrx_word' id='word_1_256' title='bbox 887 2917 892 2926; x_wconf 88' lang='grc'><strong>’</strong></span> 
     </span>
    </p>
   </div>
   <div class='ocr_carea' id='block_1_9' title="bbox 0 0 1076 3242">
    <p class='ocr_par' dir='ltr' id='par_1_10' title="bbox 0 0 1076 3242">
     <span class='ocr_line' id='line_1_39' title="bbox 0 0 1076 3242; baseline 0 0"><span class='ocrx_word' id='word_1_257' title='bbox 0 0 1076 3242; x_wconf 95' lang='lat' dir='ltr'><strong> </strong></span> 
     </span>
    </p>
   </div>
  </div>
 </body>
</html>
