2128 3228
164 153 204 198 tet
314 157 347 196 Da
361 158 492 207 quibusdam
505 158 556 198 aliie
569 161 709 200 mondoum
721 161 807 204 offlcsse.

163 260 273 327 minii,
291 261 439 315 mactum
456 277 505 316 erto
524 263 627 331 ordim,
646 269 671 317 ct
688 263 786 318 monte
804 271 899 320 cuntot
911 265 964 321 Re·

165 333 335 399 mensorium
345 351 353 384 :
370 333 471 387 Libere
482 349 525 388 me
535 334 650 388 Domine
666 334 706 404 (nt
718 349 801 403 supro
808 351 871 404 ρας.
882 339 965 406 669.).

199 403 314 456 Interim
333 403 397 457 dum
410 404 622 472 Rceporreorium
633 407 771 475 repetitur,
790 407 905 474 offertur
913 423 966 477 per

162 473 313 542 paredum
332 475 477 544 navicella,
497 481 522 530 et
535 492 588 544 per
606 477 691 530 alium
704 493 738 531 cer
754 479 888 533 minnere
906 481 965 534 ibn·

164 544 282 598 νῶιιῑιιιιι
299 545 435 613 Pontifici,
459 548 507 614 qui
522 549 639 615 imponit
655 551 792 602 irtcenem
809 563 884 604 more
901 567 964 606 eon·

163 621 247 670 meto.
284 615 464 684 &sporrone
482 621 594 686 repetito
611 619 709 673 citerus
725 626 831 674 cuntot:

187 687 283 755 .Kyrie
303 687 412 756 eleison,
431 688 536 744 Christe
556 690 665 758 eleison,
683 691 766 760 Kyrie
784 691 895 748 eleison.

197 759 268 812 Moe
290 759 427 826 Pontifex,
451 761 534 814 miro
548 761 679 829 deposito,
706 764 877 816 convenietur
901 778 965 817 ecoe

164 828 248 883 dicit:
265 830 347 884 Pater
365 838 464 899 noster,
482 832 587 900 reliquo
604 838 711 889 mereto.

199 900 306 954 Deinde
324 903 442 971 cepeoii
460 907 485 955 ct
502 903 631 970 incensat,
655 909 740 972 prout
754 904 819 971 fecit
836 905 867 958 in
886 905 964 960 eccie-

161 973 213 1028 eio.
252 971 310 1042 Quo
326 973 401 1039 facto
420 973 486 1027 dr'cit
503 988 610 1027 came:

197 1043 234 1097 Et
251 1058 287 1096 ne
304 1059 353 1098 nos
371 1043 481 1098 induces
498 1044 527 1097 in
543 1045 725 1112 tentationem,
748 1051 798 1099 etc.

203 1113 235 1170 V.
253 1114 284 1167 In
302 1115 430 1168 memorie
448 1122 558 1169 aeterne
577 1115 742 1184 enuntiasti,

198 1185 233 1239 R.
252 1185 294 1238 Ab
313 1185 448 1240 auditione
466 1186 538 1240 mala
554 1202 608 1242 non
625 1187 764 1242 timebunt.

200 1255 231 1310 V.
249 1256 274 1310 A
292 1263 372 1324 porte
393 1256 479 1326 inferi,

195 1326 230 1380 R.
249 1327 331 1396 Erue,
350 1328 472 1395 Domine,
492 1329 592 1390 animas
611 1343 713 1383 eornm.

112 1441 121 1460 ,
199 1397 230 1452 V.
248 1397 379 1464 Requiem
397 1407 533 1454 aeternam
551 1399 622 1454 done
640 1401 687 1468 eis,
705 1399 828 1468 Domine,
848 1406 902 1458 etc.

199 1468 231 1524 V.
248 1467 371 1537 Domine,
390 1469 487 1524 exaudi
506 1471 653 1526 orationem
671 1485 766 1539 meam,
786 1477 837 1529 etc.

199 1539 230 1594 V.
248 1540 379 1594 Dominus
397 1541 541 1610 vobiscum,
561 1548 611 1598 etc.

197 1610 316 1666 &emec
352 1611 435 1679 Deus,
462 1613 508 1680 qui
524 1613 595 1666 inter
612 1612 783 1680 Apostoiicos
802 1611 961 1668 sacerdotes

159 1679 274 1737 famulor
299 1690 360 1738 tuos
384 1683 543 1738 sacerdotali
575 1683 663 1737 fecisti
694 1681 824 1750 digoime
851 1683 959 1751 vigere:

158 1761 268 1821 praesto
286 1769 454 1824 quaesumus,
478 1762 618 1809 uteorum
636 1768 743 1821 quoque
761 1761 895 1822 perpetuo
914 1771 960 1824 ag-

159 1833 305 1893 gregentur
323 1826 465 1881 consortio.

181 1895 285 1964 -Deus,
313 1897 407 1950 veniae
424 1896 549 1964 largitor,
577 1901 605 1950 et
622 1895 755 1948 hnmanae
773 1893 868 1948 selune
886 1909 959 1948 arua·
1040 1889 1042 1906 ⁴

78 1999 91 2010 -
158 1971 216 2034 tor;
236 1981 396 2033 quaesumus
416 1967 582 2021 clementiam
599 1972 687 2033 tuem,
715 1973 745 2018 ut
767 1971 877 2019 nostrae
896 1981 959 2020 oon·

159 2038 323 2106 gregatioois
341 2037 446 2107 frenes,
469 2038 635 2106 propinquos
654 2043 682 2090 et
698 2034 893 2106 benefactores,
913 2037 959 2103 qui

159 2123 193 2163 ex
210 2110 263 2165 hoo
277 2110 384 2164 saeculo
398 2110 567 2176 esurierunt
586 2108 667 2162 beata
678 2107 767 2160 Maria
780 2122 888 2174 semper
898 2107 958 2160 Vir·

159 2181 220 2248 gine
238 2179 420 2235 intercedente
438 2197 497 2234 cum
516 2179 638 2234 omnibus
652 2178 756 2232 Smctis
769 2179 823 2232 tuis
842 2177 878 2232 ad
896 2193 957 2246 per·

158 2257 257 2319 petuas
276 2251 447 2307 beatitudinis
470 2251 632 2306 consortium
656 2250 797 2317 pervenire
815 2248 957 2304 concedas

193 2322 283 2391 Dens,
311 2323 386 2378 cirins
404 2323 574 2378 miseratione
593 2322 696 2375 animae
713 2319 832 2374 fidelium
849 2321 957 2388 requie·

158 2400 243 2461 scunt,
265 2392 371 2449 famulis
389 2401 417 2448 et
427 2392 577 2448 famulabus
594 2393 648 2446 tuis
662 2392 782 2446 omnibus
800 2391 844 2445 bio
858 2399 886 2448 et
899 2391 958 2446 ubi·

160 2478 212 2531 que
230 2465 258 2516 in
278 2465 383 2520 Christo
402 2465 612 2533 quiescentibus,
642 2462 677 2516 du
700 2462 832 2530 propitius
849 2463 958 2516 reniam

157 2543 341 2604 peccatorum,
368 2543 400 2592 ut
418 2534 691 2590 concurrentibus
709 2532 838 2601 absoluti,
867 2539 957 2588 tecm

157 2605 214 2659 sine
243 2603 296 2660 fine
323 2607 465 2664 laetentur.
506 2607 561 2661 Per
586 2605 721 2660 Christum
742 2603 886 2660 Dominum
909 2619 958 2659 no·
