2138 3226
201 181 234 221 De
248 180 496 221 contemplatissimus
510 189 559 220 cum
573 181 645 221 oidoio
659 181 764 222 ecclesiae
778 183 821 224 etc.
870 177 912 220 285

107 285 192 341 etiam
211 283 318 353 qnando
337 283 473 338 celebrant
489 284 518 338 in
535 283 623 338 111111
641 284 761 339 ecclesia.
781 283 821 352 (S.
833 283 910 341 110.

109 361 152 414 18.
167 357 339 423 Dec.1779.)
357 355 507 426 Regularis,
525 355 554 408 in
572 356 646 410 cuius
666 355 779 410 ecclesia
797 371 830 409 eoo
847 371 909 410 con·

9 449 10 454 ¹
108 429 229 482 cessione
241 426 400 495 Apostolico
411 426 442 481 fit
455 425 569 480 officium
583 425 690 494 duplex,
707 426 751 479 val
765 425 798 480 de
814 434 911 481 octava

109 498 288 567 privilegiata,
307 496 430 552 addictus
448 511 497 552 seu
514 505 626 552 vocatus
644 496 679 551 ad
692 497 909 552 sauslaoiendam

109 570 239 624 oneribus
263 567 374 624 alicuius
402 568 543 638 ecclesiae,
567 569 614 622 ubi
638 567 669 623 fit
692 567 806 623 officium
831 567 910 623 semi·

110 640 221 710 duplex,
238 639 283 694 vel
301 639 452 694 celebratur
465 639 572 707 aliquod
586 639 714 708 funerale,
732 645 823 708 potest
840 639 909 694 cele·

111 712 191 767 brare
209 711 321 766 Missam
339 710 372 764 de
392 711 504 780 Sancto,
530 711 587 766 sive
606 711 639 766 de
656 711 786 779 Requiem
804 710 839 763 ad
856 708 910 765 for·

110 799 182 837 mam
198 789 226 837 et
240 782 320 836 ritum
336 781 457 838 eiusdem
475 782 603 837 ecclesiae
620 783 696 836 iuxta
711 782 831 836 rubricas
845 781 910 838 Mis·

109 855 175 910 sads
183 852 306 908 Romani.
317 851 399 920 (8.11.
409 851 553 910 0111111
566 857 642 909 1691.
652 853 807 908 casaiae.
818 854 907 919 1695.)

148 928 191 978 14.
211 923 371 979 Sacerdotes
388 923 553 980 confluentes
571 925 606 978 ad
620 925 747 980 ecclesias
767 923 912 979 constater·

112 996 228 1051 citatum
236 995 350 1051 infestis
363 1003 537 1063 patronorum
551 1003 579 1050 et
591 997 737 1051 titularium
751 995 912 1064 earumdem,

110 1083 166 1122 non
184 1066 285 1121 debent
307 1067 336 1120 in
352 1067 438 1122 Missa
462 1066 562 1121 addere
587 1067 714 1136 Credo,
738 1081 788 1121 neo
805 1068 912 1121 unicam

110 1137 202 1193 dicere
216 1137 378 1192 Orationem.
394 1137 484 1204 (8.11.
499 1137 528 1194 C.
541 1141 585 1192 23.
601 1138 673 1208 Sept.
686 1141 778 1206 1831.)
798 1137 911 1206 Quando

109 1225 178 1264 vero
196 1207 351 1264 sacerdotes
370 1209 456 1264 exteri
473 1209 608 1264 celebrant
626 1209 659 1264 de
679 1209 783 1265 Sanctis
802 1208 912 1279 ordinis,

110 1281 229 1337 servatis
249 1279 387 1335 servandis
405 1287 518 1349 possunt
541 1281 569 1334 in
586 1279 678 1336 Missis
697 1296 726 1335 se
744 1280 911 1336 conformare

111 1351 317 1406 cumfratribus
336 1351 424 1418 quoad
443 1351 550 1406 Credo
569 1357 597 1406 et
622 1351 710 1419 quoad
731 1367 911 1406 numerum

111 1422 290 1478 Oratiouum
305 1437 379 1477 more
388 1422 540 1490 duplicium.
554 1422 594 1489 (S.
602 1422 637 1476 R.
646 1422 673 1476 0.
681 1426 722 1476 11.
731 1422 907 1490 Juniirror.)

150 1497 192 1548 15.
220 1494 254 1548 In
282 1493 400 1548 ecclesiis
434 1493 597 1562 regularium
632 1493 726 1548 diebus
756 1493 912 1563 Dominicis,

111 1565 209 1633 quibus
237 1572 293 1618 tam
316 1565 470 1633 regulares,
497 1580 577 1632 quam
604 1565 690 1618 exteri
715 1563 852 1618 celebrant
878 1563 912 1618 de

111 1636 262 1704 Dominica‚
275 1643 389 1703 possunt
397 1635 482 1690 exteri
491 1636 531 1690 uti
540 1635 674 1690 coloribus
686 1642 911 1704 paramentorum,

113 1708 212 1776 quibus
230 1714 342 1761 utuntur
358 1707 497 1774 regulares
520 1707 625 1761 ratione
653 1706 765 1760 alicuius
790 1711 911 1775 octavae,

115 1785 144 1833 et
160 1778 301 1846 regulares
319 1778 486 1834 celebrantes
507 1779 536 1832 in
560 1777 654 1832 alienis
676 1776 795 1832 ecclesiis
812 1776 852 1830 uti
870 1791 914 1831 co-

115 1849 220 1904 loribus
244 1849 320 1902 iuxta
344 1849 424 1904 ritum
451 1847 619 1918 earumdum3
646 1855 674 1903 et
697 1855 752 1903 tam
777 1847 862 1902 exteri
886 1848 915 1903 in

116 1920 239 1976 ecclesiis
256 1919 431 1989 regularium,
455 1935 535 1988 quam
552 1920 605 1988 ipsi
622 1920 759 1988 regulares
776 1919 805 1973 in
821 1918 915 1976 alienis

115 1998 232 2060 possunt
249 2006 386 2060 apponere
400 1992 676 2046 commemorationem
694 1998 805 2046 octavae
823 1998 853 2046 ut
871 2007 915 2046 su·

116 2079 168 2132 pra
181 2061 355 2132 occurrentis,
374 2069 481 2117 servata
497 2063 605 2117 rubrica
623 2061 656 2117 de
675 2061 774 2130 duplici
787 2061 915 2117 Oratione

114 2131 243 2189 habenda
259 2132 330 2186 inira
348 2140 477 2188 octavam.
506 2133 547 2200 (S.
565 2134 601 2189 R.
621 2133 649 2189 O.
667 2137 709 2187 11.
727 2133 808 2188 Joao·
823 2135 914 2202 1701.)

152 2207 196 2258 16.
221 2203 289 2258 (lum
306 2203 408 2259 Missae
426 2204 459 2259 de
477 2205 569 2260 Bootis
587 2205 717 2259 celebrari
734 2206 839 2273 possint
856 2211 915 2259 tau·

115 2281 172 2330 turn
190 2275 219 2329 in
236 2275 289 2330 illis
307 2274 434 2345 ecclesiis,
451 2291 502 2345 pro
516 2277 612 2345 quibus
625 2291 781 2331 concessum
800 2282 842 2332 est
861 2273 916 2330 offi-

117 2347 187 2402 cium
198 2347 328 2415 ipsorum,
343 2345 486 2416 dubitatur,
499 2356 589 2402 utnrm
603 2347 756 2403 sacerdotes
768 2347 913 2401 recitantes

118 2417 232 2472 officium
250 2415 285 2471 de
302 2417 402 2487 Beatis,
424 2417 473 2472 sed
491 2418 657 2474 celebrantes
674 2419 703 2472 in
721 2418 848 2486 ecclesiis,
867 2417 914 2471 ubi

117 2487 148 2544 fit
164 2487 208 2544 de.
219 2487 326 2558 Sancto,
344 2488 448 2557 possint
466 2487 554 2544 dicere
571 2488 683 2544 Missam
701 2489 789 2558 officii,
813 2489 857 2542 vel
873 2495 913 2542 te·

116 2566 232 2614 neantur
250 2573 280 2614 se
298 2558 464 2614 conformare
482 2560 621 2630 ecclesiae,
638 2561 666 2614 in
684 2576 739 2628 qua
756 2559 913 2614 celebrant?

116 2629 199 2699 Resp.
225 2631 358 2700 Nepotioc
375 2631 413 2685 od
426 2633 547 2700 primam
560 2637 677 2701 portem,
695 2631 858 2698 cfftooootioc
877 2629 916 2683 od

115 2701 271 2760 secundom.
290 2701 328 2771 (S.
345 2701 378 2756 R.
398 2702 427 2757 0.
447 2705 471 2758 7.
491 2701 565 2770 Sept.
586 2701 672 2771 1816.)
701 2702 739 2756 Et
755 2701 807 2755 hoo
825 2699 916 2768 quoad

115 2773 256 2842 regulares
285 2772 364 2828 etiam
388 2773 416 2827 in
441 2775 568 2828 oratoriis
589 2772 708 2841 publices
735 2770 855 2826 officiatis
881 2771 915 2826 ab

117 2843 240 2913 ipsismet
257 2843 424 2913 regularibus
438 2851 515 2900 extra
525 2850 693 2913 conventum,
711 2857 780 2910 quae
794 2840 914 2896 conside·
