<?xml version="1.0" encoding="UTF-8"?>
<!DOCTYPE html PUBLIC "-//W3C//DTD XHTML 1.0 Transitional//EN"
    "http://www.w3.org/TR/xhtml1/DTD/xhtml1-transitional.dtd">
<html xmlns="http://www.w3.org/1999/xhtml" xml:lang="en" lang="en">
 <head>
  <title>
</title>
<meta http-equiv="Content-Type" content="text/html;charset=utf-8" />
  <meta name='ocr-system' content='tesseract 3.04.00' />
  <meta name='ocr-capabilities' content='ocr_page ocr_carea ocr_par ocr_line ocrx_word'/>
</head>
<body>
  <div class='ocr_page' id='page_1' title='image "./manualesacerdot00schngoog_0188.png"; bbox 0 0 2108 3226; ppageno 0'>
   <div class='ocr_carea' id='block_1_1' title="bbox 140 129 854 181">
    <p class='ocr_par' dir='ltr' id='par_1_1' title="bbox 140 129 854 181">
     <span class='ocr_line' id='line_1_1' title="bbox 140 129 854 181; baseline 0.003 -9"><span class='ocrx_word' id='word_1_1' title='bbox 140 129 182 172; x_wconf 79' lang='lat' dir='ltr'>los</span> <span class='ocrx_word' id='word_1_2' title='bbox 227 134 308 173; x_wconf 81' lang='lat' dir='ltr'>Procas</span> <span class='ocrx_word' id='word_1_3' title='bbox 320 133 344 172; x_wconf 85' lang='lat' dir='ltr'>lu</span> <span class='ocrx_word' id='word_1_4' title='bbox 357 132 484 172; x_wconf 67' lang='lat' dir='ltr'>viriudcra</span> <span class='ocrx_word' id='word_1_5' title='bbox 497 131 534 174; x_wconf 77' lang='grc'>88.</span> <span class='ocrx_word' id='word_1_6' title='bbox 543 131 680 172; x_wconf 68' lang='lat' dir='ltr'>&amp;mouth</span> <span class='ocrx_word' id='word_1_7' title='bbox 692 131 854 181; x_wconf 66' lang='lat' dir='ltr'>persolvendae.</span> 
     </span>
    </p>
   </div>
   <div class='ocr_carea' id='block_1_2' title="bbox 141 235 945 740">
    <p class='ocr_par' dir='ltr' id='par_1_2' title="bbox 145 235 637 304">
     <span class='ocr_line' id='line_1_2' title="bbox 145 235 637 304; baseline 0.002 -15"><span class='ocrx_word' id='word_1_8' title='bbox 145 235 199 289; x_wconf 89' lang='lat' dir='ltr'>Cor</span> <span class='ocrx_word' id='word_1_9' title='bbox 216 235 291 304; x_wconf 81' lang='lat' dir='ltr'>Jesu,</span> <span class='ocrx_word' id='word_1_10' title='bbox 310 235 462 302; x_wconf 80' lang='lat' dir='ltr'><strong>opprobriis</strong></span> <span class='ocrx_word' id='word_1_11' title='bbox 481 242 637 304; x_wconf 83' lang='lat' dir='ltr'>saturatum,</span> 
     </span>
    </p>

    <p class='ocr_par' dir='ltr' id='par_1_3' title="bbox 143 306 595 374">
     <span class='ocr_line' id='line_1_3' title="bbox 143 306 595 374; baseline 0 -14"><span class='ocrx_word' id='word_1_12' title='bbox 143 306 198 360; x_wconf 84' lang='lat' dir='ltr'>Cor</span> <span class='ocrx_word' id='word_1_13' title='bbox 215 306 289 374; x_wconf 90' lang='lat' dir='ltr'>Jesu,</span> <span class='ocrx_word' id='word_1_14' title='bbox 309 321 399 361; x_wconf 85' lang='lat' dir='ltr'>amore</span> <span class='ocrx_word' id='word_1_15' title='bbox 417 306 595 374; x_wconf 85' lang='lat' dir='ltr'>vulneratum,</span> 
     </span>
    </p>

    <p class='ocr_par' dir='ltr' id='par_1_4' title="bbox 143 376 594 448">
     <span class='ocr_line' id='line_1_4' title="bbox 143 376 594 448; baseline -0.002 -17"><span class='ocrx_word' id='word_1_16' title='bbox 143 377 198 432; x_wconf 87' lang='lat' dir='ltr'>Cor</span> <span class='ocrx_word' id='word_1_17' title='bbox 215 378 290 446; x_wconf 88' lang='lat' dir='ltr'>Jesu,</span> <span class='ocrx_word' id='word_1_18' title='bbox 308 377 404 431; x_wconf 83' lang='lat' dir='ltr'>lancea</span> <span class='ocrx_word' id='word_1_19' title='bbox 420 376 594 448; x_wconf 82' lang='lat' dir='ltr'>perforatum,</span> 
     </span>
    </p>

    <p class='ocr_par' dir='ltr' id='par_1_5' title="bbox 143 448 766 518">
     <span class='ocr_line' id='line_1_5' title="bbox 143 448 766 518; baseline 0.003 -16"><span class='ocrx_word' id='word_1_20' title='bbox 143 448 197 503; x_wconf 88' lang='lat' dir='ltr'>Cor</span> <span class='ocrx_word' id='word_1_21' title='bbox 214 449 289 518; x_wconf 88' lang='lat' dir='ltr'>Jesu,</span> <span class='ocrx_word' id='word_1_22' title='bbox 307 449 336 502; x_wconf 87' lang='lat' dir='ltr'>in</span> <span class='ocrx_word' id='word_1_23' title='bbox 354 465 433 504; x_wconf 87' lang='lat' dir='ltr'>cruce</span> <span class='ocrx_word' id='word_1_24' title='bbox 451 449 580 516; x_wconf 71' lang='lat' dir='ltr'>sangiune</span> <span class='ocrx_word' id='word_1_25' title='bbox 599 449 766 517; x_wconf 75' lang='lat' dir='ltr'>exhaustum,</span> 
     </span>
    </p>

    <p class='ocr_par' dir='ltr' id='par_1_6' title="bbox 141 520 794 588">
     <span class='ocr_line' id='line_1_6' title="bbox 141 520 794 588; baseline 0.002 -14"><span class='ocrx_word' id='word_1_26' title='bbox 141 520 196 574; x_wconf 84' lang='lat' dir='ltr'>Cor</span> <span class='ocrx_word' id='word_1_27' title='bbox 213 521 289 588; x_wconf 85' lang='lat' dir='ltr'>Jesu,</span> <span class='ocrx_word' id='word_1_28' title='bbox 308 521 428 574; x_wconf 82' lang='lat' dir='ltr'>attrimm</span> <span class='ocrx_word' id='word_1_29' title='bbox 445 527 556 588; x_wconf 86' lang='lat' dir='ltr'>propter</span> <span class='ocrx_word' id='word_1_30' title='bbox 574 521 677 575; x_wconf 82' lang='lat' dir='ltr'>scelera</span> <span class='ocrx_word' id='word_1_31' title='bbox 693 527 794 588; x_wconf 85' lang='lat' dir='ltr'>nostra,</span> 
     </span>
    </p>

    <p class='ocr_par' dir='ltr' id='par_1_7' title="bbox 142 590 945 740">
     <span class='ocr_line' id='line_1_7' title="bbox 142 590 945 679; baseline 0 -35"><span class='ocrx_word' id='word_1_32' title='bbox 142 591 195 645; x_wconf 90' lang='lat' dir='ltr'>Cor</span> <span class='ocrx_word' id='word_1_33' title='bbox 214 592 289 659; x_wconf 79' lang='lat' dir='ltr'>lesu,</span> <span class='ocrx_word' id='word_1_34' title='bbox 309 592 390 645; x_wconf 78' lang='lat' dir='ltr'>etium</span> <span class='ocrx_word' id='word_1_35' title='bbox 413 607 484 644; x_wconf 87' lang='lat' dir='ltr'>nunc</span> <span class='ocrx_word' id='word_1_36' title='bbox 502 591 535 644; x_wconf 83' lang='lat' dir='ltr'>ab</span> <span class='ocrx_word' id='word_1_37' title='bbox 560 591 672 660; x_wconf 82' lang='lat' dir='ltr'>ingratis</span> <span class='ocrx_word' id='word_1_38' title='bbox 689 591 840 650; x_wconf 85' lang='lat' dir='ltr'>hominibus</span> <span class='ocrx_word' id='word_1_39' title='bbox 857 590 887 644; x_wconf 88' lang='lat' dir='ltr'>iu</span> <span class='ocrx_word' id='word_1_40' title='bbox 915 601 945 679; x_wconf 63' lang='lat' dir='ltr'>g</span> 
     </span>
     <span class='ocr_line' id='line_1_8' title="bbox 178 661 944 740; baseline 0 -23"><span class='ocrx_word' id='word_1_41' title='bbox 178 663 344 717; x_wconf 83' lang='lat' dir='ltr'>sanctissimo</span> <span class='ocrx_word' id='word_1_42' title='bbox 363 663 461 717; x_wconf 84' lang='lat' dir='ltr'>amoris</span> <span class='ocrx_word' id='word_1_43' title='bbox 481 661 652 718; x_wconf 83' lang='lat' dir='ltr'>Sacramento</span> <span class='ocrx_word' id='word_1_44' title='bbox 671 663 852 737; x_wconf 82' lang='lat' dir='ltr'>dilaceratum,</span> <span class='ocrx_word' id='word_1_45' title='bbox 914 665 944 740; x_wconf 75' lang='lat' dir='ltr'>g&#39;</span> 
     </span>
    </p>
   </div>
   <div class='ocr_carea' id='block_1_3' title="bbox 142 733 888 1727">
    <p class='ocr_par' dir='ltr' id='par_1_8' title="bbox 143 733 635 804">
     <span class='ocr_line' id='line_1_9' title="bbox 143 733 635 804; baseline 0.002 -17"><span class='ocrx_word' id='word_1_46' title='bbox 143 733 196 788; x_wconf 88' lang='lat' dir='ltr'>Cor</span> <span class='ocrx_word' id='word_1_47' title='bbox 213 735 288 804; x_wconf 87' lang='lat' dir='ltr'>Jesu,</span> <span class='ocrx_word' id='word_1_48' title='bbox 306 733 439 800; x_wconf 84' lang='lat' dir='ltr'>refugium</span> <span class='ocrx_word' id='word_1_49' title='bbox 456 740 635 803; x_wconf 81' lang='lat' dir='ltr'>peccatorum,</span> 
     </span>
    </p>

    <p class='ocr_par' dir='ltr' id='par_1_9' title="bbox 142 802 587 872">
     <span class='ocr_line' id='line_1_10' title="bbox 142 802 587 872; baseline 0 -14"><span class='ocrx_word' id='word_1_50' title='bbox 142 805 196 860; x_wconf 88' lang='lat' dir='ltr'>Cor</span> <span class='ocrx_word' id='word_1_51' title='bbox 213 806 288 872; x_wconf 89' lang='lat' dir='ltr'>Jesu,</span> <span class='ocrx_word' id='word_1_52' title='bbox 306 802 435 858; x_wconf 87' lang='lat' dir='ltr'>fortitudo</span> <span class='ocrx_word' id='word_1_53' title='bbox 454 803 587 872; x_wconf 85' lang='lat' dir='ltr'>debilium,</span> 
     </span>
    </p>

    <p class='ocr_par' dir='ltr' id='par_1_10' title="bbox 142 875 639 944">
     <span class='ocr_line' id='line_1_11' title="bbox 142 875 639 944; baseline 0.002 -15"><span class='ocrx_word' id='word_1_54' title='bbox 142 876 196 930; x_wconf 88' lang='lat' dir='ltr'>Cor</span> <span class='ocrx_word' id='word_1_55' title='bbox 213 877 289 943; x_wconf 78' lang='lat' dir='ltr'>lesu,</span> <span class='ocrx_word' id='word_1_56' title='bbox 308 875 455 930; x_wconf 84' lang='lat' dir='ltr'>consolatio</span> <span class='ocrx_word' id='word_1_57' title='bbox 474 875 639 944; x_wconf 86' lang='lat' dir='ltr'>afflictorum,</span> 
     </span>
    </p>

    <p class='ocr_par' dir='ltr' id='par_1_11' title="bbox 143 945 665 1016">
     <span class='ocr_line' id='line_1_12' title="bbox 143 945 665 1016; baseline 0.002 -16"><span class='ocrx_word' id='word_1_58' title='bbox 143 947 198 1001; x_wconf 88' lang='lat' dir='ltr'>Cor</span> <span class='ocrx_word' id='word_1_59' title='bbox 215 947 289 1013; x_wconf 87' lang='lat' dir='ltr'>Jesu,</span> <span class='ocrx_word' id='word_1_60' title='bbox 308 945 510 1014; x_wconf 84' lang='lat' dir='ltr'>perseverantia</span> <span class='ocrx_word' id='word_1_61' title='bbox 526 947 665 1016; x_wconf 89' lang='lat' dir='ltr'>iustorum,</span> 
     </span>
    </p>

    <p class='ocr_par' dir='ltr' id='par_1_12' title="bbox 143 1017 663 1087">
     <span class='ocr_line' id='line_1_13' title="bbox 143 1017 663 1087; baseline 0.002 -17"><span class='ocrx_word' id='word_1_62' title='bbox 143 1018 197 1072; x_wconf 92' lang='lat' dir='ltr'>Cor</span> <span class='ocrx_word' id='word_1_63' title='bbox 214 1017 289 1084; x_wconf 80' lang='lat' dir='ltr'>lesu,</span> <span class='ocrx_word' id='word_1_64' title='bbox 308 1017 381 1072; x_wconf 84' lang='lat' dir='ltr'>salus</span> <span class='ocrx_word' id='word_1_65' title='bbox 399 1017 427 1071; x_wconf 88' lang='lat' dir='ltr'>in</span> <span class='ocrx_word' id='word_1_66' title='bbox 444 1024 472 1070; x_wconf 89' lang='lat' dir='ltr'>te</span> <span class='ocrx_word' id='word_1_67' title='bbox 491 1019 663 1087; x_wconf 85' lang='lat' dir='ltr'>sperantium,</span> 
     </span>
    </p>

    <p class='ocr_par' dir='ltr' id='par_1_13' title="bbox 143 1088 654 1157">
     <span class='ocr_line' id='line_1_14' title="bbox 143 1088 654 1157; baseline 0 -15"><span class='ocrx_word' id='word_1_68' title='bbox 143 1088 197 1142; x_wconf 85' lang='lat' dir='ltr'>Cor</span> <span class='ocrx_word' id='word_1_69' title='bbox 213 1089 288 1156; x_wconf 84' lang='lat' dir='ltr'>Jesu,</span> <span class='ocrx_word' id='word_1_70' title='bbox 307 1103 369 1156; x_wconf 88' lang='lat' dir='ltr'>spes</span> <span class='ocrx_word' id='word_1_71' title='bbox 387 1089 414 1141; x_wconf 92' lang='lat' dir='ltr'>in</span> <span class='ocrx_word' id='word_1_72' title='bbox 432 1094 459 1142; x_wconf 84' lang='lat' dir='ltr'>te</span> <span class='ocrx_word' id='word_1_73' title='bbox 477 1089 654 1157; x_wconf 87' lang='lat' dir='ltr'>morientium,</span> 
     </span>
    </p>

    <p class='ocr_par' dir='ltr' id='par_1_14' title="bbox 144 1158 850 1228">
     <span class='ocr_line' id='line_1_15' title="bbox 144 1158 850 1228; baseline -0.003 -15"><span class='ocrx_word' id='word_1_74' title='bbox 144 1159 197 1213; x_wconf 91' lang='lat' dir='ltr'>Cor</span> <span class='ocrx_word' id='word_1_75' title='bbox 214 1159 289 1228; x_wconf 78' lang='lat' dir='ltr'>lesu,</span> <span class='ocrx_word' id='word_1_76' title='bbox 309 1160 440 1213; x_wconf 83' lang='lat' dir='ltr'>cultorum</span> <span class='ocrx_word' id='word_1_77' title='bbox 457 1166 564 1214; x_wconf 88' lang='lat' dir='ltr'>tuorum</span> <span class='ocrx_word' id='word_1_78' title='bbox 582 1159 660 1214; x_wconf 85' lang='lat' dir='ltr'>dulce</span> <span class='ocrx_word' id='word_1_79' title='bbox 677 1158 850 1228; x_wconf 74' lang='lat' dir='ltr'><strong>praesidium,</strong></span> 
     </span>
    </p>

    <p class='ocr_par' dir='ltr' id='par_1_15' title="bbox 143 1229 740 1298">
     <span class='ocr_line' id='line_1_16' title="bbox 143 1229 740 1298; baseline -0.002 -14"><span class='ocrx_word' id='word_1_80' title='bbox 143 1230 197 1284; x_wconf 88' lang='lat' dir='ltr'>Cor</span> <span class='ocrx_word' id='word_1_81' title='bbox 214 1230 288 1298; x_wconf 78' lang='lat' dir='ltr'>lesu,</span> <span class='ocrx_word' id='word_1_82' title='bbox 308 1230 419 1284; x_wconf 82' lang='lat' dir='ltr'>deliciae</span> <span class='ocrx_word' id='word_1_83' title='bbox 439 1229 597 1286; x_wconf 86' lang='lat' dir='ltr'>Sanctorum</span> <span class='ocrx_word' id='word_1_84' title='bbox 616 1231 740 1298; x_wconf 90' lang='lat' dir='ltr'>omnium,</span> 
     </span>
    </p>

    <p class='ocr_par' dir='ltr' id='par_1_16' title="bbox 143 1301 888 1440">
     <span class='ocr_line' id='line_1_17' title="bbox 143 1301 888 1370; baseline -0.001 -15"><span class='ocrx_word' id='word_1_85' title='bbox 143 1301 197 1355; x_wconf 88' lang='lat' dir='ltr'>Cor</span> <span class='ocrx_word' id='word_1_86' title='bbox 214 1301 289 1369; x_wconf 89' lang='lat' dir='ltr'>Jesu,</span> <span class='ocrx_word' id='word_1_87' title='bbox 309 1301 415 1355; x_wconf 83' lang='lat' dir='ltr'>adiutor</span> <span class='ocrx_word' id='word_1_88' title='bbox 427 1309 520 1356; x_wconf 88' lang='lat' dir='ltr'>noster</span> <span class='ocrx_word' id='word_1_89' title='bbox 536 1303 566 1355; x_wconf 92' lang='lat' dir='ltr'>in</span> <span class='ocrx_word' id='word_1_90' title='bbox 579 1301 802 1370; x_wconf 75' lang='lat' dir='ltr'>tribulationibus,</span> <span class='ocrx_word' id='word_1_91' title='bbox 818 1315 888 1370; x_wconf 84' lang='lat' dir='ltr'>quae</span> 
     </span>
     <span class='ocr_line' id='line_1_18' title="bbox 177 1373 507 1440; baseline 0.006 -16"><span class='ocrx_word' id='word_1_92' title='bbox 177 1373 336 1426; x_wconf 77' lang='lat' dir='ltr'>invenerumt</span> <span class='ocrx_word' id='word_1_93' title='bbox 353 1389 403 1427; x_wconf 90' lang='lat' dir='ltr'>uos</span> <span class='ocrx_word' id='word_1_94' title='bbox 420 1373 507 1440; x_wconf 91' lang='lat' dir='ltr'>nimis,</span> 
     </span>
    </p>

    <p class='ocr_par' dir='ltr' id='par_1_17' title="bbox 142 1442 790 1512">
     <span class='ocr_line' id='line_1_19' title="bbox 142 1442 790 1512; baseline 0.002 -17"><span class='ocrx_word' id='word_1_95' title='bbox 142 1442 235 1512; x_wconf 81' lang='lat' dir='ltr'>Agnus</span> <span class='ocrx_word' id='word_1_96' title='bbox 253 1443 313 1512; x_wconf 92' lang='lat' dir='ltr'>Dei,</span> <span class='ocrx_word' id='word_1_97' title='bbox 332 1451 391 1512; x_wconf 81' lang='lat' dir='ltr'>etc,</span> <span class='ocrx_word' id='word_1_98' title='bbox 410 1473 444 1482; x_wconf 96' lang='lat'>-</span> <span class='ocrx_word' id='word_1_99' title='bbox 463 1457 544 1512; x_wconf 85' lang='lat' dir='ltr'>parce</span> <span class='ocrx_word' id='word_1_100' title='bbox 562 1443 649 1512; x_wconf 90' lang='lat' dir='ltr'>nobis,</span> <span class='ocrx_word' id='word_1_101' title='bbox 666 1443 790 1497; x_wconf 85' lang='lat' dir='ltr'>Domine.</span> 
     </span>
    </p>

    <p class='ocr_par' dir='ltr' id='par_1_18' title="bbox 142 1513 779 1584">
     <span class='ocr_line' id='line_1_20' title="bbox 142 1513 779 1584; baseline 0.002 -17"><span class='ocrx_word' id='word_1_102' title='bbox 142 1515 236 1582; x_wconf 79' lang='lat' dir='ltr'>Agnus</span> <span class='ocrx_word' id='word_1_103' title='bbox 253 1515 314 1584; x_wconf 89' lang='lat' dir='ltr'>Dei,</span> <span class='ocrx_word' id='word_1_104' title='bbox 333 1523 392 1584; x_wconf 77' lang='lat' dir='ltr'>etc,</span> <span class='ocrx_word' id='word_1_105' title='bbox 412 1544 444 1554; x_wconf 93' lang='lat'><em>—</em></span> <span class='ocrx_word' id='word_1_106' title='bbox 465 1513 563 1568; x_wconf 81' lang='lat' dir='ltr'>exaudi</span> <span class='ocrx_word' id='word_1_107' title='bbox 580 1531 638 1583; x_wconf 90' lang='lat' dir='ltr'>nos,</span> <span class='ocrx_word' id='word_1_108' title='bbox 656 1515 779 1568; x_wconf 87' lang='lat' dir='ltr'>Domine.</span> 
     </span>
    </p>

    <p class='ocr_par' dir='ltr' id='par_1_19' title="bbox 142 1586 695 1656">
     <span class='ocr_line' id='line_1_21' title="bbox 142 1586 695 1656; baseline 0.002 -18"><span class='ocrx_word' id='word_1_109' title='bbox 142 1586 236 1654; x_wconf 84' lang='lat' dir='ltr'>Agnus</span> <span class='ocrx_word' id='word_1_110' title='bbox 254 1587 314 1655; x_wconf 91' lang='lat' dir='ltr'>Dei,</span> <span class='ocrx_word' id='word_1_111' title='bbox 334 1593 393 1656; x_wconf 86' lang='lat' dir='ltr'>etc,</span> <span class='ocrx_word' id='word_1_112' title='bbox 412 1613 446 1623; x_wconf 90' lang='lat'><em>-</em></span> <span class='ocrx_word' id='word_1_113' title='bbox 464 1587 591 1640; x_wconf 89' lang='lat' dir='ltr'>miserere</span> <span class='ocrx_word' id='word_1_114' title='bbox 609 1586 695 1640; x_wconf 84' lang='lat' dir='ltr'>nobis.</span> 
     </span>
    </p>

    <p class='ocr_par' dir='ltr' id='par_1_20' title="bbox 144 1655 797 1727">
     <span class='ocr_line' id='line_1_22' title="bbox 144 1655 797 1727; baseline -0.002 -17"><span class='ocrx_word' id='word_1_115' title='bbox 144 1657 257 1727; x_wconf 75' lang='lat' dir='ltr'>Christe,</span> <span class='ocrx_word' id='word_1_116' title='bbox 276 1657 339 1712; x_wconf 85' lang='lat' dir='ltr'>audi</span> <span class='ocrx_word' id='word_1_117' title='bbox 355 1674 414 1727; x_wconf 88' lang='lat' dir='ltr'>nos,</span> <span class='ocrx_word' id='word_1_118' title='bbox 432 1685 466 1696; x_wconf 86' lang='lat'>-</span> <span class='ocrx_word' id='word_1_119' title='bbox 488 1657 600 1725; x_wconf 87' lang='lat' dir='ltr'>Christe,</span> <span class='ocrx_word' id='word_1_120' title='bbox 625 1655 722 1711; x_wconf 78' lang='lat' dir='ltr'>exaudi</span> <span class='ocrx_word' id='word_1_121' title='bbox 739 1672 797 1710; x_wconf 87' lang='lat' dir='ltr'>nos.</span> 
     </span>
    </p>
   </div>
   <div class='ocr_carea' id='block_1_4' title="bbox 141 1726 1046 1800">
    <p class='ocr_par' dir='ltr' id='par_1_21' title="bbox 141 1726 1046 1800">
     <span class='ocr_line' id='line_1_23' title="bbox 141 1726 1046 1800; baseline 0.003 -19"><span class='ocrx_word' id='word_1_122' title='bbox 141 1728 224 1797; x_wconf 84' lang='lat' dir='ltr'>Kyrie</span> <span class='ocrx_word' id='word_1_123' title='bbox 244 1728 353 1797; x_wconf 89' lang='lat' dir='ltr'>eleison,</span> <span class='ocrx_word' id='word_1_124' title='bbox 373 1758 408 1768; x_wconf 91' lang='lat'><em>-</em></span> <span class='ocrx_word' id='word_1_125' title='bbox 428 1728 534 1782; x_wconf 83' lang='lat' dir='ltr'>Christe</span> <span class='ocrx_word' id='word_1_126' title='bbox 553 1728 662 1798; x_wconf 90' lang='lat' dir='ltr'>eleison,</span> <span class='ocrx_word' id='word_1_127' title='bbox 678 1757 711 1766; x_wconf 90' lang='lat'>-</span> <span class='ocrx_word' id='word_1_128' title='bbox 725 1727 809 1797; x_wconf 85' lang='lat' dir='ltr'>Kyrie</span> <span class='ocrx_word' id='word_1_129' title='bbox 827 1726 941 1784; x_wconf 89' lang='lat' dir='ltr'>eleison.</span> <span class='ocrx_word' id='word_1_130' title='bbox 1045 1785 1046 1800; x_wconf 59' lang='lat'>,</span> 
     </span>
    </p>
   </div>
   <div class='ocr_carea' id='block_1_5' title="bbox 141 1799 941 2848">
    <p class='ocr_par' dir='ltr' id='par_1_22' title="bbox 141 1799 585 1854">
     <span class='ocr_line' id='line_1_24' title="bbox 141 1799 585 1854; baseline -0.002 -2"><span class='ocrx_word' id='word_1_131' title='bbox 141 1799 224 1853; x_wconf 85' lang='lat' dir='ltr'>Pater</span> <span class='ocrx_word' id='word_1_132' title='bbox 241 1808 341 1854; x_wconf 89' lang='lat' dir='ltr'>noster.</span> <span class='ocrx_word' id='word_1_133' title='bbox 360 1829 393 1840; x_wconf 90' lang='lat'>-</span> <span class='ocrx_word' id='word_1_134' title='bbox 413 1799 472 1853; x_wconf 82' lang='lat' dir='ltr'>Ave</span> <span class='ocrx_word' id='word_1_135' title='bbox 490 1799 585 1852; x_wconf 84' lang='lat' dir='ltr'>Maria.</span> 
     </span>
    </p>

    <p class='ocr_par' dir='ltr' id='par_1_23' title="bbox 181 1869 665 1938">
     <span class='ocr_line' id='line_1_25' title="bbox 181 1869 665 1938; baseline -0.002 -15"><span class='ocrx_word' id='word_1_136' title='bbox 181 1870 212 1923; x_wconf 89' lang='lat' dir='ltr'>V.</span> <span class='ocrx_word' id='word_1_137' title='bbox 233 1871 299 1924; x_wconf 86' lang='lat' dir='ltr'>Jesu</span> <span class='ocrx_word' id='word_1_138' title='bbox 317 1871 388 1924; x_wconf 90' lang='lat' dir='ltr'>mitis</span> <span class='ocrx_word' id='word_1_139' title='bbox 407 1877 435 1923; x_wconf 89' lang='lat' dir='ltr'>et</span> <span class='ocrx_word' id='word_1_140' title='bbox 451 1871 558 1924; x_wconf 90' lang='lat' dir='ltr'>humilis</span> <span class='ocrx_word' id='word_1_141' title='bbox 576 1869 665 1938; x_wconf 88' lang='lat' dir='ltr'>corde,</span> 
     </span>
    </p>

    <p class='ocr_par' dir='ltr' id='par_1_24' title="bbox 178 1940 818 1996">
     <span class='ocr_line' id='line_1_26' title="bbox 178 1940 818 1996; baseline -0.002 -2"><span class='ocrx_word' id='word_1_142' title='bbox 178 1940 213 1994; x_wconf 80' lang='lat' dir='ltr'>lt.</span> <span class='ocrx_word' id='word_1_143' title='bbox 232 1941 288 1994; x_wconf 82' lang='lat' dir='ltr'>Fac</span> <span class='ocrx_word' id='word_1_144' title='bbox 307 1957 353 1995; x_wconf 89' lang='lat' dir='ltr'>cor</span> <span class='ocrx_word' id='word_1_145' title='bbox 370 1949 491 1995; x_wconf 83' lang='lat' dir='ltr'>nostrum</span> <span class='ocrx_word' id='word_1_146' title='bbox 509 1940 654 1996; x_wconf 83' lang='lat' dir='ltr'>secundum</span> <span class='ocrx_word' id='word_1_147' title='bbox 672 1946 818 1994; x_wconf 87' lang='lat' dir='ltr'>cortuum.</span> 
     </span>
    </p>

    <p class='ocr_par' dir='ltr' id='par_1_25' title="bbox 142 2009 941 2351">
     <span class='ocr_line' id='line_1_27' title="bbox 179 2009 941 2080; baseline 0.003 -15"><span class='ocrx_word' id='word_1_148' title='bbox 179 2009 298 2068; x_wconf 81' lang='lat' dir='ltr'>Oremaa.</span> <span class='ocrx_word' id='word_1_149' title='bbox 318 2010 450 2080; x_wconf 87' lang='lat' dir='ltr'>Concede,</span> <span class='ocrx_word' id='word_1_150' title='bbox 467 2027 628 2079; x_wconf 88' lang='lat' dir='ltr'>quaesumus</span> <span class='ocrx_word' id='word_1_151' title='bbox 637 2011 805 2079; x_wconf 89' lang='lat' dir='ltr'>omnipotens</span> <span class='ocrx_word' id='word_1_152' title='bbox 814 2011 897 2080; x_wconf 87' lang='lat' dir='ltr'>Deus,</span> <span class='ocrx_word' id='word_1_153' title='bbox 911 2019 941 2067; x_wconf 87' lang='lat' dir='ltr'>ut</span> 
     </span>
     <span class='ocr_line' id='line_1_28' title="bbox 143 2081 939 2164; baseline 0.003 -28"><span class='ocrx_word' id='word_1_154' title='bbox 143 2081 190 2149; x_wconf 84' lang='lat' dir='ltr'>qui</span> <span class='ocrx_word' id='word_1_155' title='bbox 207 2083 236 2135; x_wconf 89' lang='lat' dir='ltr'>in</span> <span class='ocrx_word' id='word_1_156' title='bbox 254 2083 421 2138; x_wconf 86' lang='lat' dir='ltr'>sanctissimo</span> <span class='ocrx_word' id='word_1_157' title='bbox 443 2082 532 2137; x_wconf 90' lang='lat' dir='ltr'>dilecti</span> <span class='ocrx_word' id='word_1_158' title='bbox 550 2083 613 2135; x_wconf 85' lang='lat' dir='ltr'>Filii</span> <span class='ocrx_word' id='word_1_159' title='bbox 630 2083 670 2137; x_wconf 83' lang='lat' dir='ltr'>tui</span> <span class='ocrx_word' id='word_1_160' title='bbox 687 2081 768 2136; x_wconf 92' lang='lat' dir='ltr'>corde</span> <span class='ocrx_word' id='word_1_161' title='bbox 786 2081 939 2164; x_wconf 76' lang='lat' dir='ltr'>gloriantes,</span> 
     </span>
     <span class='ocr_line' id='line_1_29' title="bbox 142 2152 938 2224; baseline 0.001 -17"><span class='ocrx_word' id='word_1_162' title='bbox 142 2154 288 2222; x_wconf 81' lang='lat' dir='ltr'>praecipua</span> <span class='ocrx_word' id='word_1_163' title='bbox 304 2154 334 2206; x_wconf 92' lang='lat' dir='ltr'>in</span> <span class='ocrx_word' id='word_1_164' title='bbox 351 2170 401 2208; x_wconf 86' lang='lat' dir='ltr'>nos</span> <span class='ocrx_word' id='word_1_165' title='bbox 417 2155 537 2208; x_wconf 85' lang='lat' dir='ltr'>caritatis</span> <span class='ocrx_word' id='word_1_166' title='bbox 560 2155 618 2208; x_wconf 91' lang='lat' dir='ltr'>eius</span> <span class='ocrx_word' id='word_1_167' title='bbox 635 2152 766 2208; x_wconf 87' lang='lat' dir='ltr'>beneficia</span> <span class='ocrx_word' id='word_1_168' title='bbox 789 2153 938 2224; x_wconf 90' lang='lat' dir='ltr'>recolimus,</span> 
     </span>
     <span class='ocr_line' id='line_1_30' title="bbox 143 2223 939 2292; baseline 0.003 -14"><span class='ocrx_word' id='word_1_169' title='bbox 143 2239 236 2278; x_wconf 88' lang='lat' dir='ltr'>eorum</span> <span class='ocrx_word' id='word_1_170' title='bbox 253 2225 355 2292; x_wconf 86' lang='lat' dir='ltr'>pariter</span> <span class='ocrx_word' id='word_1_171' title='bbox 381 2232 409 2279; x_wconf 91' lang='lat' dir='ltr'>et</span> <span class='ocrx_word' id='word_1_172' title='bbox 435 2232 497 2278; x_wconf 85' lang='lat' dir='ltr'>actu</span> <span class='ocrx_word' id='word_1_173' title='bbox 522 2223 686 2278; x_wconf 83' lang='lat' dir='ltr'>delectemur</span> <span class='ocrx_word' id='word_1_174' title='bbox 709 2232 737 2278; x_wconf 91' lang='lat' dir='ltr'>et</span> <span class='ocrx_word' id='word_1_175' title='bbox 753 2223 850 2278; x_wconf 78' lang='lat' dir='ltr'>fructu.</span> <span class='ocrx_word' id='word_1_176' title='bbox 885 2224 939 2280; x_wconf 89' lang='lat' dir='ltr'>Per</span> 
     </span>
     <span class='ocr_line' id='line_1_31' title="bbox 143 2294 854 2351; baseline 0.003 -3"><span class='ocrx_word' id='word_1_177' title='bbox 143 2294 264 2348; x_wconf 88' lang='lat' dir='ltr'>eumdem</span> <span class='ocrx_word' id='word_1_178' title='bbox 283 2296 417 2351; x_wconf 85' lang='lat' dir='ltr'>Christum</span> <span class='ocrx_word' id='word_1_179' title='bbox 434 2295 577 2350; x_wconf 87' lang='lat' dir='ltr'>Dominum</span> <span class='ocrx_word' id='word_1_180' title='bbox 594 2303 723 2351; x_wconf 86' lang='lat' dir='ltr'>nostrum.</span> <span class='ocrx_word' id='word_1_181' title='bbox 759 2296 854 2350; x_wconf 87' lang='lat' dir='ltr'>Amen.</span> 
     </span>
    </p>

    <p class='ocr_par' dir='ltr' id='par_1_26' title="bbox 141 2365 937 2848">
     <span class='ocr_line' id='line_1_32' title="bbox 177 2365 937 2436; baseline 0.005 -17"><span class='ocrx_word' id='word_1_182' title='bbox 177 2366 291 2420; x_wconf 89' lang='lat' dir='ltr'>Domine</span> <span class='ocrx_word' id='word_1_183' title='bbox 310 2368 390 2436; x_wconf 85' lang='lat' dir='ltr'>Jesu,</span> <span class='ocrx_word' id='word_1_184' title='bbox 420 2367 466 2433; x_wconf 84' lang='lat' dir='ltr'>qui</span> <span class='ocrx_word' id='word_1_185' title='bbox 486 2366 636 2422; x_wconf 82' lang='lat' dir='ltr'>ineffabiles</span> <span class='ocrx_word' id='word_1_186' title='bbox 661 2365 749 2421; x_wconf 87' lang='lat' dir='ltr'>cordis</span> <span class='ocrx_word' id='word_1_187' title='bbox 774 2367 814 2420; x_wconf 90' lang='lat' dir='ltr'>tul</span> <span class='ocrx_word' id='word_1_188' title='bbox 833 2365 937 2423; x_wconf 84' lang='lat' dir='ltr'>divilias</span> 
     </span>
     <span class='ocr_line' id='line_1_33' title="bbox 142 2436 937 2507; baseline 0.003 -17"><span class='ocrx_word' id='word_1_189' title='bbox 142 2437 271 2492; x_wconf 83' lang='lat' dir='ltr'>ecclesiae</span> <span class='ocrx_word' id='word_1_190' title='bbox 298 2444 362 2492; x_wconf 84' lang='lat' dir='ltr'>tuae</span> <span class='ocrx_word' id='word_1_191' title='bbox 380 2453 450 2492; x_wconf 84' lang='lat' dir='ltr'>novo</span> <span class='ocrx_word' id='word_1_192' title='bbox 468 2437 604 2492; x_wconf 87' lang='lat' dir='ltr'>beneficio</span> <span class='ocrx_word' id='word_1_193' title='bbox 631 2439 736 2506; x_wconf 87' lang='lat' dir='ltr'>aperire</span> <span class='ocrx_word' id='word_1_194' title='bbox 754 2436 878 2505; x_wconf 81' lang='lat' dir='ltr'>dignatus</span> <span class='ocrx_word' id='word_1_195' title='bbox 895 2452 937 2507; x_wconf 88' lang='lat' dir='ltr'>es;</span> 
     </span>
     <span class='ocr_line' id='line_1_34' title="bbox 143 2509 936 2577; baseline -0.001 -15"><span class='ocrx_word' id='word_1_196' title='bbox 143 2509 269 2577; x_wconf 90' lang='lat' dir='ltr'>concede,</span> <span class='ocrx_word' id='word_1_197' title='bbox 288 2517 319 2564; x_wconf 85' lang='lat' dir='ltr'>ut</span> <span class='ocrx_word' id='word_1_198' title='bbox 337 2510 416 2564; x_wconf 88' lang='lat' dir='ltr'>huius</span> <span class='ocrx_word' id='word_1_199' title='bbox 431 2509 603 2564; x_wconf 87' lang='lat' dir='ltr'>sacratissimi</span> <span class='ocrx_word' id='word_1_200' title='bbox 621 2509 709 2563; x_wconf 88' lang='lat' dir='ltr'>cordis</span> <span class='ocrx_word' id='word_1_201' title='bbox 727 2509 811 2562; x_wconf 86' lang='lat' dir='ltr'>amori</span> <span class='ocrx_word' id='word_1_202' title='bbox 828 2523 936 2576; x_wconf 88' lang='lat' dir='ltr'>respou-</span> 
     </span>
     <span class='ocr_line' id='line_1_35' title="bbox 143 2578 937 2648; baseline 0.001 -16"><span class='ocrx_word' id='word_1_203' title='bbox 143 2578 215 2648; x_wconf 89' lang='lat' dir='ltr'>dere,</span> <span class='ocrx_word' id='word_1_204' title='bbox 235 2588 262 2635; x_wconf 88' lang='lat' dir='ltr'>et</span> <span class='ocrx_word' id='word_1_205' title='bbox 279 2580 390 2636; x_wconf 80' lang='lat' dir='ltr'>iniurias</span> <span class='ocrx_word' id='word_1_206' title='bbox 404 2579 491 2634; x_wconf 91' lang='lat' dir='ltr'>eidem</span> <span class='ocrx_word' id='word_1_207' title='bbox 504 2579 674 2634; x_wconf 84' lang='lat' dir='ltr'>afflictissime</span> <span class='ocrx_word' id='word_1_208' title='bbox 693 2579 767 2634; x_wconf 86' lang='lat' dir='ltr'>cordi</span> <span class='ocrx_word' id='word_1_209' title='bbox 780 2580 814 2633; x_wconf 84' lang='lat' dir='ltr'>ab</span> <span class='ocrx_word' id='word_1_210' title='bbox 828 2579 937 2647; x_wconf 83' lang='lat' dir='ltr'>ingratis</span> 
     </span>
     <span class='ocr_line' id='line_1_36' title="bbox 142 2650 937 2721; baseline -0.003 -17"><span class='ocrx_word' id='word_1_211' title='bbox 142 2650 294 2706; x_wconf 91' lang='lat' dir='ltr'>hominibus</span> <span class='ocrx_word' id='word_1_212' title='bbox 312 2652 409 2721; x_wconf 83' lang='lat' dir='ltr'>illatas,</span> <span class='ocrx_word' id='word_1_213' title='bbox 439 2651 526 2719; x_wconf 80' lang='lat' dir='ltr'>dignis</span> <span class='ocrx_word' id='word_1_214' title='bbox 548 2650 685 2720; x_wconf 88' lang='lat' dir='ltr'>obsequiis</span> <span class='ocrx_word' id='word_1_215' title='bbox 702 2665 876 2718; x_wconf 84' lang='lat' dir='ltr'>compensare</span> <span class='ocrx_word' id='word_1_216' title='bbox 893 2666 937 2703; x_wconf 85' lang='lat' dir='ltr'>va·</span> 
     </span>
     <span class='ocr_line' id='line_1_37' title="bbox 141 2721 936 2848; baseline -0.003 -70"><span class='ocrx_word' id='word_1_217' title='bbox 141 2721 253 2848; x_wconf 53' lang='lat' dir='ltr'>ffimus&#39;</span> <span class='ocrx_word' id='word_1_218' title='bbox 282 2723 334 2791; x_wconf 79' lang='lat' dir='ltr'>Qui</span> <span class='ocrx_word' id='word_1_219' title='bbox 346 2723 415 2778; x_wconf 84' lang='lat' dir='ltr'>rivis</span> <span class='ocrx_word' id='word_1_220' title='bbox 433 2730 462 2777; x_wconf 88' lang='lat' dir='ltr'>et</span> <span class='ocrx_word' id='word_1_221' title='bbox 478 2737 575 2790; x_wconf 80' lang='lat' dir='ltr'>regnas</span> <span class='ocrx_word' id='word_1_222' title='bbox 591 2722 621 2776; x_wconf 92' lang='lat' dir='ltr'>in</span> <span class='ocrx_word' id='word_1_223' title='bbox 639 2722 747 2778; x_wconf 82' lang='lat' dir='ltr'>saecula</span> <span class='ocrx_word' id='word_1_224' title='bbox 764 2721 936 2777; x_wconf 83' lang='lat' dir='ltr'>saeculorum.</span> 
     </span>
    </p>

    <p class='ocr_par' dir='ltr' id='par_1_27' title="bbox 194 2809 235 2848">
     <span class='ocr_line' id='line_1_38' title="bbox 194 2809 235 2848; baseline 0 0"><span class='ocrx_word' id='word_1_225' title='bbox 194 2809 235 2848; x_wconf 89' lang='lat' dir='ltr'>en.</span> 
     </span>
    </p>
   </div>
   <div class='ocr_carea' id='block_1_6' title="bbox 0 0 1058 3226">
    <p class='ocr_par' dir='ltr' id='par_1_28' title="bbox 0 0 1058 3226">
     <span class='ocr_line' id='line_1_39' title="bbox 0 0 1058 3226; baseline 0 0"><span class='ocrx_word' id='word_1_226' title='bbox 0 0 1058 3226; x_wconf 95' lang='lat' dir='ltr'> </span> 
     </span>
    </p>
   </div>
  </div>
 </body>
</html>
