2106 3228
123 183 139 226 d
395 182 516 223 Meditendi
529 180 654 223 methodus.

124 285 361 356 praeparatorium,
372 298 441 352 quae
450 290 559 351 praeter
568 289 656 337 actum
665 281 828 337 adorationis
838 281 918 336 etiam

122 358 246 412 dolorem
264 372 296 410 ac
313 355 528 423 deprecationem
546 354 579 408 de
605 355 730 422 peccatis,
758 353 919 408 oblationem

123 429 210 483 nostri
227 435 389 494 nostraeque
399 426 510 480 arbonis
527 431 554 481 et
565 426 721 494 petitionem
730 424 812 478 divini
827 425 920 478 anxilii

124 499 160 554 cd
178 499 246 562 bene
264 497 445 552 meditandum
463 497 590 551 continet.

162 569 284 624 Oratio
298 569 586 638 praeparatoria:
600 568 733 621 Immensa
741 567 875 634 maiestas,
885 567 922 620 mi

124 641 200 696 Deus
219 649 246 696 et
258 641 384 696 Domine!
403 655 465 693 ecce
480 646 541 693 ante
555 638 768 693 oculostuosme
785 637 922 706 indignum

125 720 294 782 peccatorem
313 712 461 776 constituo,
488 718 569 778 teque
595 710 640 763 bic
656 717 825 778 praesentem
843 710 923 778 omni,

126 799 181 852 qua
198 799 322 852 possum,
352 781 503 836 reverentia
521 781 604 836 adoro
623 787 651 834 et
668 780 782 848 supplex
800 795 862 849 oro,
888 794 923 835 ne

125 871 169 910 me
188 854 320 923 despicias
339 853 372 907 ob
391 852 585 906 multitudinem
610 853 779 918 iniquitatum
795 867 923 920 mearum,

125 926 176 982 sed
193 934 224 981 nt
240 925 373 979 inveniam
391 924 504 992 gratiam
522 939 553 977 ao
570 922 777 978 misericordiam
794 923 823 976 in
840 922 925 978 oculis

125 998 189 1065 tuis,
214 1004 245 1050 nt
271 996 399 1050 veritates
418 994 522 1050 divinas
541 1002 569 1049 et
591 995 666 1062 leges
685 1009 716 1048 ac
733 995 845 1050 virtutes
862 1000 925 1049 tuas

124 1067 206 1136 digne
224 1066 346 1121 meditari
364 1067 477 1135 valeam,
500 1073 527 1120 et
545 1064 659 1135 audiam,
678 1065 742 1132 quid
758 1065 878 1132 loquaris
895 1064 925 1118 in

67 1176 70 1180 ·
125 1154 177 1208 me,
196 1139 279 1207 Deus,
298 1137 448 1205 affectuque
467 1136 653 1192 ardentissimo
672 1137 768 1204 omnia,
791 1151 859 1204 quae
877 1151 925 1190 vo·

124 1210 236 1264 luntatis
261 1225 292 1263 ac
313 1209 474 1277 beneplaciti
498 1209 538 1263 tui
563 1215 638 1276 sunt,
666 1223 825 1275 cognoscam
843 1213 925 1275 atque

125 1281 302 1350 complectar,
329 1280 454 1348 deinceps
480 1295 546 1334 vero
574 1294 657 1348 opere
681 1279 741 1347 ipso
769 1279 926 1347 compleam,

126 1366 301 1420 quaecunque
326 1351 361 1406 ad
384 1366 471 1405 meam
494 1351 608 1406 salutem
634 1357 661 1404 et
688 1348 879 1417 perfectionem
898 1358 927 1405 et

126 1423 240 1478 nominis
257 1424 296 1478 tui
309 1423 438 1477 honorem
457 1428 485 1476 et
502 1422 613 1490 gloriam
623 1428 745 1490 spectare
764 1435 925 1489 cognovero.

125 1494 217 1563 Deus,
244 1494 272 1548 in
291 1493 451 1548 adiutorium
469 1509 556 1547 meum
574 1491 697 1560 intende,
725 1499 756 1547 ut
772 1509 822 1561 per
839 1497 927 1548 totum

127 1566 208 1620 huius
220 1565 399 1620 meditationis
408 1572 513 1632 tempus
528 1579 620 1619 omnes
630 1564 702 1618 vires
716 1571 743 1618 et
755 1564 928 1632 operationes

126 1651 203 1762 ‘imeae
222 1637 325 1692 sineere
344 1635 379 1690 ad
391 1643 466 1692 tuam
479 1636 591 1704 gloriam
604 1642 732 1702 tuumque
750 1636 850 1690 cultum
866 1641 925 1690 ten·

147 1715 200 1762 ant.
236 1709 330 1763 Amen.
835 1721 840 1732 ·

162 1779 247 1834 Porro
274 1779 308 1833 ad
332 1779 548 1848 imaginationem
573 1776 765 1846 aliquantulum
782 1775 929 1832 iuvandam

127 1855 156 1904 et
174 1849 209 1904 ad
227 1850 413 1905 distractiones
431 1850 536 1906 facilius
555 1848 716 1904 amovendas
733 1847 765 1902 fit
782 1847 927 1916 praelu-

127 1920 221 1975 dium
238 1921 400 1989 primum,
417 1921 436 1978 i.
451 1937 474 1975 e.
493 1922 584 1988 aliqua
602 1919 758 1988 compositio
776 1919 837 1988 loci,
856 1934 927 1986 quae

126 1992 251 2048 consistit
268 1993 296 2046 in
315 2007 356 2061 eo,
374 2000 404 2046 nt
421 1993 499 2046 nobis
515 2007 573 2046 rem
590 1992 684 2060 ipsam,
704 1990 737 2046 de
747 2006 800 2058 qua
815 1989 928 2044 medita·

127 2064 182 2118 turi
196 2079 295 2133 sumus,
314 2065 390 2131 quasi
400 2063 434 2117 ob
451 2064 542 2118 oculos
556 2078 695 2131 ponamus,
712 2078 767 2116 non
780 2061 887 2130 quidem
896 2069 929 2118 ut

128 2133 261 2203 depictam
279 2136 307 2188 in
325 2134 429 2203 tabula,
456 2149 544 2202 neque
563 2135 642 2188 etiam
668 2141 698 2188 ut
715 2134 768 2188 iam
787 2140 848 2187 ante
867 2148 929 2188 sae-

128 2207 190 2260 cula
203 2215 313 2275 gestam,
333 2205 381 2260 sed
397 2206 444 2274 ita,
463 2220 495 2260 ac
513 2205 537 2260 si
553 2206 605 2274 ipsi
614 2221 672 2259 rem
688 2219 777 2259 coram
796 2205 873 2258 nobis
883 2205 930 2273 egi

128 2277 498 2346 videremusinpraesenti.1)
518 2277 546 2330 Si
557 2277 624 2330 nihil
638 2276 716 2330 facile
732 2275 855 2344 occurrit,
873 2291 930 2330 non

150 2395 171 2450 ²)
184 2397 223 2446 Tu,
238 2398 257 2437 sl
268 2397 364 2437 fructum
378 2407 405 2437 ex
419 2397 453 2438 hle
474 2407 560 2438 sumere
574 2397 643 2446 cupis,
658 2397 726 2436 itate
740 2397 877 2445 praesentem
891 2405 931 2436 ex·

183 2462 260 2502 hlbeas
275 2463 321 2510 hle,
346 2473 402 2512 quse
419 2474 458 2512 per
472 2463 589 2502 Dominum
607 2463 684 2502 Jesnm
698 2461 808 2501 christum
826 2460 886 2500 diota
907 2462 931 2501 st

183 2530 243 2568 iacta
256 2529 381 2578 narrantur,
396 2540 421 2570 ao
436 2530 455 2570 sl
468 2530 513 2570 tuls
527 2530 617 2568 auribus
631 2528 719 2568 audires
738 2530 760 2566 et
774 2527 842 2566 oculis
856 2538 882 2567 ea
897 2528 931 2568 vl·

184 2594 253 2644 dores,
268 2597 315 2634 toto
330 2596 409 2635 mentis
424 2595 504 2635 affectu
517 2595 641 2644 diligenter,
661 2593 820 2632 delectabiliter
842 2596 864 2631 et
882 2602 930 2632 mo·

183 2671 240 2709 rose,
255 2662 356 2702 omnibns
375 2661 425 2702 allis
446 2661 505 2701 curis
529 2663 552 2700 et
573 2658 756 2700 sollicitudinibus
774 2661 826 2697 tuno
840 2657 931 2699 omissis

183 2725 211 2776 (S.
226 2727 371 2767 Bosasesstscra
393 2729 416 2768 ta
431 2727 538 2778 prooemio
559 2727 585 2765 ds
608 2725 656 2765 Vite
674 2723 773 2771 derasae
798 2726 820 2763 et
842 2711 933 2772 qdldsm

182 2801 209 2832 ec
227 2792 247 2832 sl
261 2796 389 2842 gererentur
407 2795 498 2843 propter
519 2794 542 2832 te
563 2791 640 2832 solum.
677 2790 825 2837 (Dicerem-time
842 2789 871 2828 od
890 2789 931 2832 lib.
