2138 3226
164 159 207 204 188
243 161 245 166 '
421 159 479 202 Ordo
492 161 552 200 uteo
566 160 716 201 eeeemotsue.

169 264 238 319 sium
256 260 393 330 conieme;
411 262 475 329 quis
488 260 523 316 od
534 260 646 316 mortele
659 259 750 329 trehit,
769 266 819 316 etc.
836 258 893 314 Sed
905 277 963 315 me·

165 335 245 403 xime,
260 335 323 402 quis
341 332 413 401 quod
430 331 534 386 veniulc
551 332 633 401 plebi,
650 333 807 401 plerumque
825 331 963 388 criminale

165 405 308 463 secerdoti
328 404 368 470 (S.
384 403 552 474 eremos)
571 404 657 458 Levis
669 404 750 458 etiem
768 402 872 471 delicto,
891 418 964 471 quse

165 478 195 534 in
210 476 277 546 ipsis
295 476 411 530 maxims
429 481 527 543 essent,
546 473 681 543 effugiunt
701 473 793 540 (Oooc.
815 474 902 542 Trici.)
917 475 961 529 Ab

167 548 261 604 scedis
279 555 307 603 et
324 546 463 616 tepiditate
476 561 643 615 summopere
653 552 755 614 cavete,
772 545 872 613 quippe
890 560 961 614 quse

166 635 202 675 ex
218 618 320 674 iudicio
335 617 434 672 Christi
451 617 531 672 soluti
554 617 713 685 praesertim
736 616 765 670 in
782 617 847 670 viris
866 617 957 686 sacris,

167 696 229 747 sunt
247 690 389 758 plurimum
405 689 525 742 nocivae.
558 689 668 744 Utinam
678 687 799 757 friqides
816 703 892 756 esses,
910 693 963 742 aot

166 761 289 828 calidus3
306 759 354 814 sed
370 760 436 827 quio
454 759 560 828 umidus
578 775 612 827 es,
641 765 667 813 et
687 775 736 813 nec
756 758 884 828 fulridus,
909 775 959 813 esec

167 832 281 899 umidos,
299 831 429 899 mopiam
447 836 473 884 te
490 846 607 884 evomere
624 846 658 884 ee
673 845 719 884 ore
735 845 801 884 oleo.
821 829 913 898 (Apoc.
924 829 963 900 3.)

166 904 204 958 Et
220 918 285 958 vero
305 901 470 970 experientis
481 908 647 970 compertum
659 907 708 971 est,
728 901 835 969 saepius
843 901 964 970 insignes

166 981 323 1043 peccatores
342 971 377 1026 od
395 987 488 1028 senum
504 971 608 1041 frugem
629 971 731 1042 reduci,
756 986 837 1039 quem
853 971 964 1041 tepidos

169 1051 196 1100 et
213 1043 320 1100 desides
338 1042 373 1098 ed
390 1042 525 1099 fervorem
542 1044 660 1099 excitari

202 1116 249 1170 IX.
286 1116 315 1170 A
331 1113 432 1170 meede
450 1119 546 1169 cotem.
581 1116 607 1169 Α
631 1113 730 1169 mundo
754 1121 782 1169 et
799 1113 966 1170 amatoribus

166 1186 267 1256 mundi,
291 1202 323 1240 so
347 1186 475 1254 imprimis
500 1200 601 1240 osexu
618 1185 749 1255 muliebri,
775 1185 928 1252 etquidem
946 1201 966 1241 a

167 1258 266 1313 devoto
293 1257 436 1326 plurimum
460 1263 561 1312 csvcte.
608 1257 694 1324 Quom
718 1257 903 1324 contagiosum
927 1257 964 1314 sit
1050 1305 1051 1312 ,

166 1329 259 1383 mundi
277 1329 447 1398 consortium,
465 1343 500 1382 ex
512 1328 594 1383 voriis
607 1328 767 1384 testimoniis
785 1335 813 1382 et
831 1328 963 1396 exemplis

167 1400 306 1468 percipite.
340 1399 439 1455 Audite
463 1399 551 1469 ipsum
570 1399 719 1467 Christum3
750 1399 805 1453 Vae
822 1399 925 1453 muodo
943 1415 966 1454 o

166 1470 966 1540 mundulos....Noopromuodoroeo....Poter
1050 1495 1051 1500 κ

166 1543 243 1611 iuste
266 1542 385 1597 mundes
408 1547 434 1596 te
457 1558 513 1596 otoo
536 1542 666 1612 coercuit.
707 1540 806 1596 Audito
829 1540 963 1596 Josnnem

168 1614 342 1683 Apostolum:
360 1613 485 1668 Mundus
502 1619 573 1668 totus
589 1615 620 1667 io
643 1613 762 1682 maimo
782 1613 891 1680 poeotes
916 1617 965 1668 eet.

169 1685 269 1742 Audite
289 1684 430 1754 quemdum
440 1685 533 1740 olium:
552 1683 674 1753 „quoties
689 1685 759 1739 inter
776 1683 898 1739 homines
915 1682 966 1754 fui,

166 1757 255 1812 minor
264 1758 344 1811 homo
354 1755 448 1810 redii.“
459 1785 492 1795 -
503 1756 589 1824 Quem
597 1755 750 1824 periculose
760 1755 796 1810 sit
804 1754 965 1809 feminarum

167 1829 291 1897 societas,
300 1827 320 1898 ¹)
340 1827 430 1882 audite
446 1827 616 1882 Solomonem
629 1841 678 1882 sus
689 1825 807 1882 infausto
823 1825 964 1894 experien-

193 1988 966 2092 ¹³utillimttlut‘lttrtllttl‘’riluttlitttltt

222 2095 384 2136 familieritse.“
412 2095 506 2147 (eones.
528 2097 593 2136 dioec.
613 2097 692 2139 Botieb.
712 2097 754 2140 111.
772 2097 792 2136 1.
812 2095 829 2146 ᾗ.
850 2092 868 2139 l.
883 2107 903 2139 n
918 2093 964 2148 21.)

222 2149 375 2199 „Sacerdotem
385 2159 429 2189 non
438 2152 525 2189 tentum
534 2150 622 2198 melum,
637 2150 674 2190 sed
688 2150 755 2190 etiem
763 2150 816 2189 meli
825 2149 920 2197 speciem
929 2150 965 2190 m·

221 2203 352 2252 geredecct.
379 2204 398 2242 Δ
412 2203 556 2252 frequentiori
575 2203 685 2243 consortio
702 2203 826 2251 mulierum,
847 2203 915 2242 etiem
927 2213 964 2244 es·

221 2266 278 2305 rum,
292 2266 350 2305 quse
359 2256 447 2305 pietatis
458 2259 480 2296 et
489 2257 609 2298 modestice
618 2256 682 2297 leude
696 2267 740 2296 non
753 2256 862 2296 immerito
876 2257 965 2305 potiun-

221 2312 266 2358 tur,
280 2309 367 2357 penitus
381 2311 498 2350 ebetincet.
525 2310 631 2360 Anciliec,
645 2311 724 2359 quibus
738 2309 766 2349 ed
780 2320 815 2350 roe
829 2310 963 2352 domesticos

221 2364 369 2414 procurandos
382 2364 479 2413 indiget,
499 2364 624 2403 maturioris
639 2364 683 2403 sint
696 2363 786 2412 eetetie,
809 2362 966 2411 integerrimae

221 2415 301 2464 temne,
315 2419 397 2465 cutes,
411 2417 505 2464 sobriee,
520 2417 627 2464 subditae,
642 2419 667 2456 ut
681 2417 719 2465 qni
732 2427 761 2455 ex
770 2416 861 2456 edverso
876 2418 916 2466 est,
930 2427 964 2456 re·

220 2472 324 2510 verentur
337 2470 391 2510 nihii
400 2471 484 2510 hebens
492 2471 564 2511 dicere
578 2470 672 2519 mulum,
687 2472 711 2509 ut
724 2472 857 2510 sumtuoslns
868 2470 965 2510 resticu-

221 2524 266 2570 tur,
280 2522 315 2562 vel
329 2523 419 2564 chous·
430 2524 576 2573 irequentent,
589 2535 633 2563 non
647 2523 732 2567 toleret.
753 2523 860 2572 Quidquid
869 2523 965 2564 familie-

222 2576 269 2616 rius
278 2577 430 2616 commercium
440 2577 530 2626 redolet,
544 2579 566 2616 id
576 2577 641 2626 longe
652 2576 716 2616 obsit.
739 2577 847 2616 Ancillem
856 2587 966 2617 commen·

222 2629 291 2670 selem
303 2639 347 2669 non
360 2630 453 2679 hebent,
474 2640 544 2678 neque
558 2641 607 2670 curn
621 2640 647 2670 es
661 2630 797 2678 dsembulet,
820 2631 855 2670 vel
869 2631 966 2670 eliorum

222 2683 299 2722 domne
314 2683 386 2732 edeet,
401 2686 440 2723 eut
453 2683 528 2722 eodem
540 2684 647 2732 vehiculo,
660 2683 703 2723 nisi
715 2685 789 2724 sorren
799 2684 887 2732 publico
899 2683 967 2724 velie·

221 2737 265 2780 tur.
292 2737 322 2777 Ut
335 2738 409 2785 rebus,
431 2747 488 2786 quse
502 2737 530 2776 ed
544 2749 592 2777 cem
606 2746 649 2776 non
663 2737 780 2786 pertinent,
796 2748 818 2777 ee
834 2737 966 2786 immiscent,

223 2789 259 2829 vel
273 2789 423 2830 dominatricis
436 2793 510 2840 portes
525 2791 566 2830 eibi
580 2792 670 2838 arroget
688 2790 776 2829 minime
791 2791 894 2839 patietur.
923 2791 967 2830 Ac·

223 2845 272 2882 tum
285 2845 319 2884 eet
332 2844 359 2884 de
371 2846 505 2884 anctoritate
517 2843 616 2893 per-ochi,
633 2853 697 2892 quem
711 2844 746 2884 sni
759 2853 773 2883 e
786 2845 886 2884 mulieris
897 2844 968 2895 impe·
