2138 3226
150 168 192 214 28⁰
399 173 478 217 Precor
491 183 531 223 pro
545 173 703 214 sacerdotibus.

70 333 73 337 ,
153 275 205 343 sit;
230 289 273 328 me
292 273 370 331 etiam
389 274 484 328 inatile
501 281 663 330 sarmentum
689 275 777 330 insere
794 274 823 328 in
839 280 875 343 te,
903 275 952 343 qui

153 360 183 401 es
201 346 264 401 vitis
281 360 354 413 vera,
373 352 404 400 ut
416 344 517 400 froctm
531 345 616 400 feram
629 345 785 400 uberrimos.
812 345 856 400 Da
869 361 950 402 servo

151 423 198 472 tuo
218 432 265 472 cor
283 415 376 484 docile,
401 425 434 473 ut
449 417 613 471 voluntatem
638 423 712 472 tuam
730 417 882 471 annuntiem
900 433 950 485 po·

150 488 214 556 pulo
240 495 295 544 tuo.
332 487 376 542 Da
400 487 466 542 mihi
490 487 613 556 amplecti
637 503 712 556 eum,
740 488 785 554 qui
804 487 951 544 secundum

152 558 299 614 doctrinam
317 565 366 626 est,
384 557 491 612 fidelem
502 573 658 627 sermonem,
676 564 707 612 ut
723 566 820 626 potens
834 559 884 614 sim
902 575 950 614 ex·

151 630 254 686 hortari
276 631 304 684 in
323 629 444 684 doctrina
468 645 534 687 sana
552 637 579 684 et
597 645 661 698 eos,
689 631 734 697 qui
753 629 949 700 contradicunt,

153 716 273 770 arguere.
310 700 428 754 Verbum
445 701 567 756 veritatis
591 716 625 755 ne
644 699 751 754 auferas
770 701 803 754 ab
822 716 869 756 ore
886 717 951 756 meo

152 779 180 827 et
197 772 232 826 da
245 771 310 826 mihi
323 771 443 839 gratiam,
462 778 492 824 ut
504 771 624 829 fervente
639 772 735 839 spiritu
748 771 859 839 eloquar
872 772 950 842 illud,

149 859 184 898 ne
203 858 282 898 aures
301 849 404 896 tantum
417 841 504 910 feriat,
523 842 572 897 sed
584 859 630 898 cor
647 849 771 910 penetret
788 851 816 898 et
832 842 950 898 fructum

152 914 346 983 optatissimum
359 912 462 969 afferat.
489 913 602 970 Renova
614 915 696 968 vitam
709 929 804 982 meam,
818 921 846 968 et
858 930 950 970 mores

150 1001 225 1040 meos
243 985 271 1038 iu
288 984 382 1038 melius
402 992 541 1052 commuta,
565 1000 599 1038 ne
619 984 681 1040 dum
699 985 758 1042 aliis
775 984 950 1052 praedicave-

148 1057 206 1124 rim,
225 1056 284 1122 ipse
302 1055 433 1122 reprobus
452 1054 557 1127 efficiar,
595 1056 671 1112 Tolle
690 1072 707 1110 a
724 1073 766 1112 me
785 1056 949 1127 superbiam,

151 1126 322 1194 iracundiam,
337 1126 536 1181 sensualitatem
550 1134 578 1181 et
590 1128 678 1195 turpis
689 1127 756 1184 lucri
766 1127 948 1195 cupiditatem.

148 1197 262 1266 Largire
296 1197 513 1266 hospitalitatem,
540 1198 738 1268 benignitatem,
766 1199 949 1269 sobrietatem,

149 1268 285 1337 iustitiam,
296 1269 462 1324 sanctitatem
473 1269 701 1337 etccntinentiam,
711 1285 745 1325 ne
754 1269 801 1324 ulli
810 1269 949 1326 hominum

149 1339 302 1394 scandalum
311 1339 462 1408 praebeam,
482 1348 528 1394 aut
541 1341 743 1408 blasphemandi
751 1340 861 1396 verbum
870 1348 949 1396 tuum

149 1412 315 1468 occasionem
325 1410 444 1466 offeram.
464 1411 585 1466 Concede
595 1412 660 1480 mihi
669 1412 799 1480 spiritum,
814 1427 866 1480 quo
880 1427 948 1468 ovea

147 1497 222 1538 meas
239 1483 267 1536 in
284 1483 430 1538 visceribus
448 1483 501 1538 tuis
520 1480 635 1551 diligam,
660 1498 710 1537 nec
729 1483 807 1538 aliter
824 1491 947 1552 tractem,

150 1567 229 1620 quam
247 1562 333 1608 mater
345 1555 458 1621 unicum,
478 1569 556 1621 quem
569 1554 651 1608 babet
663 1553 754 1624 filium,
772 1561 888 1610 tractare
902 1570 947 1610 so·

149 1624 212 1682 leat.
230 1625 311 1680 Nulla
318 1624 474 1693 infirmetur,
486 1640 598 1693 quacum
608 1639 658 1692 ego
668 1640 722 1680 non
730 1624 948 1693 infirmemnulla

149 1696 351 1765 scandalizetur,
371 1696 434 1763 quin
455 1703 482 1750 et
501 1711 551 1764 ego
569 1711 640 1752 urar.
676 1696 865 1751 Libentissime
883 1711 949 1752 mea

149 1768 238 1822 omnia
255 1766 406 1836 impendam
419 1773 447 1822 et
460 1766 679 1834 superimpendar
697 1767 755 1835 ipse
772 1783 823 1841 pro
842 1767 944 1822 anima·

147 1837 198 1893 bus
211 1855 310 1894 earum.
338 1839 473 1906 Juvame,
487 1838 609 1906 Domine,
622 1845 660 1907 ut,
670 1837 882 1906 quodiniirmum
892 1845 944 1908 est,

148 1909 318 1979 consolidem,
343 1909 415 1977 quod
433 1919 572 1977 aegrotum
590 1916 639 1977 est,
665 1924 764 1977 sanem,
790 1908 944 1978 1111111111-

147 1979 261 2036 fractum
279 1989 327 2050 est,
347 1982 459 2050 alligem,
488 1979 561 2046 quod
577 1980 709 2034 altiectum
728 1988 776 2048 est,
806 1979 943 2051 reducam,

147 2051 220 2118 quod
237 2052 363 2121 perierat,
381 2053 523 2119 requiram,
538 2066 604 2119 quos
618 2051 754 2106 credidisti
766 2051 839 2121 mibi,
853 2059 944 2108 custo·

149 2121 220 2177 diam
238 2131 266 2178 et
283 2139 351 2178 unus
369 2137 403 2176 ex
421 2123 532 2180 eisnon
548 2131 650 2190 pereat
690 2121 831 2178 Sanctidca
849 2137 897 2178 eos
914 2124 945 2178 in

147 2195 271 2264 veritate,
286 2210 301 2249 o
316 2191 493 2248 sanctificator
505 2193 846 2263 hominumbeuignissime,
860 2202 944 2262 atque

148 2265 183 2320 ab
202 2266 323 2320 omnibus
349 2264 460 2320 inimicis
486 2271 514 2318 et
536 2263 744 2321 adversitatibus
768 2265 889 2334 corporis
914 2272 945 2322 et

147 2337 252 2392 animae
271 2334 381 2392 custodi.
415 2334 458 2389 Sic
475 2335 540 2391 milri
559 2336 750 2405 obtemperent,
769 2337 865 2392 sicma
884 2335 944 2392 dili-

146 2415 225 2476 gant,
253 2414 283 2462 ut
301 2407 336 2461 sit
352 2406 510 2463 rationabile
535 2408 692 2474 obsequium
716 2423 807 2462 eorum
832 2415 861 2462 et
882 2409 945 2464 vias

147 2477 271 2532 fidelibus
286 2477 437 2532 christianis
449 2477 543 2546 dignas
558 2479 700 2547 ambulent,
714 2485 745 2533 ut
757 2486 845 2549 egoet
856 2479 943 2534 verbo

148 2556 176 2604 et
190 2549 311 2616 exemplo
326 2548 365 2604 eis
383 2548 568 2616 praecedendo
582 2555 610 2604 et
622 2549 662 2604 illi
674 2564 717 2604 me
731 2549 875 2618 sequendo,
893 2565 944 2618 pa-

144 2619 211 2674 riter
229 2635 366 2676 cumamus
383 2619 419 2674 ud
435 2627 477 2688 te,
505 2635 598 2674 rerum
620 2621 766 2674 animarum
789 2627 944 2676 normarum

144 2697 296 2758 pastorem,
322 2691 368 2759 qui
385 2706 435 2748 noa
453 2691 481 2744 in
498 2690 557 2746 loco
575 2707 693 2758 pascuae
710 2692 868 2760 collocabis,
895 2691 944 2748 ubi

143 2761 213 2816 viris
231 2768 258 2816 et
276 2775 373 2830 regnas
399 2778 458 2816 cum
476 2761 536 2818 Deo
554 2762 636 2818 Patre
660 2763 688 2817 in
705 2764 807 2818 unitate
825 2763 945 2830 Spiritus
976 2828 978 2837 Α

144 2832 230 2888 suomi
247 2832 322 2890 Deus
339 2848 390 2902 per
407 2833 497 2888 omniu
514 2834 623 2890 saecula
639 2835 813 2890 soeculorum
844 2834 942 2890 Amen.
