2130 3242
166 185 207 230 itt
340 190 373 229 lie
387 190 578 231 sacramentonum
591 189 788 230 administratione.

77 299 89 320 ·
167 292 365 361 spenaatiouem
382 289 597 361 impetraverint,
623 289 802 348 comussuius
820 287 968 348 absolutio·

168 378 230 418 nem
249 363 313 418 dare
338 363 404 432 ipsis
428 363 499 417 licite
517 364 625 431 poterit
660 363 787 418 Attamen
805 361 905 418 debent
923 379 968 418 cc·

167 435 301 490 cesionem
318 435 407 504 etiam,
434 435 532 489 saitem·
546 434 694 503 proximam
713 435 823 503 evitate,
849 433 969 502 indeque

166 521 185 560 a
201 506 281 560 iinoro
299 506 429 574 separari.
466 504 495 559 Si
512 520 578 560 vero
596 521 666 560 uuus
679 506 839 560 contrahens
852 507 881 559 in
893 507 968 561 mala

170 575 224 631 iiie
241 585 379 646 versetur,
406 577 517 645 ipseque
543 576 616 631 sulus
640 576 858 644 impedimentum
882 577 968 648 novit,

167 647 246 704 cesus
264 649 347 702 multo
367 647 498 702 difficilior
515 647 628 702 videtur.
673 647 765 716 Tunc,
791 647 899 715 quando
917 665 967 703 nu·

167 720 240 788 ptine
259 720 366 774 omnino
384 718 486 774 differri
502 723 639 786 nequeunt
656 718 691 772 ob
703 717 831 774 scandale
844 735 876 773 ac
893 720 969 775 mala

166 791 277 860 maiore,
297 798 324 845 et
341 791 482 859 poenitens
506 791 572 844 alies
591 790 625 844 de
643 797 741 844 conatu
759 789 853 845 dolens
872 791 908 846 sit
926 790 967 845 di·

169 863 296 930 spositus,
315 868 438 916 auctores
457 861 606 930 consulunt,
633 868 663 915 ut
681 861 860 916 confessarius
877 862 970 930 ipsum

165 939 274 988 moveat
291 932 325 986 acl
344 931 517 988 emittendum
544 933 673 988 castitatis
691 939 797 1005 votum,
825 931 911 987 donec
929 933 970 988 di·

167 1004 303 1073 spensetio
321 1004 486 1072 impetretur.
523 1003 653 1071 Namque,
673 1003 801 1073 muntii
820 1019 885 1058 sane
904 1019 969 1074 ape·

116 1132 120 1141 ,
165 1075 220 1130 rire
246 1075 324 1129 elteri
349 1075 455 1143 coniugi
478 1076 587 1144 poterit,
612 1075 735 1128 nimirum
760 1089 790 1129 se
809 1073 844 1128 ad
861 1079 970 1144 tempus

141 1175 143 1180 ,
167 1146 324 1200 obstuictum
343 1161 403 1202 esse
420 1154 484 1201 voto
504 1146 648 1214 castitatis,
678 1145 795 1213 indeque
813 1146 916 1200 tamdiu
934 1161 969 1201 ex
1055 1179 1056 1200 i

166 1216 311 1272 munitione
331 1216 486 1272 confessarii
511 1232 540 1272 se
567 1217 680 1271 athoru
708 1231 835 1286 seperare
860 1217 969 1272 debere.

70 1331 73 1335 .
166 1287 242 1355 Quae
261 1288 283 1344 si
301 1290 442 1357 poenitens
461 1288 720 1356 severepromittat,
747 1285 850 1343 absolvi
868 1290 970 1357 poterii

166 1366 247 1427 atque
265 1359 300 1413 aii
318 1361 515 1429 copulationem
533 1358 669 1416 accedere.
702 1359 767 1428 (Gir.
784 1359 899 1414 &ouini
915 1360 967 1416 IV.

166 1433 315 1570 ⁵ggiqfioties
333 1509 422 1556 autem
441 1501 542 1555 ditioni
559 1507 673 1570 possunt
688 1502 808 1570 nuptiae,
831 1501 859 1555 id
876 1508 968 1556 tamen

166 1575 307 1642 poenitens
325 1589 379 1628 non
397 1573 469 1642 vult;
487 1573 531 1626 vei
549 1573 572 1628 si
586 1571 687 1626 differri
701 1572 808 1640 quidem
821 1579 969 1642 nequeunt,

167 1651 194 1700 at
214 1646 355 1714 poenitens
373 1661 428 1699 nun
447 1651 488 1699 est
506 1643 660 1712 dispositus,
679 1642 859 1698 confessuiue
877 1645 969 1713 ipsum

166 1717 307 1772 absolvere
325 1717 431 1770 minime
450 1722 553 1785 potest,
577 1730 628 1770 nec
645 1715 780 1770 licentiam
805 1716 857 1785 ipsi
875 1713 968 1770 iacere
1056 1711 1057 1772 i

167 1787 341 1844 ¹contruhendi
358 1786 566 1842 Matrimonium.
578 1787 597 1855 ¹)
809 1812 814 1820 -

275 1932 297 1976 8.
320 1931 351 1976 iic
364 1930 524 1983 dissentiens
535 1933 559 1974 ei
573 1929 739 1974 mansues
752 1932 856 1976 mitium

144 2003 154 2015 “
194 2013 377 2080 ,υἱοροηοαῒῐο
395 2014 452 2068 voti
466 2018 508 2067 est
522 2013 645 2066 absoluta
658 2012 718 2067 eius
732 2011 892 2069 condonatio
919 2027 969 2068 no·

165 2085 236 2138 mine
248 2082 300 2137 Dei
320 2100 337 2138 a
354 2085 474 2153 legitimo
493 2083 632 2151 superiore
651 2097 685 2137 ex
702 2083 774 2138 iuste
789 2099 870 2140 ceusu
887 2055 970 2140 iacta.

167 2153 223 2210 Soli
242 2155 366 2225 praelati,
395 2155 491 2224 quibus
509 2154 656 2210 iurisdictio
685 2154 830 2222 spiritualis
855 2157 884 2209 in
908 2155 971 2211 soro

165 2233 277 2282 externo
298 2225 361 2280 duta
389 2234 444 2292 est,
473 2241 554 2294 super
581 2226 652 2280 votis
671 2225 826 2293 dispensare
845 2233 970 2295 possunt

166 2327 199 2338 -
227 2295 301 2364 Ergo
330 2297 415 2353 sulus·
431 2297 507 2366 Papa
533 2313 583 2366 pro
608 2303 666 2351 tota
684 2297 811 2366 ecclesia,
837 2297 971 2367 Episcopi

164 2368 296 2492 ρτῧὼευὶε
324 2367 505 2440 dioecesibus,
534 2368 648 2438 praelati
671 2369 810 2437 regulares
833 2384 883 2438 pro
912 2369 970 2425 suis

167 2456 199 2496 su
238 2437 289 2492 'tis
711 2460 732 2494 ’.ι

203 2511 392 2567 commutatio
412 2514 453 2564 cst
477 2509 630 2564 substitutio
656 2510 767 2566 alicuius
792 2511 882 2580 operis
907 2511 970 2567 lucu

165 2581 255 2650 operis
274 2587 338 2635 vctu
357 2582 491 2652 promissi,
510 2595 579 2648 quae
597 2579 628 2636 fit
646 2582 696 2638 sub
715 2581 809 2636 eedem
826 2583 883 2637 voti
902 2582 970 2637 obii·
997 2621 1003 2636 .

177 2719 198 2771 1)
213 2720 269 2766 ind
283 2730 351 2768 agero
364 2719 445 2759 debeat
459 2721 556 2768 cuniis,
571 2720 608 2769 qui
620 2722 763 2762 Matrimonia
776 2721 847 2760 mixta
858 2721 916 2761 inire
930 2731 970 2761 ro·

215 2787 272 2836 lunt,
290 2786 324 2825 vei
338 2787 383 2826 iam
397 2785 502 2836 inierunt,
516 2787 566 2827 vide
579 2787 638 2828 lnira
651 2789 673 2828 in
688 2789 760 2838 capito
770 2789 812 2838 „da
825 2788 969 2838 impedimen·

215 2853 246 2892 iis
261 2853 420 2896 Matrimonii‘·
492 2893 495 2900 Ι
