2130 3242
340 199 373 239 De
387 197 528 240 seommmeo
541 197 657 247 nepotum.
860 193 900 238 889
960 209 962 214 ’

98 301 224 357 conditor
241 301 372 370 veritatis,
396 307 424 356 te
443 301 577 368 supplices
605 314 755 368 exoramus,
781 306 812 355 ιιι
828 301 900 356 hunc

95 372 226 428 famulum
243 380 320 427 tuum
337 373 371 429 N.
396 372 531 440 respicere
557 371 682 440 digneris,
707 371 847 440 propitius,
872 378 900 427 et

95 445 149 500 hoc
174 445 303 513 pabulum·
329 444 392 498 salis
417 449 568 512 gustantem
592 458 646 497 non
673 442 771 496 diutins
797 443 899 498 osanne

10 515 12 578 ζ
96 517 248 584 permittas,
258 516 398 583 quominus
413 516 471 569 cibo
482 514 623 582 expleatur
634 513 752 581 coelesti,
767 519 899 581 quotenus

97 587 134 644 sic
152 601 260 655 semper
274 587 369 654 spiritu
386 585 503 654 fervens,
522 601 570 654 spo
588 584 716 654 gaudens,
730 591 778 638 tuo
792 599 899 652 semper

96 659 200 712 nomini
218 658 346 726 serviens,
365 665 392 712 et
410 671 489 726 quem
515 657 549 710 ad
577 669 664 710 norae
687 656 899 723 regenerationis

96 729 235 784 lavacrum
262 729 424 797 perduxisti,
448 741 608 796 quaesumus
633 727 755 796 Domine,
783 733 813 781 ut
840 741 899 781 cum

96 799 224 855 fidelibus
241 801 295 856 tuis
312 800 518 869 promissionum
536 806 642 853 tuarum
657 805 767 852 aeterna
779 798 900 866 praemis

97 871 229 939 consequi
242 878 383 926 mereatur.
402 871 456 925 Per
468 870 603 926 Christum
612 870 756 924 Dominum
769 877 898 924 nostrum.

96 971 132 984 -
152 943 188 997 R.
207 944 300 996 Amen.
338 945 353 972 '⁴

134 1016 160 1067 4.
180 1013 248 1068 Post
264 1013 337 1080 haee,
354 1013 429 1080 fudo
446 1014 524 1082 siguo
542 1015 630 1068 mucis
651 1014 683 1067 iu
705 1013 796 1080 fronte
813 1012 900 1081 bapti·

96 1085 162 1152 eati,
182 1084 312 1152 dictisque
329 1085 385 1138 illue
400 1084 503 1138 cuod:

135 1156 174 1212 Et
191 1155 243 1210 hoc
261 1156 364 1224 signnm
375 1156 468 1224 crucis,
487 1155 559 1223 quod
573 1171 623 1210 nos
632 1154 715 1210 fronti
729 1156 787 1210 eius
797 1154 900 1223 damus,

99 1233 137 1295 tu,
156 1225 297 1281 maledicte
317 1226 584 1296 diabolumunquam
603 1226 703 1281 audeas
718 1226 828 1281 violare.
847 1227 900 1280 Per

103 1297 226 1352 eumdem
240 1297 375 1352 Christum
388 1298 530 1352 Dominum
547 1304 676 1352 nostrum.
690 1327 723 1338 -
740 1297 775 1352 R.
794 1298 889 1354 Amen.

136 1371 162 1422 5.
181 1369 273 1423 Maece
288 1385 370 1437 super
388 1374 471 1437 caput
488 1370 546 1423 eius
562 1370 690 1436 impositu
707 1369 789 1424 dicit:

137 1439 258 1496 Oremun.
277 1441 422 1494 Aeternum
441 1455 472 1494 ao
494 1440 665 1494 iustissimam
682 1439 809 1507 pietatem
826 1446 900 1494 tuam

101 1509 241 1580 deprecor,
260 1511 373 1566 Domine
388 1519 487 1579 sancte,
501 1511 583 1564 Pater
597 1511 771 1578 omnipotens,
790 1518 900 1564 aeterne

101 1581 185 1650 Deus,
206 1589 298 1636 auctor
315 1582 421 1637 luminis
440 1589 468 1636 et
479 1582 610 1649 veritatis,
629 1595 711 1648 super
727 1582 798 1635 hunc
816 1579 899 1653 famu·

71 1655 77 1666 “
101 1653 156 1707 lum
174 1661 250 1707 tuum
268 1653 311 1723 N„
329 1659 360 1708 ιιι
376 1653 494 1722 digneris
508 1669 569 1708 eum
585 1653 734 1706 illuminare
748 1651 847 1716 lumine
860 1651 900 1704 in·

101 1724 266 1793 teiligentiae
284 1731 362 1793 tuee3
388 1725 487 1790 munda
505 1739 566 1779 cum
590 1731 618 1778 et
645 1721 794 1790 sanctifice3
823 1721 858 1775 de
875 1721 901 1775 ei

100 1796 240 1851 amentiam
258 1810 358 1864 veram,
380 1802 412 1849 ut
429 1795 524 1864 dignus
543 1796 578 1851 sit
595 1793 648 1848 frui
666 1794 753 1863 gratia
770 1791 900 1862 Baptismi

100 1867 147 1936 tui,
169 1881 249 1934 quem
267 1867 399 1935 suscepit3
418 1873 509 1921 teneat
526 1866 629 1922 firmam
654 1881 737 1934 spem,
762 1865 901 1920 consilium

100 1945 212 2006 rectum,
232 1937 378 1992 doctrinam
398 1945 525 2007 sanctam,
543 1945 574 1992 ut
591 1944 670 2006 aptus
689 1938 724 1992 sit
738 1936 773 1991 ad
784 1937 900 1991 retinen·

100 2007 162 2064 dam
181 2009 294 2076 gratiam
311 2008 442 2076 Baptismi
459 2009 507 2063 tui.
532 2010 587 2064 Per
604 2009 738 2063 Christum
756 2007 901 2064 Dominum

101 2087 230 2135 nostrum.
249 2109 284 2120 —
303 2079 337 2133 R.
355 2080 449 2134 Amen.
538 2135 543 2144 ,

136 2153 162 2205 6.
199 2151 236 2204 Ιιι
253 2150 395 2218 Baptistae
414 2155 504 2205 autem
523 2150 687 2218 adultorum,
707 2154 819 2219 praeter
842 2149 900 2215 e'llo,

102 2237 171 2290 guae
189 2237 274 2290 usuro
292 2227 388 2276 notate
406 2227 476 2289 suut,
496 2222 775 2290 qucudoeuppleotur
793 2221 900 2286 musaeu,

98 2293 166 2346 'hoec
190 2294 295 2348 mutari
318 2293 427 2347 debent:
448 2293 570 2362 primum
598 2293 630 2346 iu
653 2294 798 2346 exorommo
829 2289 901 2345 Auni

102 2361 242 2418 maledicto
268 2369 370 2432 satana,
388 2363 437 2417 ubi
454 2363 555 2418 dieitur
572 2363 753 2418 habitaculum
771 2360 900 2432 perficiat,

104 2433 226 2488 dicutur:
243 2434 423 2490 habitaculum
441 2435 568 2503 perfecit3
587 2434 684 2488 deiude
706 2435 736 2488 iu
754 2434 900 2488 meduno

102 2503 160 2560 Nec
177 2513 205 2561 te
223 2505 298 2576 latet,
316 2506 365 2560 ubi
380 2506 481 2560 dicitur
497 2513 529 2562 ut
544 2505 600 2576 fiat,
619 2505 744 2561 duntur.-
768 2513 799 2561 ιιι
815 2503 901 2558 fieret.

348 2605 380 2649 Da
392 2604 530 2659 itemiouel)
544 2604 652 2655 Mami.

137 2670 347 2727 ASacrementi
370 2673 449 2728 huius
475 2672 596 2728 absolute
622 2678 650 2727 et
674 2672 731 2727 sine
750 2669 901 2726 conditione

121 2811 142 2866 1)
156 2813 200 2853 Otr.
210 2813 254 2856 nte.
262 2813 325 2854 Rom.
335 2813 361 2854 de
370 2815 434 2864 liant.
445 2814 577 2855 adultorum.
586 2833 610 2844 -
619 2811 707 2854 catech.
717 2811 779 2856 Rom,
786 2819 807 2860 p.
814 2809 845 2852 11.
855 2821 873 2849 c.
882 2806 903 2854 2.

157 2889 193 2929 qn.
207 2875 302 2923 ileu.
319 2899 342 2910 ..
358 2877 494 2920 Lambertini
509 2879 587 2922 Ῑιιιιιι..
598 2877 650 2922 ecel.
665 2873 685 2917 8.
700 2877 760 2927 (pag.
774 2873 818 2926 al.)
833 2877 855 2916 et
868 2872 902 2923 85,
