2130 3242
324 184 357 224 De
373 184 514 224 Sacramenta
528 185 685 227 Poculteutlsa.
863 183 905 225 ttt

103 284 189 340 mines
203 300 220 338 a
234 285 401 352 gravioribus
415 285 540 354 peccatis,
554 292 611 339 tum
624 293 655 340 ut
668 286 805 354 graviores
818 287 905 342 morbi

105 372 121 410 a
139 356 314 424 peritioribus
332 355 441 411 medicis
459 364 593 410 curentur.
628 357 740 425 Excipe,
758 357 809 410 nisi
828 357 905 412 aliter

105 426 220 482 suadeat
237 428 349 494 caritas,
375 435 406 482 ut
423 427 481 496 ipse
499 428 605 481 veniam
622 434 699 496 petat
717 442 733 480 a
751 429 904 498 superiore,

105 515 159 566 quo
177 498 206 551 in
224 513 289 553 casu
300 499 405 566 reliqna
421 498 514 553 auditu
524 506 636 566 peccata
654 515 686 553 ac
702 499 823 566 implebit
836 499 904 554 Con·

104 569 257 638 sessionem,
276 578 333 630 tum
346 577 377 623 ut
390 585 508 638 congrua
525 570 644 624 remedia
656 570 830 638 praescribat,
848 577 905 624 tum

103 649 134 696 ut
152 639 252 709 videat,
272 656 307 694 an
325 641 378 694 alia
391 641 491 695 habeat
507 649 620 710 peccata
636 647 789 709 reservata3
808 639 904 695 deinde

104 727 170 766 vero
193 711 347 766 facultatem
374 727 434 766 eum
462 712 618 767 absolvendi
646 713 696 767 sibi
723 728 740 766 a
766 712 903 780 superiore

105 783 278 852 comparabit.
316 783 376 849 Qua
394 783 503 838 obtenta
529 783 709 839 confessarius
733 800 788 839 non
805 789 903 852 utatru,

105 855 170 922 quin
193 854 269 922 prius
297 855 446 921 poenitenti
480 856 580 922 patrati
610 855 718 910 sceleris
746 855 905 922 gravitatem

108 923 243 993 ostendat,
262 933 290 980 et
307 925 452 980 salutarem
470 925 680 981 satisfactionem
692 927 821 994 imponat.
840 925 903 994 (Gfr.

109 997 190 1052 Corte
207 995 568 1056 TridMSccoXlchMJ
558 997 904 1068 superterram
954 1020 959 1030 ·

105 1074 172 1134 etc.,·
189 1067 303 1121 Scuoim'
317 1073 380 1124 totu.
398 1068 449 1122 IV.
468 1071 540 1136 149.)

141 1109 186 1192 n'd
199 1138 288 1192 valide
303 1138 495 1194 absolvendum
509 1155 526 1193 a
540 1140 658 1194 censuris
672 1140 746 1194 nulla
760 1139 905 1208 requiritur

107 1209 284 1265 determinata
308 1210 451 1264 verborum
469 1211 513 1264 vel
530 1219 637 1265 actuum
663 1219 832 1267 externorum
850 1210 903 1266 for-

106 1297 158 1350 ma,
178 1297 238 1335 cum
255 1281 283 1334 in
296 1281 354 1335 iure
367 1281 433 1334 nihil
447 1281 638 1336 determinetur
655 1282 837 1350 usurpandum
854 1282 903 1337 sub

34 1419 37 1426 ¹
105 1367 195 1420 poena
208 1352 354 1420 nullitatis;
372 1352 444 1406 uude
458 1352 561 1422 sufficit,
576 1359 607 1406 ut
620 1354 766 1421 superioris
779 1355 904 1408 voluntas

106 1424 184 1492 siguo
213 1423 301 1490 aliquo
327 1424 445 1478 sensibili
471 1423 668 1492 manifestetur,
694 1432 721 1478 et
745 1425 823 1478 alteri
840 1432 905 1479 nota

106 1494 168 1563 fiat3
187 1510 242 1550 uon
255 1509 320 1548 vero
335 1494 430 1549 sufficit
448 1495 506 1550 sola
520 1495 645 1550 voluntas
656 1494 759 1549 iudicis.
797 1494 852 1548 Sed
870 1493 904 1548 ad

105 1565 178 1620 licite
202 1564 394 1620 absolvendum
421 1567 536 1632 iuforo
559 1567 739 1620 intermista
764 1565 905 1619 adhibetur

105 1636 213 1692 forma
206 1654 234 1690 m
248 1636 420 1692 Sacramenta
433 1637 618 1692 Poenitentiae
632 1643 774 1691 consueta·
787 1635 904 1690 Absolve

105 1714 132 1762 te
150 1708 185 1762 ub
203 1709 278 1762 omui
293 1709 400 1762 uinculo
414 1709 704 1774 excommunicationis,
722 1707 905 1774 euapuwt'oma

106 1785 133 1834 et
149 1779 295 1833 interdicti
331 1780 364 1832 In
380 1777 439 1834 foro
452 1795 518 1833 vero
533 1787 645 1834 externo
660 1779 802 1832 adhibetur
818 1777 905 1832 forma

105 1852 134 1906 in
158 1851 261 1904 Rituali
284 1851 405 1905 Romano
431 1850 579 1919 descripta3
606 1849 655 1905 sed
681 1848 827 1903 notandum
854 1855 903 1916 est,

106 1921 142 1976 ad
159 1922 241 1976 talem
259 1922 403 1976 solemnem
427 1930 454 1976 et
471 1923 605 1990 publicam
630 1921 823 1976 absolutionem
849 1935 904 1974 non

105 1991 306 2062 procedendum
325 2007 385 2048 esse
404 1993 461 2048 sine
479 1992 605 2048 mandato
622 1993 765 2060 Episcopi,
789 1993 835 2060 qni
853 1992 904 2046 hoc

105 2073 170 2118 tuuc
187 2070 292 2118 tantum
318 2065 474 2132 praecipere
493 2064 576 2133 solet,
606 2063 712 2131 quaudo
738 2063 837 2118 crimen
853 2061 904 2119 toti

105 2135 287 2190 communitati
304 2136 418 2189 maximo
438 2134 563 2190 scandalo
582 2135 640 2191 fuit.

286 2279 405 2336 llleucbus
425 2295 522 2334 usuum
542 2279 727 2336 recentiorum.

145 2377 187 2422 Sd.
208 2379 233 2422 D.
253 2379 279 2423 N.
303 2380 358 2420 1‘11
378 2380 474 2420 dlvlna
496 2381 684 2429 providentia
704 2382 799 2430 Papae
819 2381 865 2421 1x.

381 2445 624 2502 communic,

141 2523 197 2562 qua
216 2523 358 2554 censuras
378 2513 453 2552 latae
476 2513 644 2552 sententiae
668 2509 870 2560 limitanturl)

141 2583 316 2653 Apostolicae
335 2583 412 2638 Sedis
430 2582 607 2639 moderationi
625 2583 756 2651 convenit,
775 2597 844 2650 quae
863 2595 905 2635 sa·

104 2656 221 2712 lubriter
230 2661 351 2709 veterum
362 2669 491 2709 canonum
505 2655 663 2710 auctoritate
678 2655 822 2709 constituta
834 2658 904 2719 sunt,

101 2729 141 2784 sic
168 2728 299 2795 retinere,
327 2733 371 2796 nt,
399 2726 422 2781 si
447 2732 596 2795 temporum
620 2741 761 2793 rerumque
792 2721 905 2777 mutatoi

101 2817 262 2846 ---s

116 2868 139 2920 1)
155 2867 233 2910 Adiecl
255 2867 342 2906 tautum
364 2865 482 2906 nonnullas
510 2865 665 2915 explicationes
690 2866 737 2903 tum
760 2873 787 2902 cx
810 2861 904 2900 edltlcno
