2138 3226
294 169 373 209 Precor
387 169 438 207 ante
452 169 538 218 etpost
552 167 716 212 contemtorem.
864 161 904 206 lb?

356 346 358 351 -
381 319 473 363 beroen
487 318 630 364 crowlandiae

304 409 345 449 pro
359 399 532 440 confessionibus
546 399 670 440 ordinariis.
681 396 703 448 ¹)

138 503 163 560 1.
204 501 486 558 dircaoaromrcrcm
494 499 806 572 rpirdtaoliamrPreces
819 501 905 568 quoti·

100 574 219 629 dianae:
239 573 326 642 quot?
351 573 506 641 quomodo?
530 572 668 628 meditatio
687 588 747 626 oum
765 569 906 626 additioni-

99 646 177 700 bus?
206 645 379 714 praeparatio
405 645 440 699 ad
457 645 569 700 Missam
586 650 690 698 remota
715 650 743 698 et
759 641 905 713 proxima?

98 718 130 771 in
142 717 208 786 ipsa
216 716 317 771 Missae
328 715 506 771 celebratione
521 716 608 784 qualis
621 715 755 769 intentio?
770 712 905 769 attentio?
1009 711 1016 725 “

100 787 237 842 devotio?
264 803 299 842 an
316 785 432 842 fideliter
457 795 580 843 servatae
604 785 748 841 rubricae?
772 801 905 855 quaenam

101 859 253 928 gratiarum
265 859 334 913 actio
348 865 411 927 post
423 859 556 914 Missam?
569 857 750 912 Brevian‘um:
769 855 905 927 quomodo

102 937 130 985 et
145 928 277 999 quando?
290 945 324 984 an
337 930 449 999 integre,
464 946 498 984 an
512 929 600 998 digne,
614 937 765 998 opportuno
774 937 904 997 tempore,

102 1002 158 1056 situ
166 1001 284 1069 locoque
297 1000 421 1055 decenti?
439 1017 474 1054 an
488 1000 610 1056 attente?
629 1016 663 1054 an
677 999 773 1056 devote
785 999 906 1055 recitas?

103 1087 196 1128 annon
208 1072 287 1126 nimis
300 1071 459 1127 festinanter
474 1079 502 1126 et
515 1071 686 1126 decurtanter
694 1080 828 1141 utcunque
844 1085 906 1140 per·

103 1142 317 1198 murmurando?
335 1159 398 1197 num
412 1143 543 1198 Breviarii
556 1143 738 1198 recitationem
752 1141 906 1198 consideras

104 1221 136 1269 nt
163 1230 289 1283 magnam
320 1215 565 1283 strictissimamque
597 1214 785 1282 obligationem
812 1213 907 1269 tuam?

105 1300 196 1340 nonne
216 1284 432 1340 distractionibus
457 1301 549 1340 ansam
566 1285 689 1356 praebes,
714 1298 861 1355 pensumve
878 1285 907 1338 in

80 1393 86 1405 ·
108 1357 196 1412 somni
213 1364 337 1426 tempora
355 1355 453 1412 differs.
471 1357 565 1421 Lectio
584 1355 750 1425 spiritualis?
785 1357 908 1412 Examen

108 1427 287 1482 conscientiae
304 1428 487 1496 particulare?
506 1428 652 1497 generale?

144 1509 179 1565 11.
219 1511 300 1566 Circo
317 1527 397 1566 ceam
415 1511 659 1580 sacramentorum.
676 1511 748 1568 Num
773 1507 908 1566 confiteris

108 1597 175 1638 vera
207 1598 267 1636 cum
292 1582 453 1651 sinceritate,
480 1584 637 1639 contritione
661 1591 689 1638 et
716 1579 909 1637 emendationis

110 1653 277 1722 proposito?
302 1654 382 1708 etiam
407 1655 478 1708 circa
502 1655 626 1724 venialia,
656 1669 724 1722 quae
751 1647 908 1707 confiteris?

110 1723 245 1792 quomodo
265 1732 292 1779 te
306 1726 475 1793 praeparas?
493 1742 556 1780 num
570 1725 640 1780 forte
655 1725 761 1793 quaeris
776 1721 909 1779 confessa·

109 1795 186 1864 rium,
206 1796 253 1864 qui
270 1811 359 1863 neque
377 1797 532 1866 interroget,
550 1812 638 1866 neque
658 1797 763 1866 dirigat,
781 1793 825 1848 vel
839 1792 909 1848 forta

110 1866 205 1922 eodem
226 1881 257 1920 ac
275 1874 306 1924 tu
323 1867 389 1922 vitio
407 1868 535 1923 laboret?

144 1949 194 2005 111.
217 1947 297 2004 Oiroa
315 1967 409 2006 curam
427 1952 597 2005 animarum:
625 1953 650 2007 1.
668 1950 711 2004 An
729 1947 910 2005 confessiones

111 2021 210 2076 audisti
228 2020 364 2076 libenter?
387 2023 477 2078 serie?
502 2023 604 2089 absque
622 2037 798 2091 personarum
816 2035 910 2088 accep-

109 2091 234 2147 tatione?
252 2108 316 2146 num
334 2100 444 2162 rogatus
463 2092 498 2148 ad
517 2093 682 2148 Sacramenti
700 2093 811 2148 ebcuins
828 2089 910 2146 admi·

109 2163 295 2219 nistrationem
312 2164 353 2218 ire
372 2164 485 2219 tardas?
503 2182 567 2219 num
586 2164 790 2219 obmurmuras?
819 2165 845 2218 2.
863 2162 908 2216 Au

110 2234 251 2290 conciones
279 2233 373 2290 sedulo
400 2243 577 2305 praeparatae
604 2242 631 2290 et
656 2235 775 2304 graviter
798 2233 909 2290 habitae

110 2305 212 2374 absque
230 2305 271 2360 tui
290 2307 468 2373 exquisitione
488 2313 515 2361 et
538 2306 677 2362 vanitate?
715 2308 740 2364 3.
758 2305 802 2360 An
820 2319 912 2360 curam

110 2384 250 2445 paternam
260 2376 392 2446 impendis
402 2377 494 2446 pueris
507 2378 535 2432 in
545 2378 638 2433 schola
648 2384 676 2432 et
685 2384 762 2432 extra
773 2373 912 2432 scholam?

112 2447 296 2516 pauperibus?
328 2449 438 2517 aegris?
474 2447 546 2504 Num
568 2448 639 2504 forte
667 2447 768 2517 absque
793 2446 914 2516 legitima

131 2645 151 2698 ¹)
165 2649 208 2688 l’ro
222 2647 361 2687 consessione
375 2647 473 2696 generali
486 2648 574 2697 legatur
589 2647 662 2699 „Ordo
676 2648 736 2686 vltra
751 2616 910 2687 sacerdotalls“

163 2712 187 2751 ln
202 2712 246 2752 line
261 2712 327 2752 huius
341 2713 411 2762 partls
429 2714 491 2762 (pag.
505 2709 556 2764 182)
575 2713 674 2762 poeltas3
692 2711 756 2751 raldo
774 2711 840 2751 etlam
855 2720 913 2750 com·

163 2777 298 2818 mandandus
324 2781 358 2818 est
381 2777 469 2818 libellus
495 2779 588 2818 Mnemon
609 2780 639 2819 od
662 2788 723 2818 orum
747 2777 800 2816 cleri
823 2777 913 2822 auctore

163 2841 187 2885 P.
201 2843 304 2884 Danube
318 2843 340 2884 Β.
354 2843 375 2890 J.
389 2843 525 2884 Bstlsbonae
539 2839 599 2886 1866.

756 2909 772 2960 5
780 2907 810 2940 *r
