2152 3234
342 217 375 257 ne
388 215 530 256 mammonae
544 215 684 259 Matrimonii.
828 242 832 254 .
872 213 914 257 tit

112 317 187 388 fectu
205 332 355 388 coemamus,
374 318 400 386 2)
415 335 448 372 ea
460 319 626 387 impotentia,
646 319 672 388 3)
686 333 720 373 ea
732 333 829 386 emere,
847 336 911 389 pro·

116 389 221 458 cedunt,
239 392 267 458 4)
286 389 502 458 impedimentum
515 391 651 460 lipamiaia
668 396 731 458 post
745 405 910 445 consumma-

116 461 388 530 tumMatrimonium,
403 461 429 530 5)
443 461 659 530 impedimentum
668 462 913 530 cmseaapaioitotia

80 541 83 549 '
115 533 145 587 in
162 533 234 586 linea
250 540 326 586 recta
351 538 378 586 et
395 533 473 600 primi
497 531 596 600 gradus
619 533 648 586 in
665 531 737 586 linea
755 531 911 602 collaterali,

116 605 135 658 i.
150 618 173 658 e.
191 602 262 657 inter
279 602 389 657 fratrem
408 610 435 658 et
452 617 580 658 sororem.

154 675 206 728 iiix
226 689 343 743 unquam
364 673 517 729 conceditur
530 673 692 741 dispensatio
709 687 791 742 super
803 672 913 742 impedi·

117 745 214 800 mentis
237 745 262 814 1)
275 745 363 799 cecitas
376 745 555 814 disparitate,
573 745 643 799 inter
656 745 806 814 baptizatos
820 751 847 799 et
859 759 914 798 non

117 816 276 884 baptizatos,
308 817 477 885 tloimiae'a
500 831 533 869 cx
552 817 683 870 occisione
702 815 828 884 coniugis,
857 816 913 870 sire

117 895 240 955 utroque,
255 887 311 942 sive
325 893 495 942 auctentum
508 895 620 942 mortem
631 887 808 956 machinante,
827 886 850 942 si
864 887 913 940 cri·

117 971 180 1012 men
206 964 247 1012 est
265 958 406 1027 publicum,
416 959 435 1028 ¹)
464 960 491 1026 3)
516 957 661 1025 officialia
686 973 719 1012 cx
743 928 913 1012 Mat'rlmonio

118 1036 211 1099 ortae,
235 1029 367 1097 inprime
392 1027 477 1097 gradu
501 1029 588 1082 lineae
611 1035 701 1084 rectae
702 1029 738 1099 ,2)
766 1029 792 1099 4)
810 1029 915 1084 aramis

115 1101 198 1168 seori,
225 1101 252 1164 ὁ)
266 1101 444 1184 professionis
460 1116 489 1154 re
490 1100 607 1170 lipioaoe.

156 1171 326 1226 Ditiloiiilme
340 1172 443 1238 sperari
456 1177 547 1239 potest
560 1170 723 1238 dispensatio
737 1186 819 1239 super
831 1171 915 1239 impe·

118 1241 260 1296 dimentis:
276 1242 300 1311 1)
315 1242 452 1310 lipomima
465 1257 500 1295 ex
513 1242 683 1296 Matrimonio
697 1249 765 1311 rato,
784 1257 838 1296 non
852 1257 914 1296 con·
929 1257 938 1290 l

56 1363 65 1374 ,
118 1319 258 1381 summato,
287 1313 314 1381 2)
333 1313 454 1367 criminis
471 1313 589 1381 occulto,
618 1320 732 1380 utroque
757 1313 801 1367 vel
829 1313 914 1368 altero

118 1390 232 1438 mortem
250 1384 425 1452 machinante,
445 1400 504 1437 cum
523 1383 619 1438 effectu
638 1391 738 1454 secuto,
757 1384 784 1453 3)
803 1399 916 1438 cossam

115 1455 261 1525 palatiola
278 1455 390 1508 secundi
404 1455 516 1524 modus,
543 1455 588 1522 qui
607 1455 712 1523 attingit
730 1455 851 1523 primum,
876 1455 916 1508 ita

118 1531 150 1580 ut
176 1525 325 1580 intercedat
352 1534 490 1594 respectus
520 1526 683 1594 parentelae,
720 1526 746 1595 4)
772 1525 916 1592 assimilatis

118 1596 233 1651 aecuoda'
242 1598 354 1679 modus,
373 1597 419 1664 qui
432 1597 529 1651 mixtus
544 1603 586 1651 cst
597 1597 691 1665 primo,
711 1597 736 1666 5)
750 1600 847 1665 capeat
835 1596 917 1649 tiocia

118 1668 272 1751 spiritualia
288 1668 359 1722 inter
376 1669 509 1722 levantem
527 1675 555 1722 ct
572 1669 696 1723 levatum.

156 1738 225 1792 Ex
217 1739 283 1793 iuris
301 1739 472 1793 concessione
491 1739 536 1792 vel
554 1754 588 1793 cx
606 1737 806 1805 consuetudine,
824 1735 868 1790 vel
883 1751 917 1790 cx

78 1845 79 1850 κ
119 1809 261 1878 privilegio
280 1825 297 1864 a
316 1809 342 1864 S
358 1808 427 1864 Sede
440 1810 594 1878 specialiter
611 1824 737 1865 concesso
755 1806 885 1882 Episcopi
895 1804 916 1877 3)

118 1879 274 1952 facultatem
291 1880 392 1935 habent
409 1880 598 1948 dispensandi.

103 1993 159 2046 ¹)
174 1995 219 2036 Gir.
233 1999 286 2035 nota
300 2006 367 2044 supra
380 2005 430 2044 pag.
444 1992 491 2046 tsi.
505 1996 585 2044 posita

134 2056 157 2111 ἲ)
172 2060 195 2100 si
208 2063 288 2109 agatur
302 2061 328 2100 de
342 2061 450 2100 affinitate
464 2072 491 2100 ex
505 2061 583 2111 copula
596 2061 658 2100 licita
672 2061 695 2100 ln
710 2061 769 2100 linea
783 2063 851 2108 racia,
866 2070 917 2099 con·

175 2127 221 2166 cedi
230 2137 274 2166 non
284 2127 341 2166 solet
351 2127 497 2176 dispensatim
512 2128 531 2166 sl
547 2129 627 2176 agatur
641 2127 667 2166 de
682 2127 789 2166 affinitate
803 2137 830 2165 ex
840 2125 919 2174 copula

174 2191 260 2242 illicita,
275 2194 357 2242 pariter
371 2193 394 2232 in
407 2193 466 2232 linea
479 2196 546 2243 recta,
568 2204 612 2232 non
629 2193 676 2232 sino
690 2193 819 2232 diitlcuitate
832 2192 918 2240 dispeu-

175 2259 232 2298 satio
248 2260 382 2307 conceditur,
397 2260 431 2298 cui
446 2270 531 2308 semper
539 2259 673 2298 adiiciuntur
683 2259 793 2298 clausulao
806 2258 918 2308 speciales.

175 2323 247 2371 Quare
261 2325 282 2364 8.
294 2324 467 2364 Poenltentlaria
481 2324 509 2363 ad
519 2325 624 2363 maiorem
633 2323 700 2362 ctiam
715 2324 830 2372 cautelam,
844 2334 872 2362 ne
885 2333 919 2362 er·

175 2399 212 2428 ror
226 2389 318 2440 quilibet
332 2390 424 2438 obrepat
444 2399 470 2427 ex
492 2389 566 2438 aliqua
587 2387 766 2437 aequivocatione
786 2388 820 2426 vel
838 2398 919 2436 errore,

175 2465 225 2492 curn
238 2454 264 2493 de
279 2454 387 2494 uiduitate
402 2457 481 2504 agatur
496 2465 521 2493 ax
536 2453 615 2502 copula
628 2453 702 2502 licita,
717 2453 739 2492 ln
753 2453 867 2501 rescriptis
881 2453 919 2493 ad·

175 2519 265 2568 iungere
278 2522 342 2570 solet,
357 2522 380 2560 ia
389 2521 446 2560 liaeo
456 2521 578 2568 collaterali,
593 2522 618 2559 ut
629 2517 731 2558 excludat
739 2518 820 2558 lineam
830 2522 919 2560 rectam.

177 2613 183 2626 .
194 2613 200 2624 .
211 2613 217 2624 .
227 2587 338 2626 inutiliter
352 2585 373 2633 8,
384 2587 434 2628 sedi
445 2597 520 2635 preces
530 2586 679 2635 porriguntur,
694 2587 719 2624 ut
734 2585 867 2633 dispensatio
882 2586 920 2625 cb·

176 2650 273 2690 timeatur
291 2664 331 2702 pro
351 2652 494 2692 Matrimonio
513 2651 661 2690 contrahendo
683 2651 741 2690 inter
760 2651 885 2700 privignum
898 2652 921 2689 et

176 2726 298 2768 novercam,
311 2719 369 2758 iuter
380 2728 480 2757 socerum
494 2721 515 2756 et
530 2728 640 2766 generum,
655 2720 677 2756 et
686 2718 804 2766 viceveraa,
820 2719 842 2756 et
855 2709 920 2766 gone·

176 2782 242 2822 ratim
256 2794 320 2832 super
334 2783 488 2832 impedimento
503 2783 618 2822 affinitatis
632 2783 655 2821 ln
664 2783 722 2821 linea
733 2784 795 2821 recta
805 2793 832 2822 ex
843 2783 921 2832 copula

175 2849 243 2892 licitu.
270 2851 332 2900 (Acta
347 2844 919 2900 atumcarpuatc.v01.11.po3.127.et128.)
996 2874 999 2881 -

133 2914 157 2968 ⁸)
172 2915 284 2956 Paroohus
299 2918 320 2956 et
335 2915 482 2956 contestarios
497 2916 553 2955 scire
567 2914 658 2964 dabant,
677 2913 809 2965 quibusnam
826 2915 850 2954 in
863 2914 919 2954 osai·
