2124 3230
304 167 369 206 Ritus
383 167 510 208 celebrandi
523 167 615 208 ltlsssns
629 167 755 208 solemnem.
887 165 928 208 ete

129 269 280 324 nominatur
292 267 381 336 Jestss,
400 276 479 337 ceput
495 267 604 324 inclinet
617 283 712 324 verene
725 269 818 326 altene.
837 269 926 326 Finito

129 339 278 408 Evangelio
297 338 423 394 sacerdos
450 341 585 394 osculetur
608 339 705 394 liburni
731 339 928 395 esubdiecoun

130 412 181 467 sibi
199 411 317 464 deletum
337 409 440 464 dicens:
466 411 520 464 Per
534 411 686 480 adamatica
700 409 774 464 dicta
788 418 847 478 etc,
865 419 894 466 et
912 427 929 466 e

129 482 242 536 diacono
255 489 298 536 ter
311 482 471 536 incensatur.
504 482 533 536 Si
546 483 581 537 sit
594 495 684 536 coram
697 481 823 536 Praeleto
836 482 865 534 in
879 497 929 537 sue

128 553 282 621 residentia,
301 551 369 606 liber
382 551 501 606 defertur
519 552 554 607 ed
567 553 728 618 Praelatusn,
747 559 880 621 utsupra,
899 560 927 607 et

128 624 173 678 ille
191 625 353 691 incensatur,
372 625 442 678 utin
457 624 657 678 Caereuiouieli.
693 623 794 678 Postea
807 635 881 678 stans
899 625 927 678 in

129 695 217 750 medio
236 695 330 749 altaris
343 709 437 750 versus
449 710 562 763 crucem,
579 696 680 763 incipit,
694 695 718 749 si
731 693 872 750 dicendum
885 695 928 764 sit,

130 766 255 836 Oredo,¹)
273 766 406 820 stantibus
423 773 490 834 pest·
504 781 565 820 euru
579 765 692 822 diacono
711 765 928 835 eternitatem,

128 837 225 892 deinde
246 836 281 891 ad
299 836 383 890 altare
398 837 585 894 accedentibus
604 844 632 892 et
644 853 703 892 oum
717 853 750 892 eo
763 851 929 905 prosequen-

127 909 237 977 tibus,²)
263 916 294 962 ut
312 905 411 962 dictum
429 916 470 964 est
489 908 524 961 ad
543 908 640 963 Gloria
657 911 688 962 a'a
710 909 825 964 eaeelm
864 908 929 962 Cum

127 995 193 1034 vero
207 981 236 1033 iu
255 979 380 1048 Symbelo
403 987 538 1034 cantatum
555 979 636 1034 fuerit
656 979 696 1034 Et
708 981 869 1034 incarnatae
881 985 928 1049 eet,

128 1050 257 1110 docunius
276 1058 387 1116 accepta
403 1050 486 1106 bursa
504 1049 536 1104 de
556 1051 699 1119 credentia,
726 1052 854 1106 ambabus
872 1067 927 1104 nra·

127 1123 206 1176 uibus
225 1137 286 1175 eam
311 1120 397 1176 delent
423 1122 555 1176 elevatam
580 1138 640 1178 oum
662 1123 748 1178 solitis
770 1122 929 1184 reverentiis

128 1192 164 1247 ad
181 1192 299 1246 inedium
317 1194 416 1260 dtus,
435 1194 463 1248 in
480 1209 533 1259 qno
553 1194 669 1261 explicat
682 1194 821 1262 corporale
841 1202 868 1248 et
885 1207 930 1248 re·

128 1263 272 1332 rescituri)
293 1264 327 1318 ed
345 1264 530 1318 celebrantem.
568 1264 634 1320 (lum
647 1281 701 1320 neu
720 1265 816 1320 dicitur
834 1265 944 1333 Oresio,

127 1335 308 1460 ffbdrd'lacnnus
328 1334 414 1390 defert
431 1336 539 1390 bursam
557 1336 635 1391 simul
653 1351 712 1390 cum
731 1336 821 1404 naboe,
843 1343 873 1390 ut
889 1337 929 1388 in·

153 1421 169 1460 a
208 1408 301 1461 'cotun

163 1478 212 1531 De
232 1476 437 1532 Offertorio
457 1485 491 1532 et
510 1478 593 1532 aliis
617 1491 729 1545 nsque
756 1476 797 1530 ad
815 1476 929 1532 Oeno·

127 1563 211 1602 nem.
243 1549 323 1604 Dicto
340 1548 450 1602 Oramus
467 1549 596 1603 diaconus
616 1556 644 1604 et
662 1547 839 1604 subdiaconus
853 1563 929 1602 acce·

128 1619 196 1674 dunt
214 1619 250 1674 ed
266 1609 351 1674 altare
370 1621 397 1674 in
416 1636 498 1674 cornu
511 1618 659 1688 Epistulae,
679 1619 807 1672 diaconus
822 1626 929 1672 amovet

127 1691 247 1756 eabeem,
266 1691 289 1745 si
307 1698 349 1746 est
365 1691 393 1744 in
412 1692 497 1759 elteri,
524 1691 568 1744 vel
587 1691 610 1744 si
629 1690 716 1746 estin
734 1688 878 1757 credentia,
897 1697 928 1744 ut

127 1764 213 1830 magis
232 1762 317 1832 decet,
345 1762 442 1831 accipit
459 1777 520 1818 eun
538 1761 571 1816 de
590 1777 670 1815 mmo
688 1759 852 1829 subdiaconi,
880 1761 927 1826 qni

144 1917 166 1969 1)
181 1917 249 1958 (bede
263 1919 287 1958 ln
300 1919 371 1958 Missa
382 1918 475 1959 solemni
488 1917 604 1960 dicendum
617 1920 651 1957 est
665 1919 715 1967 post
727 1917 866 1966 concionem,
885 1925 930 1956 non

184 1985 251 2032 ante,
275 1983 338 2024 insta
358 1984 458 2024 morines
472 1985 569 2024 Misselis
590 1986 613 2023 et
627 1983 806 2024 consuetudinem
818 1983 929 2024 Ecclesiae

182 2049 303 2088 hmanas.
332 2047 361 2097 (8.
372 2049 397 2090 R.
408 2049 429 2088 (1.
442 2047 474 2088 16.
490 2049 555 2089 Mart.
569 2048 637 2098 15111.)

143 2111 166 2162 2)
181 2114 309 2163 Symbolum
322 2113 408 2162 integre
422 2115 544 2154 canendum
558 2121 599 2164 ost,
614 2115 700 2156 etiamsi
710 2114 810 2164 pulsetur
823 2124 930 2162 organum

186 2182 216 2234 (Β.
232 2183 258 2224 Β.
272 2182 295 2222 0.
313 2181 333 2222 ⁷.
347 2181 402 2231 espa
416 2180 493 2231 1861).
520 2182 591 2222 duero
606 2183 720 2223 amana:
740 2182 776 2232 ossi
792 2185 877 2232 mepte
893 2193 931 2220 πω

185 2251 310 2292 eto.osnnes
322 2249 384 2288 fecte
396 2249 537 2288 inclinatione
551 2248 685 2288 descendunt
699 2247 727 2288 nd
740 2247 835 2295 primum
850 2257 864 2290 o
878 2256 928 2294 sup·

185 2314 284 2364 pedaneo
298 2313 398 2362 gradum,
421 2313 445 2352 iu
458 2323 502 2362 qno
516 2311 686 2361 genuflectentes
700 2312 741 2352 sub
754 2313 841 2352 verbis:
866 2316 884 2352 et
898 2313 930 2351 ἰη-

185 2381 283 2420 cssssatss
297 2381 327 2416 set
341 2380 382 2420 eto.
396 2380 463 2425 ceput
476 2378 594 2426 inclinent;
613 2378 693 2426 quibus
706 2378 815 2418 absolutis
828 2380 929 2426 surgunt,

186 2443 303 2484 etiterum
322 2443 350 2482 nd
369 2443 439 2482 altere
456 2443 584 2488 ascendunt,
600 2463 623 2472 -
648 2443 671 2483 ei
685 2444 709 2482 iit
723 2444 799 2492 sessio,
821 2444 851 2484 ad
863 2443 931 2482 verba

187 2509 341 2548 assuescentes
361 2511 392 2548 cst
411 2509 433 2546 et
451 2508 513 2548 etmel
531 2508 631 2548 odoram
649 2509 716 2557 eaput
734 2509 841 2558 detegunt
861 2510 884 2548 et
897 2509 931 2547 in·

187 2572 276 2614 clinem.
291 2591 317 2600 -
332 2571 421 2618 Quoties
435 2574 463 2613 ed
477 2573 530 2612 baec
544 2574 624 2614 sorbes
637 2574 664 2614 lit
677 2575 798 2614 imme
811 2577 842 2612 est
861 2583 931 2622 usqne

187 2641 215 2678 ad
229 2651 267 2680 es:
289 2643 308 2678 st
321 2640 462 2690 benefecisse
476 2643 505 2680 est
519 2640 634 2680 celebrasse
646 2643 669 2680 ot
682 2641 740 2680 seori
753 2640 850 2680 ministri
862 2649 931 2689 geun-

186 2706 279 2746 flectunt
293 2708 345 2746 ente
358 2707 435 2756 altare,
449 2717 494 2746 nou
508 2707 589 2746 surdelt
602 2705 650 2746 sola
659 2706 790 2756 mundule,
805 2707 843 2746 sed
852 2706 931 2748 debent

187 2774 252 2814 simul
264 2777 332 2822 capnt
345 2775 457 2818 luolloese.
484 2774 515 2820 <e
529 2777 555 2816 R.
570 2775 593 2816 (1.
606 2774 644 2817 113.
659 2775 717 2814 Molo·
729 2773 800 2823 1846.)

147 2840 171 2894 t)
186 2840 322 2894 supponitur
335 2843 411 2884 sessio.
