<?xml version="1.0" encoding="UTF-8"?>
<!DOCTYPE html PUBLIC "-//W3C//DTD XHTML 1.0 Transitional//EN"
    "http://www.w3.org/TR/xhtml1/DTD/xhtml1-transitional.dtd">
<html xmlns="http://www.w3.org/1999/xhtml" xml:lang="en" lang="en">
 <head>
  <title>
</title>
<meta http-equiv="Content-Type" content="text/html;charset=utf-8" />
  <meta name='ocr-system' content='tesseract 3.04.00' />
  <meta name='ocr-capabilities' content='ocr_page ocr_carea ocr_par ocr_line ocrx_word'/>
</head>
<body>
  <div class='ocr_page' id='page_1' title='image "./manualesacerdot00schngoog_0437.png"; bbox 0 0 2130 3242; ppageno 0'>
   <div class='ocr_carea' id='block_1_1' title="bbox 323 184 899 238">
    <p class='ocr_par' dir='ltr' id='par_1_1' title="bbox 323 184 899 238">
     <span class='ocr_line' id='line_1_1' title="bbox 323 184 899 238; baseline 0.009 -6"><span class='ocrx_word' id='word_1_1' title='bbox 323 192 355 232; x_wconf 83' lang='lat' dir='ltr'><strong>De</strong></span> <span class='ocrx_word' id='word_1_2' title='bbox 370 192 510 233; x_wconf 77' lang='lat' dir='ltr'><strong>sacramento</strong></span> <span class='ocrx_word' id='word_1_3' title='bbox 524 193 681 233; x_wconf 81' lang='lat' dir='ltr'><strong>Poenitentiae.</strong></span> <span class='ocrx_word' id='word_1_4' title='bbox 760 184 762 188; x_wconf 66' lang='grc'><strong>’</strong></span> <span class='ocrx_word' id='word_1_5' title='bbox 858 193 899 238; x_wconf 77' lang='lat' dir='ltr'><strong>idi</strong></span> 
     </span>
    </p>
   </div>
   <div class='ocr_carea' id='block_1_2' title="bbox 95 293 899 506">
    <p class='ocr_par' dir='ltr' id='par_1_2' title="bbox 95 293 899 506">
     <span class='ocr_line' id='line_1_2' title="bbox 97 293 898 364; baseline 0.007 -17"><span class='ocrx_word' id='word_1_6' title='bbox 97 293 133 348; x_wconf 90' lang='lat' dir='ltr'><strong>ad</strong></span> <span class='ocrx_word' id='word_1_7' title='bbox 151 293 273 348; x_wconf 89' lang='lat' dir='ltr'><strong>dolorem</strong></span> <span class='ocrx_word' id='word_1_8' title='bbox 299 300 327 348; x_wconf 89' lang='lat' dir='ltr'><strong>ct</strong></span> <span class='ocrx_word' id='word_1_9' title='bbox 350 295 525 364; x_wconf 87' lang='lat' dir='ltr'><strong>propositum,</strong></span> <span class='ocrx_word' id='word_1_10' title='bbox 550 295 683 363; x_wconf 71' lang='lat' dir='ltr'>suggestis</span> <span class='ocrx_word' id='word_1_11' title='bbox 710 311 759 364; x_wconf 89' lang='lat' dir='ltr'><strong>pro</strong></span> <span class='ocrx_word' id='word_1_12' title='bbox 784 302 898 364; x_wconf 87' lang='lat' dir='ltr'><strong>utroque</strong></span> 
     </span>
     <span class='ocr_line' id='line_1_3' title="bbox 98 363 898 435; baseline 0.006 -17"><span class='ocrx_word' id='word_1_13' title='bbox 98 365 215 434; x_wconf 84' lang='lat' dir='ltr'><strong>motivis,</strong></span> <span class='ocrx_word' id='word_1_14' title='bbox 234 363 380 420; x_wconf 86' lang='lat' dir='ltr'><strong>secundum</strong></span> <span class='ocrx_word' id='word_1_15' title='bbox 397 367 593 435; x_wconf 84' lang='lat' dir='ltr'><strong>necessitatem,</strong></span> <span class='ocrx_word' id='word_1_16' title='bbox 612 367 786 434; x_wconf 74' lang='lat' dir='ltr'><strong>capacitatem</strong></span> <span class='ocrx_word' id='word_1_17' title='bbox 800 374 828 422; x_wconf 87' lang='lat' dir='ltr'><strong>et</strong></span> <span class='ocrx_word' id='word_1_18' title='bbox 845 367 898 423; x_wconf 88' lang='lat' dir='ltr'><strong>dis·</strong></span> 
     </span>
     <span class='ocr_line' id='line_1_4' title="bbox 95 437 899 506; baseline 0 -14"><span class='ocrx_word' id='word_1_19' title='bbox 95 437 259 504; x_wconf 73' lang='lat' dir='ltr'><strong>positionem</strong></span> <span class='ocrx_word' id='word_1_20' title='bbox 277 437 454 506; x_wconf 82' lang='lat' dir='ltr'><strong>poenitentis3</strong></span> <span class='ocrx_word' id='word_1_21' title='bbox 480 444 508 491; x_wconf 87' lang='lat' dir='ltr'><strong>et</strong></span> <span class='ocrx_word' id='word_1_22' title='bbox 531 437 594 504; x_wconf 88' lang='lat' dir='ltr'><strong>quia</strong></span> <span class='ocrx_word' id='word_1_23' title='bbox 615 453 670 491; x_wconf 94' lang='lat' dir='ltr'><strong>non</strong></span> <span class='ocrx_word' id='word_1_24' title='bbox 689 451 779 492; x_wconf 87' lang='lat' dir='ltr'><strong>omnes</strong></span> <span class='ocrx_word' id='word_1_25' title='bbox 798 438 899 494; x_wconf 87' lang='lat' dir='ltr'><strong>eisdem</strong></span> 
     </span>
    </p>
   </div>
   <div class='ocr_carea' id='block_1_3' title="bbox 9 507 899 656">
    <p class='ocr_par' dir='ltr' id='par_1_3' title="bbox 9 507 899 656">
     <span class='ocr_line' id='line_1_5' title="bbox 10 507 898 578; baseline 0.002 -16"><span class='ocrx_word' id='word_1_26' title='bbox 10 533 11 540; x_wconf 19' lang='grc' dir='ltr'><strong>κ</strong></span> <span class='ocrx_word' id='word_1_27' title='bbox 95 509 204 562; x_wconf 86' lang='lat' dir='ltr'><strong>motivis</strong></span> <span class='ocrx_word' id='word_1_28' title='bbox 222 515 421 578; x_wconf 81' lang='lat' dir='ltr'>permoventur,</span> <span class='ocrx_word' id='word_1_29' title='bbox 440 507 521 563; x_wconf 86' lang='lat' dir='ltr'><strong>debet</strong></span> <span class='ocrx_word' id='word_1_30' title='bbox 539 507 718 564; x_wconf 82' lang='lat' dir='ltr'><strong>confessarius</strong></span> <span class='ocrx_word' id='word_1_31' title='bbox 743 509 828 563; x_wconf 90' lang='lat' dir='ltr'><strong>omnis</strong></span> <span class='ocrx_word' id='word_1_32' title='bbox 853 524 898 578; x_wconf 78' lang='lat' dir='ltr'><strong>ge-</strong></span> 
     </span>
     <span class='ocr_line' id='line_1_6' title="bbox 9 579 899 656; baseline 0.001 -23"><span class='ocrx_word' id='word_1_33' title='bbox 9 613 10 656; x_wconf 58' lang='lat'>4</span> <span class='ocrx_word' id='word_1_34' title='bbox 96 580 171 633; x_wconf 88' lang='lat' dir='ltr'><strong>neris</strong></span> <span class='ocrx_word' id='word_1_35' title='bbox 197 579 298 633; x_wconf 86' lang='lat' dir='ltr'><strong>motiva</strong></span> <span class='ocrx_word' id='word_1_36' title='bbox 321 579 350 632; x_wconf 92' lang='lat' dir='ltr'><strong>in</strong></span> <span class='ocrx_word' id='word_1_37' title='bbox 375 587 502 648; x_wconf 89' lang='lat' dir='ltr'><strong>promptu</strong></span> <span class='ocrx_word' id='word_1_38' title='bbox 526 579 635 649; x_wconf 86' lang='lat' dir='ltr'><strong>habere,</strong></span> <span class='ocrx_word' id='word_1_39' title='bbox 662 587 689 634; x_wconf 89' lang='lat' dir='ltr'><strong>et</strong></span> <span class='ocrx_word' id='word_1_40' title='bbox 713 587 794 648; x_wconf 88' lang='lat' dir='ltr'><strong>prout</strong></span> <span class='ocrx_word' id='word_1_41' title='bbox 812 581 899 634; x_wconf 83' lang='lat' dir='ltr'><strong>visum</strong></span> 
     </span>
    </p>
   </div>
   <div class='ocr_carea' id='block_1_4' title="bbox 95 649 900 1219">
    <p class='ocr_par' dir='ltr' id='par_1_4' title="bbox 95 649 900 1219">
     <span class='ocr_line' id='line_1_7' title="bbox 96 649 900 720; baseline 0.005 -16"><span class='ocrx_word' id='word_1_42' title='bbox 96 649 180 705; x_wconf 83' lang='lat' dir='ltr'><strong>inerit</strong></span> <span class='ocrx_word' id='word_1_43' title='bbox 207 656 384 720; x_wconf 86' lang='lat' dir='ltr'><strong>opportuum,</strong></span> <span class='ocrx_word' id='word_1_44' title='bbox 407 651 461 705; x_wconf 85' lang='lat' dir='ltr'><strong>iam</strong></span> <span class='ocrx_word' id='word_1_45' title='bbox 483 651 543 720; x_wconf 86' lang='lat' dir='ltr'><strong>hoo,</strong></span> <span class='ocrx_word' id='word_1_46' title='bbox 568 651 621 705; x_wconf 88' lang='lat' dir='ltr'><strong>iam</strong></span> <span class='ocrx_word' id='word_1_47' title='bbox 644 650 711 706; x_wconf 91' lang='lat' dir='ltr'><strong>illud</strong></span> <span class='ocrx_word' id='word_1_48' title='bbox 737 665 900 719; x_wconf 83' lang='lat' dir='ltr'><strong>proponere.</strong></span> 
     </span>
     <span class='ocr_line' id='line_1_8' title="bbox 95 721 898 792; baseline 0.001 -17"><span class='ocrx_word' id='word_1_49' title='bbox 95 721 202 776; x_wconf 86' lang='lat' dir='ltr'><strong>Motiva</strong></span> <span class='ocrx_word' id='word_1_50' title='bbox 220 729 310 775; x_wconf 83' lang='lat' dir='ltr'><strong>autem</strong></span> <span class='ocrx_word' id='word_1_51' title='bbox 326 721 373 775; x_wconf 90' lang='lat' dir='ltr'><strong>illa</strong></span> <span class='ocrx_word' id='word_1_52' title='bbox 391 729 453 777; x_wconf 89' lang='lat' dir='ltr'><strong>sunt</strong></span> <span class='ocrx_word' id='word_1_53' title='bbox 469 723 613 776; x_wconf 79' lang='lat' dir='ltr'><strong>universim</strong></span> <span class='ocrx_word' id='word_1_54' title='bbox 631 729 759 790; x_wconf 86' lang='lat' dir='ltr'><strong>quatuor:</strong></span> <span class='ocrx_word' id='word_1_55' title='bbox 784 737 898 792; x_wconf 88' lang='lat' dir='ltr'><strong>poenae,</strong></span> 
     </span>
     <span class='ocr_line' id='line_1_9' title="bbox 98 793 898 862; baseline 0 -14"><span class='ocrx_word' id='word_1_56' title='bbox 98 807 167 860; x_wconf 88' lang='lat' dir='ltr'><strong>quas</strong></span> <span class='ocrx_word' id='word_1_57' title='bbox 185 799 299 860; x_wconf 86' lang='lat' dir='ltr'><strong>peccata</strong></span> <span class='ocrx_word' id='word_1_58' title='bbox 315 799 466 861; x_wconf 89' lang='lat' dir='ltr'><strong>merentur;</strong></span> <span class='ocrx_word' id='word_1_59' title='bbox 484 794 604 862; x_wconf 85' lang='lat' dir='ltr'><strong>praemia</strong></span> <span class='ocrx_word' id='word_1_60' title='bbox 622 793 745 862; x_wconf 77' lang='lat' dir='ltr'><strong>ethona,</strong></span> <span class='ocrx_word' id='word_1_61' title='bbox 764 809 833 862; x_wconf 85' lang='lat' dir='ltr'><strong>quae</strong></span> <span class='ocrx_word' id='word_1_62' title='bbox 852 793 898 848; x_wconf 91' lang='lat' dir='ltr'><strong>de·</strong></span> 
     </span>
     <span class='ocr_line' id='line_1_10' title="bbox 96 863 899 934; baseline 0.004 -17"><span class='ocrx_word' id='word_1_63' title='bbox 96 870 250 932; x_wconf 78' lang='lat' dir='ltr'><strong>merentnr3</strong></span> <span class='ocrx_word' id='word_1_64' title='bbox 277 863 423 933; x_wconf 83' lang='lat' dir='ltr'><strong>turpitudo,</strong></span> <span class='ocrx_word' id='word_1_65' title='bbox 452 880 531 932; x_wconf 88' lang='lat' dir='ltr'><strong>quam</strong></span> <span class='ocrx_word' id='word_1_66' title='bbox 555 865 583 918; x_wconf 89' lang='lat' dir='ltr'><strong>in</strong></span> <span class='ocrx_word' id='word_1_67' title='bbox 607 879 636 920; x_wconf 87' lang='lat' dir='ltr'><strong>se</strong></span> <span class='ocrx_word' id='word_1_68' title='bbox 654 865 769 934; x_wconf 85' lang='lat' dir='ltr'><strong>habent;</strong></span> <span class='ocrx_word' id='word_1_69' title='bbox 795 863 899 920; x_wconf 88' lang='lat' dir='ltr'><strong>infinita</strong></span> 
     </span>
     <span class='ocr_line' id='line_1_11' title="bbox 95 935 899 1005; baseline 0.002 -17"><span class='ocrx_word' id='word_1_70' title='bbox 95 935 149 990; x_wconf 90' lang='lat' dir='ltr'><strong>Dei</strong></span> <span class='ocrx_word' id='word_1_71' title='bbox 162 935 279 1003; x_wconf 84' lang='lat' dir='ltr'><strong>bonitas,</strong></span> <span class='ocrx_word' id='word_1_72' title='bbox 298 935 340 989; x_wconf 87' lang='lat' dir='ltr'><strong>oui</strong></span> <span class='ocrx_word' id='word_1_73' title='bbox 359 943 539 1004; x_wconf 87' lang='lat' dir='ltr'><strong>opponuntur.</strong></span> <span class='ocrx_word' id='word_1_74' title='bbox 556 935 711 992; x_wconf 83' lang='lat' dir='ltr'><strong>Audaoibus</strong></span> <span class='ocrx_word' id='word_1_75' title='bbox 723 935 899 1005; x_wconf 90' lang='lat' dir='ltr'><strong>proponenda</strong></span> 
     </span>
     <span class='ocr_line' id='line_1_12' title="bbox 96 1006 898 1077; baseline 0.001 -16"><span class='ocrx_word' id='word_1_76' title='bbox 96 1013 160 1062; x_wconf 87' lang='lat' dir='ltr'><strong>sunt</strong></span> <span class='ocrx_word' id='word_1_77' title='bbox 178 1006 280 1060; x_wconf 84' lang='lat' dir='ltr'><strong>motiva</strong></span> <span class='ocrx_word' id='word_1_78' title='bbox 297 1021 443 1073; x_wconf 87' lang='lat' dir='ltr'><strong>poenarum</strong></span> <span class='ocrx_word' id='word_1_79' title='bbox 462 1014 489 1062; x_wconf 85' lang='lat' dir='ltr'><strong>et</strong></span> <span class='ocrx_word' id='word_1_80' title='bbox 505 1007 608 1062; x_wconf 88' lang='lat' dir='ltr'><strong>timoris</strong></span> <span class='ocrx_word' id='word_1_81' title='bbox 625 1007 743 1062; x_wconf 87' lang='lat' dir='ltr'><strong>iustitiae</strong></span> <span class='ocrx_word' id='word_1_82' title='bbox 765 1009 833 1077; x_wconf 88' lang='lat' dir='ltr'><strong>Dei;</strong></span> <span class='ocrx_word' id='word_1_83' title='bbox 857 1009 898 1062; x_wconf 93' lang='lat' dir='ltr'><strong>in·</strong></span> 
     </span>
     <span class='ocr_line' id='line_1_13' title="bbox 97 1077 898 1150; baseline 0.004 -18"><span class='ocrx_word' id='word_1_84' title='bbox 97 1078 192 1146; x_wconf 80' lang='lat' dir='ltr'><strong>gennis</strong></span> <span class='ocrx_word' id='word_1_85' title='bbox 206 1077 307 1132; x_wconf 84' lang='lat' dir='ltr'><strong>motiva</strong></span> <span class='ocrx_word' id='word_1_86' title='bbox 320 1077 478 1148; x_wconf 79' lang='lat' dir='ltr'><strong>honestatis,</strong></span> <span class='ocrx_word' id='word_1_87' title='bbox 497 1093 566 1146; x_wconf 85' lang='lat' dir='ltr'><strong>quae</strong></span> <span class='ocrx_word' id='word_1_88' title='bbox 585 1086 627 1133; x_wconf 89' lang='lat' dir='ltr'><strong>est</strong></span> <span class='ocrx_word' id='word_1_89' title='bbox 643 1079 670 1132; x_wconf 90' lang='lat' dir='ltr'><strong>in</strong></span> <span class='ocrx_word' id='word_1_90' title='bbox 688 1080 801 1150; x_wconf 82' lang='lat' dir='ltr'><strong>virtute3</strong></span> <span class='ocrx_word' id='word_1_91' title='bbox 828 1079 898 1135; x_wconf 90' lang='lat' dir='ltr'><strong>timi-</strong></span> 
     </span>
     <span class='ocr_line' id='line_1_14' title="bbox 97 1147 732 1219; baseline 0.005 -17"><span class='ocrx_word' id='word_1_92' title='bbox 97 1147 138 1205; x_wconf 89' lang='lat' dir='ltr'><strong>dis</strong></span> <span class='ocrx_word' id='word_1_93' title='bbox 157 1149 260 1203; x_wconf 86' lang='lat' dir='ltr'><strong>motr&#39;va</strong></span> <span class='ocrx_word' id='word_1_94' title='bbox 276 1149 464 1219; x_wconf 87' lang='lat' dir='ltr'><strong>praemiorum,</strong></span> <span class='ocrx_word' id='word_1_95' title='bbox 483 1156 511 1204; x_wconf 87' lang='lat' dir='ltr'><strong>et</strong></span> <span class='ocrx_word' id='word_1_96' title='bbox 527 1149 654 1204; x_wconf 87' lang='lat' dir='ltr'><strong>bonitatis</strong></span> <span class='ocrx_word' id='word_1_97' title='bbox 671 1151 732 1206; x_wconf 88' lang='lat' dir='ltr'><strong>Dei.</strong></span> 
     </span>
    </p>
   </div>
   <div class='ocr_carea' id='block_1_5' title="bbox 149 1277 921 2710">
    <p class='ocr_par' dir='ltr' id='par_1_5' title="bbox 149 1277 921 2710">
     <span class='ocr_line' id='line_1_15' title="bbox 149 1277 898 1330; baseline 0.001 -11"><span class='ocrx_word' id='word_1_98' title='bbox 149 1280 219 1320; x_wconf 87' lang='lat' dir='ltr'><strong>monti</strong></span> <span class='ocrx_word' id='word_1_99' title='bbox 233 1277 383 1318; x_wconf 84' lang='lat' dir='ltr'><strong>Poenitentiaa</strong></span> <span class='ocrx_word' id='word_1_100' title='bbox 397 1277 504 1317; x_wconf 85' lang='lat' dir='ltr'><strong>ministris</strong></span> <span class='ocrx_word' id='word_1_101' title='bbox 516 1287 607 1326; x_wconf 89' lang='lat' dir='ltr'><strong>prorsus</strong></span> <span class='ocrx_word' id='word_1_102' title='bbox 617 1278 729 1328; x_wconf 83' lang='lat' dir='ltr'><strong>imparati,</strong></span> <span class='ocrx_word' id='word_1_103' title='bbox 744 1280 782 1320; x_wconf 89' lang='lat' dir='ltr'><strong>sed</strong></span> <span class='ocrx_word' id='word_1_104' title='bbox 791 1291 898 1330; x_wconf 81' lang='lat' dir='ltr'><strong>persaepe</strong></span> 
     </span>
     <span class='ocr_line' id='line_1_16' title="bbox 150 1344 897 1396; baseline 0.003 -10"><span class='ocrx_word' id='word_1_105' title='bbox 150 1350 227 1386; x_wconf 86' lang='lat' dir='ltr'><strong>tamen</strong></span> <span class='ocrx_word' id='word_1_106' title='bbox 239 1345 372 1393; x_wconf 87' lang='lat' dir='ltr'><strong>huiusmodi,</strong></span> <span class='ocrx_word' id='word_1_107' title='bbox 393 1346 419 1382; x_wconf 86' lang='lat' dir='ltr'><strong>nt</strong></span> <span class='ocrx_word' id='word_1_108' title='bbox 437 1355 464 1382; x_wconf 85' lang='lat' dir='ltr'><strong>ex</strong></span> <span class='ocrx_word' id='word_1_109' title='bbox 483 1344 599 1393; x_wconf 85' lang='lat' dir='ltr'><strong>imparatis</strong></span> <span class='ocrx_word' id='word_1_110' title='bbox 613 1345 688 1392; x_wconf 85' lang='lat' dir='ltr'><strong>parati</strong></span> <span class='ocrx_word' id='word_1_111' title='bbox 701 1345 748 1385; x_wconf 86' lang='lat' dir='ltr'><strong>iteri</strong></span> <span class='ocrx_word' id='word_1_112' title='bbox 762 1348 856 1396; x_wconf 83' lang='lat' dir='ltr'><strong>possint,</strong></span> <span class='ocrx_word' id='word_1_113' title='bbox 879 1350 897 1388; x_wconf 91' lang='lat' dir='ltr'><strong>si</strong></span> 
     </span>
     <span class='ocr_line' id='line_1_17' title="bbox 152 1409 897 1462; baseline 0.001 -11"><span class='ocrx_word' id='word_1_114' title='bbox 152 1411 218 1452; x_wconf 88' lang='lat' dir='ltr'><strong>modo</strong></span> <span class='ocrx_word' id='word_1_115' title='bbox 234 1411 336 1451; x_wconf 89' lang='lat' dir='ltr'><strong>sacerdos</strong></span> <span class='ocrx_word' id='word_1_116' title='bbox 349 1410 434 1450; x_wconf 83' lang='lat' dir='ltr'><strong>viscera</strong></span> <span class='ocrx_word' id='word_1_117' title='bbox 452 1411 543 1449; x_wconf 85' lang='lat' dir='ltr'><strong>indutus</strong></span> <span class='ocrx_word' id='word_1_118' title='bbox 563 1409 726 1450; x_wconf 85' lang='lat' dir='ltr'><strong>misericordiae</strong></span> <span class='ocrx_word' id='word_1_119' title='bbox 740 1411 822 1451; x_wconf 84' lang='lat' dir='ltr'><strong>Ohristi</strong></span> <span class='ocrx_word' id='word_1_120' title='bbox 835 1414 897 1462; x_wconf 87' lang='lat' dir='ltr'><strong>Jesn,</strong></span> 
     </span>
     <span class='ocr_line' id='line_1_18' title="bbox 149 1477 898 1533; baseline 0.004 -14"><span class='ocrx_word' id='word_1_121' title='bbox 149 1482 248 1530; x_wconf 46' lang='lat' dir='ltr'><strong>quisnon</strong></span> <span class='ocrx_word' id='word_1_122' title='bbox 261 1480 322 1518; x_wconf 83' lang='lat' dir='ltr'><strong>venit</strong></span> <span class='ocrx_word' id='word_1_123' title='bbox 335 1490 415 1519; x_wconf 85' lang='lat' dir='ltr'><strong>vocare</strong></span> <span class='ocrx_word' id='word_1_124' title='bbox 429 1479 499 1518; x_wconf 88' lang='lat' dir='ltr'><strong>iustos</strong></span> <span class='ocrx_word' id='word_1_125' title='bbox 514 1477 551 1517; x_wconf 90' lang='lat' dir='ltr'><strong>sed</strong></span> <span class='ocrx_word' id='word_1_126' title='bbox 566 1481 700 1528; x_wconf 83' lang='lat' dir='ltr'><strong>peccatores,</strong></span> <span class='ocrx_word' id='word_1_127' title='bbox 723 1481 779 1520; x_wconf 87' lang='lat' dir='ltr'><strong>sciat</strong></span> <span class='ocrx_word' id='word_1_128' title='bbox 793 1482 898 1533; x_wconf 87' lang='lat' dir='ltr'><strong>studiose,</strong></span> 
     </span>
     <span class='ocr_line' id='line_1_19' title="bbox 150 1545 897 1598; baseline 0 -11"><span class='ocrx_word' id='word_1_129' title='bbox 150 1549 261 1598; x_wconf 79' lang='lat' dir='ltr'><strong>patienter</strong></span> <span class='ocrx_word' id='word_1_130' title='bbox 276 1547 297 1585; x_wconf 87' lang='lat' dir='ltr'><strong>et</strong></span> <span class='ocrx_word' id='word_1_131' title='bbox 310 1548 423 1585; x_wconf 81' lang='lat' dir='ltr'><strong>mansuete</strong></span> <span class='ocrx_word' id='word_1_132' title='bbox 442 1555 491 1584; x_wconf 87' lang='lat' dir='ltr'><strong>cnm</strong></span> <span class='ocrx_word' id='word_1_133' title='bbox 513 1545 566 1594; x_wconf 89' lang='lat' dir='ltr'><strong>ipsis</strong></span> <span class='ocrx_word' id='word_1_134' title='bbox 586 1545 689 1594; x_wconf 60' lang='lat' dir='ltr'><strong>agerat)</strong></span> <span class='ocrx_word' id='word_1_135' title='bbox 718 1545 779 1592; x_wconf 83' lang='lat' dir='ltr'><strong>Quod</strong></span> <span class='ocrx_word' id='word_1_136' title='bbox 798 1548 816 1586; x_wconf 94' lang='lat' dir='ltr'><strong>si</strong></span> <span class='ocrx_word' id='word_1_137' title='bbox 834 1558 897 1596; x_wconf 89' lang='lat' dir='ltr'><strong>prae·</strong></span> 
     </span>
     <span class='ocr_line' id='line_1_20' title="bbox 153 1612 901 1662; baseline 0 -9"><span class='ocrx_word' id='word_1_138' title='bbox 153 1616 214 1654; x_wconf 89' lang='lat' dir='ltr'><strong>stare</strong></span> <span class='ocrx_word' id='word_1_139' title='bbox 239 1613 417 1662; x_wconf 86' lang='lat' dir='ltr'><strong>praetermittat,</strong></span> <span class='ocrx_word' id='word_1_140' title='bbox 441 1612 539 1660; x_wconf 81' lang='lat' dir='ltr'><strong>protecto</strong></span> <span class='ocrx_word' id='word_1_141' title='bbox 563 1621 607 1650; x_wconf 89' lang='lat' dir='ltr'><strong>non</strong></span> <span class='ocrx_word' id='word_1_142' title='bbox 632 1612 703 1660; x_wconf 79' lang='lat' dir='ltr'><strong>magis</strong></span> <span class='ocrx_word' id='word_1_143' title='bbox 726 1612 773 1661; x_wconf 90' lang='lat' dir='ltr'><strong>ipse</strong></span> <span class='ocrx_word' id='word_1_144' title='bbox 796 1613 901 1654; x_wconf 87' lang='lat' dir='ltr'><strong>dicendus</strong></span> 
     </span>
     <span class='ocr_line' id='line_1_21' title="bbox 150 1676 900 1728; baseline -0.003 -10"><span class='ocrx_word' id='word_1_145' title='bbox 150 1681 185 1718; x_wconf 90' lang='lat' dir='ltr'><strong>est</strong></span> <span class='ocrx_word' id='word_1_146' title='bbox 196 1679 289 1728; x_wconf 85' lang='lat' dir='ltr'><strong>paratus</strong></span> <span class='ocrx_word' id='word_1_147' title='bbox 300 1677 326 1716; x_wconf 86' lang='lat' dir='ltr'><strong>sd</strong></span> <span class='ocrx_word' id='word_1_148' title='bbox 336 1677 474 1724; x_wconf 85' lang='lat' dir='ltr'><strong>audiendum,</strong></span> <span class='ocrx_word' id='word_1_149' title='bbox 489 1685 555 1724; x_wconf 87' lang='lat' dir='ltr'><strong>qnam</strong></span> <span class='ocrx_word' id='word_1_150' title='bbox 564 1676 631 1714; x_wconf 86' lang='lat' dir='ltr'><strong>ceteri</strong></span> <span class='ocrx_word' id='word_1_151' title='bbox 642 1676 670 1714; x_wconf 90' lang='lat' dir='ltr'><strong>ad</strong></span> <span class='ocrx_word' id='word_1_152' title='bbox 680 1676 827 1716; x_wconf 78' lang='lat' dir='ltr'><strong>confitendum</strong></span> <span class='ocrx_word' id='word_1_153' title='bbox 839 1687 900 1716; x_wconf 86' lang='lat' dir='ltr'><strong>acoe-</strong></span> 
     </span>
     <span class='ocr_line' id='line_1_22' title="bbox 149 1741 899 1790; baseline -0.001 -8"><span class='ocrx_word' id='word_1_154' title='bbox 149 1744 209 1786; x_wconf 80' lang='lat' dir='ltr'><strong>dere.</strong></span> <span class='ocrx_word' id='word_1_155' title='bbox 245 1741 355 1790; x_wconf 78' lang='lat' dir='ltr'><strong>Insperati</strong></span> <span class='ocrx_word' id='word_1_156' title='bbox 370 1741 427 1780; x_wconf 90' lang='lat' dir='ltr'><strong>enim</strong></span> <span class='ocrx_word' id='word_1_157' title='bbox 441 1741 473 1780; x_wconf 90' lang='lat' dir='ltr'><strong>illi</strong></span> <span class='ocrx_word' id='word_1_158' title='bbox 484 1741 636 1780; x_wconf 89' lang='lat' dir='ltr'><strong>tantummodo</strong></span> <span class='ocrx_word' id='word_1_159' title='bbox 655 1742 706 1781; x_wconf 88' lang='lat' dir='ltr'><strong>sunt</strong></span> <span class='ocrx_word' id='word_1_160' title='bbox 719 1741 840 1790; x_wconf 86' lang='lat' dir='ltr'><strong>indicandi,</strong></span> <span class='ocrx_word' id='word_1_161' title='bbox 854 1751 899 1782; x_wconf 93' lang='lat' dir='ltr'><strong>non</strong></span> 
     </span>
     <span class='ocr_line' id='line_1_23' title="bbox 151 1806 921 1857; baseline 0 -10"><span class='ocrx_word' id='word_1_162' title='bbox 151 1807 191 1857; x_wconf 88' lang='lat' dir='ltr'><strong>qui</strong></span> <span class='ocrx_word' id='word_1_163' title='bbox 210 1807 245 1846; x_wconf 80' lang='lat' dir='ltr'><strong>vei</strong></span> <span class='ocrx_word' id='word_1_164' title='bbox 265 1807 395 1856; x_wconf 79' lang='lat' dir='ltr'><strong>gravissima</strong></span> <span class='ocrx_word' id='word_1_165' title='bbox 413 1807 542 1846; x_wconf 84' lang='lat' dir='ltr'><strong>admiserint</strong></span> <span class='ocrx_word' id='word_1_166' title='bbox 560 1806 657 1855; x_wconf 77' lang='lat' dir='ltr'><strong>flagitia,</strong></span> <span class='ocrx_word' id='word_1_167' title='bbox 680 1806 715 1845; x_wconf 83' lang='lat' dir='ltr'><strong>vel</strong></span> <span class='ocrx_word' id='word_1_168' title='bbox 737 1806 774 1855; x_wconf 89' lang='lat' dir='ltr'><strong>qni</strong></span> <span class='ocrx_word' id='word_1_169' title='bbox 794 1807 900 1856; x_wconf 77' lang='lat' dir='ltr'><strong>plurimos</strong></span> <span class='ocrx_word' id='word_1_170' title='bbox 919 1807 921 1811; x_wconf 83' lang='lat'>&#39;</span> 
     </span>
     <span class='ocr_line' id='line_1_24' title="bbox 150 1871 900 1921; baseline 0 -7"><span class='ocrx_word' id='word_1_171' title='bbox 150 1875 218 1914; x_wconf 86' lang='lat' dir='ltr'><strong>etiam</strong></span> <span class='ocrx_word' id='word_1_172' title='bbox 239 1883 309 1912; x_wconf 89' lang='lat' dir='ltr'><strong>annos</strong></span> <span class='ocrx_word' id='word_1_173' title='bbox 327 1873 438 1912; x_wconf 73' lang='lat' dir='ltr'><strong>abfuerint</strong></span> <span class='ocrx_word' id='word_1_174' title='bbox 460 1883 474 1912; x_wconf 93' lang='lat' dir='ltr'><strong>a</strong></span> <span class='ocrx_word' id='word_1_175' title='bbox 496 1873 644 1921; x_wconf 81' lang='lat' dir='ltr'><strong>contessione;</strong></span> <span class='ocrx_word' id='word_1_176' title='bbox 667 1871 824 1914; x_wconf 73' lang='lat' dir='ltr'><strong>misericordias</strong></span> <span class='ocrx_word' id='word_1_177' title='bbox 842 1873 900 1914; x_wconf 86' lang='lat' dir='ltr'><strong>enim</strong></span> 
     </span>
     <span class='ocr_line' id='line_1_25' title="bbox 149 1939 900 1992; baseline -0.001 -11"><span class='ocrx_word' id='word_1_178' title='bbox 149 1941 239 1982; x_wconf 78' lang='lat' dir='ltr'><strong>Domini</strong></span> <span class='ocrx_word' id='word_1_179' title='bbox 253 1951 294 1979; x_wconf 78' lang='lat' dir='ltr'><strong>saca</strong></span> <span class='ocrx_word' id='word_1_180' title='bbox 308 1943 337 1978; x_wconf 85' lang='lat' dir='ltr'><strong>est</strong></span> <span class='ocrx_word' id='word_1_181' title='bbox 356 1951 452 1978; x_wconf 75' lang='lat' dir='ltr'><strong>meras</strong></span> <span class='ocrx_word' id='word_1_182' title='bbox 466 1943 485 1978; x_wconf 86' lang='lat' dir='ltr'><strong>et</strong></span> <span class='ocrx_word' id='word_1_183' title='bbox 504 1939 604 1980; x_wconf 78' lang='lat' dir='ltr'><strong>bonitatis</strong></span> <span class='ocrx_word' id='word_1_184' title='bbox 618 1940 715 1990; x_wconf 72' lang='lat' dir='ltr'><strong>infinitas</strong></span> <span class='ocrx_word' id='word_1_185' title='bbox 738 1943 769 1980; x_wconf 77' lang='lat' dir='ltr'><strong>css</strong></span> <span class='ocrx_word' id='word_1_186' title='bbox 786 1941 900 1992; x_wconf 63' lang='lat' dir='ltr'><strong>massam,</strong></span> 
     </span>
     <span class='ocr_line' id='line_1_26' title="bbox 149 2004 900 2054; baseline -0.001 -8"><span class='ocrx_word' id='word_1_187' title='bbox 149 2007 185 2046; x_wconf 85' lang='lat' dir='ltr'><strong>vei</strong></span> <span class='ocrx_word' id='word_1_188' title='bbox 206 2006 244 2054; x_wconf 86' lang='lat' dir='ltr'><strong>qni</strong></span> <span class='ocrx_word' id='word_1_189' title='bbox 263 2004 328 2044; x_wconf 86' lang='lat' dir='ltr'><strong>rodes</strong></span> <span class='ocrx_word' id='word_1_190' title='bbox 342 2005 480 2054; x_wconf 84' lang='lat' dir='ltr'><strong>conditione,</strong></span> <span class='ocrx_word' id='word_1_191' title='bbox 505 2006 543 2044; x_wconf 88' lang='lat' dir='ltr'><strong>ant</strong></span> <span class='ocrx_word' id='word_1_192' title='bbox 562 2004 621 2044; x_wconf 86' lang='lat' dir='ltr'><strong>tardi</strong></span> <span class='ocrx_word' id='word_1_193' title='bbox 634 2004 722 2052; x_wconf 79' lang='lat' dir='ltr'><strong>ingenio</strong></span> <span class='ocrx_word' id='word_1_194' title='bbox 741 2014 785 2044; x_wconf 91' lang='lat' dir='ltr'><strong>non</strong></span> <span class='ocrx_word' id='word_1_195' title='bbox 807 2006 863 2046; x_wconf 88' lang='lat' dir='ltr'><strong>satis</strong></span> <span class='ocrx_word' id='word_1_196' title='bbox 876 2006 900 2045; x_wconf 91' lang='lat' dir='ltr'><strong>in</strong></span> 
     </span>
     <span class='ocr_line' id='line_1_27' title="bbox 150 2068 900 2120; baseline -0.001 -9"><span class='ocrx_word' id='word_1_197' title='bbox 150 2072 235 2120; x_wconf 86' lang='lat' dir='ltr'><strong>seipsos</strong></span> <span class='ocrx_word' id='word_1_198' title='bbox 258 2068 414 2118; x_wconf 69' lang='lat' dir='ltr'><strong>meminerint,</strong></span> <span class='ocrx_word' id='word_1_199' title='bbox 445 2069 506 2110; x_wconf 83' lang='lat' dir='ltr'><strong>nnita</strong></span> <span class='ocrx_word' id='word_1_200' title='bbox 529 2071 576 2109; x_wconf 83' lang='lat' dir='ltr'><strong>iera</strong></span> <span class='ocrx_word' id='word_1_201' title='bbox 603 2070 713 2110; x_wconf 83' lang='lat' dir='ltr'><strong>industria</strong></span> <span class='ocrx_word' id='word_1_202' title='bbox 740 2080 781 2109; x_wconf 89' lang='lat' dir='ltr'><strong>sua</strong></span> <span class='ocrx_word' id='word_1_203' title='bbox 807 2070 829 2109; x_wconf 89' lang='lat' dir='ltr'><strong>id</strong></span> <span class='ocrx_word' id='word_1_204' title='bbox 852 2071 900 2110; x_wconf 87' lang='lat' dir='ltr'><strong>sine</strong></span> 
     </span>
     <span class='ocr_line' id='line_1_28' title="bbox 150 2134 900 2185; baseline -0.008 -7"><span class='ocrx_word' id='word_1_205' title='bbox 150 2136 272 2178; x_wconf 84' lang='lat' dir='ltr'><strong>saoerdotis</strong></span> <span class='ocrx_word' id='word_1_206' title='bbox 291 2135 362 2184; x_wconf 86' lang='lat' dir='ltr'><strong>ipsios</strong></span> <span class='ocrx_word' id='word_1_207' title='bbox 376 2145 444 2185; x_wconf 84' lang='lat' dir='ltr'><strong>opera</strong></span> <span class='ocrx_word' id='word_1_208' title='bbox 456 2135 594 2183; x_wconf 81' lang='lat' dir='ltr'><strong>assecuturi,</strong></span> <span class='ocrx_word' id='word_1_209' title='bbox 614 2135 652 2175; x_wconf 85' lang='lat' dir='ltr'><strong>sed</strong></span> <span class='ocrx_word' id='word_1_210' title='bbox 666 2135 704 2183; x_wconf 90' lang='lat' dir='ltr'><strong>qni</strong></span> <span class='ocrx_word' id='word_1_211' title='bbox 719 2134 818 2174; x_wconf 83' lang='lat' dir='ltr'><strong>adhibita</strong></span> <span class='ocrx_word' id='word_1_212' title='bbox 830 2135 859 2173; x_wconf 84' lang='lat' dir='ltr'><strong>ab</strong></span> <span class='ocrx_word' id='word_1_213' title='bbox 874 2143 900 2173; x_wconf 88' lang='lat' dir='ltr'><strong>eo</strong></span> 
     </span>
     <span class='ocr_line' id='line_1_29' title="bbox 149 2199 901 2249; baseline -0.005 -7"><span class='ocrx_word' id='word_1_214' title='bbox 149 2201 288 2249; x_wconf 84' lang='lat' dir='ltr'><strong>necessaria,</strong></span> <span class='ocrx_word' id='word_1_215' title='bbox 312 2211 356 2240; x_wconf 92' lang='lat' dir='ltr'><strong>non</strong></span> <span class='ocrx_word' id='word_1_216' title='bbox 376 2211 420 2249; x_wconf 79' lang='lat' dir='ltr'><strong>qna</strong></span> <span class='ocrx_word' id='word_1_217' title='bbox 442 2203 530 2248; x_wconf 89' lang='lat' dir='ltr'><strong>praeter</strong></span> <span class='ocrx_word' id='word_1_218' title='bbox 554 2201 642 2240; x_wconf 86' lang='lat' dir='ltr'><strong>modum</strong></span> <span class='ocrx_word' id='word_1_219' title='bbox 670 2201 802 2248; x_wconf 78' lang='lat' dir='ltr'><strong>graventur,</strong></span> <span class='ocrx_word' id='word_1_220' title='bbox 831 2199 855 2238; x_wconf 88' lang='lat' dir='ltr'><strong>in</strong></span> <span class='ocrx_word' id='word_1_221' title='bbox 871 2199 901 2238; x_wconf 89' lang='lat' dir='ltr'><strong>iis</strong></span> 
     </span>
     <span class='ocr_line' id='line_1_30' title="bbox 150 2265 900 2316; baseline -0.005 -8"><span class='ocrx_word' id='word_1_222' title='bbox 150 2267 315 2316; x_wconf 77' lang='lat' dir='ltr'><strong>interrogandis</strong></span> <span class='ocrx_word' id='word_1_223' title='bbox 335 2267 462 2315; x_wconf 80' lang='lat' dir='ltr'><strong>diligentia,</strong></span> <span class='ocrx_word' id='word_1_224' title='bbox 489 2267 589 2316; x_wconf 86' lang='lat' dir='ltr'><strong>omnique</strong></span> <span class='ocrx_word' id='word_1_225' title='bbox 610 2266 633 2305; x_wconf 90' lang='lat' dir='ltr'><strong>in</strong></span> <span class='ocrx_word' id='word_1_226' title='bbox 654 2266 732 2305; x_wconf 90' lang='lat' dir='ltr'><strong>iisdem</strong></span> <span class='ocrx_word' id='word_1_227' title='bbox 757 2266 785 2306; x_wconf 86' lang='lat' dir='ltr'><strong>ad</strong></span> <span class='ocrx_word' id='word_1_228' title='bbox 805 2265 900 2306; x_wconf 82' lang='lat' dir='ltr'><strong>detesta-</strong></span> 
     </span>
     <span class='ocr_line' id='line_1_31' title="bbox 151 2331 900 2382; baseline -0.005 -8"><span class='ocrx_word' id='word_1_229' title='bbox 151 2335 233 2374; x_wconf 84' lang='lat' dir='ltr'><strong>tionem</strong></span> <span class='ocrx_word' id='word_1_230' title='bbox 251 2335 390 2382; x_wconf 86' lang='lat' dir='ltr'><strong>peocatornm</strong></span> <span class='ocrx_word' id='word_1_231' title='bbox 414 2332 547 2380; x_wconf 81' lang='lat' dir='ltr'><strong>excitandis,</strong></span> <span class='ocrx_word' id='word_1_232' title='bbox 568 2341 611 2370; x_wconf 92' lang='lat' dir='ltr'><strong>non</strong></span> <span class='ocrx_word' id='word_1_233' title='bbox 634 2331 680 2370; x_wconf 88' lang='lat' dir='ltr'><strong>sine</strong></span> <span class='ocrx_word' id='word_1_234' title='bbox 699 2331 753 2370; x_wconf 82' lang='lat' dir='ltr'><strong>tirsis</strong></span> <span class='ocrx_word' id='word_1_235' title='bbox 777 2341 804 2370; x_wconf 88' lang='lat' dir='ltr'><strong>ex</strong></span> <span class='ocrx_word' id='word_1_236' title='bbox 821 2331 900 2371; x_wconf 88' lang='lat' dir='ltr'><strong>intimo</strong></span> 
     </span>
     <span class='ocr_line' id='line_1_32' title="bbox 151 2395 900 2446; baseline -0.004 -7"><span class='ocrx_word' id='word_1_237' title='bbox 151 2399 217 2440; x_wconf 87' lang='lat' dir='ltr'><strong>corde</strong></span> <span class='ocrx_word' id='word_1_238' title='bbox 231 2399 258 2438; x_wconf 86' lang='lat' dir='ltr'><strong>ad</strong></span> <span class='ocrx_word' id='word_1_239' title='bbox 268 2398 338 2438; x_wconf 89' lang='lat' dir='ltr'><strong>Deum</strong></span> <span class='ocrx_word' id='word_1_240' title='bbox 353 2397 455 2446; x_wconf 77' lang='lat' dir='ltr'><strong>precibus</strong></span> <span class='ocrx_word' id='word_1_241' title='bbox 470 2395 578 2436; x_wconf 85' lang='lat' dir='ltr'><strong>exhausta</strong></span> <span class='ocrx_word' id='word_1_242' title='bbox 587 2395 690 2435; x_wconf 86' lang='lat' dir='ltr'><strong>caritatis</strong></span> <span class='ocrx_word' id='word_1_243' title='bbox 704 2395 819 2445; x_wconf 80' lang='lat' dir='ltr'><strong>industria,</strong></span> <span class='ocrx_word' id='word_1_244' title='bbox 835 2408 900 2437; x_wconf 88' lang='lat' dir='ltr'><strong>sensu</strong></span> 
     </span>
     <span class='ocr_line' id='line_1_33' title="bbox 152 2461 901 2512; baseline -0.004 -6"><span class='ocrx_word' id='word_1_245' title='bbox 152 2468 227 2506; x_wconf 85' lang='lat' dir='ltr'><strong>tamen</strong></span> <span class='ocrx_word' id='word_1_246' title='bbox 242 2465 324 2504; x_wconf 88' lang='lat' dir='ltr'><strong>doloris</strong></span> <span class='ocrx_word' id='word_1_247' title='bbox 338 2475 364 2504; x_wconf 88' lang='lat' dir='ltr'><strong>ao</strong></span> <span class='ocrx_word' id='word_1_248' title='bbox 378 2462 534 2512; x_wconf 89' lang='lat' dir='ltr'><strong>poenitentiae,</strong></span> <span class='ocrx_word' id='word_1_249' title='bbox 554 2473 597 2511; x_wconf 86' lang='lat' dir='ltr'><strong>quo</strong></span> <span class='ocrx_word' id='word_1_250' title='bbox 618 2461 696 2501; x_wconf 87' lang='lat' dir='ltr'><strong>saltem</strong></span> <span class='ocrx_word' id='word_1_251' title='bbox 710 2463 737 2500; x_wconf 86' lang='lat' dir='ltr'><strong>ad</strong></span> <span class='ocrx_word' id='word_1_252' title='bbox 751 2461 791 2501; x_wconf 85' lang='lat' dir='ltr'><strong>Dei</strong></span> <span class='ocrx_word' id='word_1_253' title='bbox 805 2463 901 2510; x_wconf 78' lang='lat' dir='ltr'><strong>gratiam</strong></span> 
     </span>
     <span class='ocr_line' id='line_1_34' title="bbox 151 2527 900 2580; baseline -0.005 -8"><span class='ocrx_word' id='word_1_254' title='bbox 151 2535 174 2572; x_wconf 89' lang='lat' dir='ltr'><strong>in</strong></span> <span class='ocrx_word' id='word_1_255' title='bbox 190 2531 333 2572; x_wconf 77' lang='lat' dir='ltr'><strong>sacramento</strong></span> <span class='ocrx_word' id='word_1_256' title='bbox 346 2529 506 2580; x_wconf 85' lang='lat' dir='ltr'><strong>impetrandam</strong></span> <span class='ocrx_word' id='word_1_257' title='bbox 520 2529 672 2578; x_wconf 85' lang='lat' dir='ltr'><strong>disponuntur,</strong></span> <span class='ocrx_word' id='word_1_258' title='bbox 693 2537 767 2567; x_wconf 87' lang='lat' dir='ltr'><strong>carere</strong></span> <span class='ocrx_word' id='word_1_259' title='bbox 781 2527 900 2578; x_wconf 86' lang='lat' dir='ltr'><strong>prudenter</strong></span> 
     </span>
     <span class='ocr_line' id='line_1_35' title="bbox 151 2591 900 2644; baseline -0.008 -7"><span class='ocrx_word' id='word_1_260' title='bbox 151 2596 300 2638; x_wconf 87' lang='lat' dir='ltr'><strong>iudicantur.“</strong></span> <span class='ocrx_word' id='word_1_261' title='bbox 315 2597 366 2644; x_wconf 83' lang='lat' dir='ltr'><strong>(Leo</strong></span> <span class='ocrx_word' id='word_1_262' title='bbox 381 2595 433 2635; x_wconf 78' lang='lat' dir='ltr'><strong><em>XII,</em></strong></span> <span class='ocrx_word' id='word_1_263' title='bbox 449 2595 561 2644; x_wconf 72' lang='lat' dir='ltr'><strong>Encycia&#39;cc</strong></span> <span class='ocrx_word' id='word_1_264' title='bbox 575 2595 595 2634; x_wconf 78' lang='lat' dir='ltr'><strong>d.</strong></span> <span class='ocrx_word' id='word_1_265' title='bbox 606 2595 625 2638; x_wconf 78' lang='lat' dir='ltr'><strong>d.</strong></span> <span class='ocrx_word' id='word_1_266' title='bbox 641 2594 661 2634; x_wconf 83' lang='lat'><strong>8.</strong></span> <span class='ocrx_word' id='word_1_267' title='bbox 672 2593 714 2636; x_wconf 75' lang='lat' dir='ltr'><strong>cst.</strong></span> <span class='ocrx_word' id='word_1_268' title='bbox 723 2594 770 2636; x_wconf 70' lang='lat' dir='ltr'><strong>Jove.</strong></span> <span class='ocrx_word' id='word_1_269' title='bbox 781 2591 842 2635; x_wconf 79' lang='lat'><strong><em>1826.</em></strong></span> <span class='ocrx_word' id='word_1_270' title='bbox 852 2593 900 2642; x_wconf 83' lang='lat' dir='ltr'><strong>„De</strong></span> 
     </span>
     <span class='ocr_line' id='line_1_36' title="bbox 152 2655 899 2710; baseline -0.008 -6"><span class='ocrx_word' id='word_1_271' title='bbox 152 2663 249 2704; x_wconf 83' lang='lat' dir='ltr'><strong>Jubtlaei</strong></span> <span class='ocrx_word' id='word_1_272' title='bbox 259 2662 408 2704; x_wconf 87' lang='lat' dir='ltr'><strong>extensions.“</strong></span> <span class='ocrx_word' id='word_1_273' title='bbox 430 2661 473 2706; x_wconf 83' lang='lat' dir='ltr'><strong>Otr.</strong></span> <span class='ocrx_word' id='word_1_274' title='bbox 481 2661 528 2702; x_wconf 80' lang='lat' dir='ltr'><strong>(iat</strong></span> <span class='ocrx_word' id='word_1_275' title='bbox 537 2661 598 2704; x_wconf 76' lang='lat' dir='ltr'><strong>Rom.</strong></span> <span class='ocrx_word' id='word_1_276' title='bbox 610 2672 631 2710; x_wconf 88' lang='lat' dir='ltr'><strong>p.</strong></span> <span class='ocrx_word' id='word_1_277' title='bbox 641 2661 671 2706; x_wconf 84' lang='lat'><strong>11,</strong></span> <span class='ocrx_word' id='word_1_278' title='bbox 681 2671 699 2703; x_wconf 89' lang='lat' dir='ltr'><strong>o.</strong></span> <span class='ocrx_word' id='word_1_279' title='bbox 709 2655 728 2702; x_wconf 78' lang='lat'><strong>5.</strong></span> <span class='ocrx_word' id='word_1_280' title='bbox 737 2670 773 2708; x_wconf 81' lang='lat' dir='ltr'><strong>qu.</strong></span> <span class='ocrx_word' id='word_1_281' title='bbox 783 2656 817 2700; x_wconf 78' lang='lat'><strong>58.</strong></span> <span class='ocrx_word' id='word_1_282' title='bbox 830 2669 853 2698; x_wconf 87' lang='lat' dir='ltr'><strong>n.</strong></span> <span class='ocrx_word' id='word_1_283' title='bbox 867 2655 899 2709; x_wconf 74' lang='grc' dir='ltr'><strong>ὅ.)</strong></span> 
     </span>
    </p>
   </div>
   <div class='ocr_carea' id='block_1_6' title="bbox 97 2728 256 2744">
    <p class='ocr_par' dir='ltr' id='par_1_6' title="bbox 97 2728 256 2744">
     <span class='ocr_line' id='line_1_37' title="bbox 97 2728 256 2744; baseline 0 -4"><span class='ocrx_word' id='word_1_284' title='bbox 97 2728 256 2744; x_wconf 47' lang='grc' dir='ltr'><em>μ</em></span> 
     </span>
    </p>
   </div>
   <div class='ocr_carea' id='block_1_7' title="bbox 112 2753 901 2862">
    <p class='ocr_par' dir='ltr' id='par_1_7' title="bbox 112 2753 901 2862">
     <span class='ocr_line' id='line_1_38' title="bbox 112 2753 901 2813; baseline -0.01 -14"><span class='ocrx_word' id='word_1_285' title='bbox 112 2760 193 2813; x_wconf 63' lang='lat' dir='ltr'><strong>*)„1et</strong></span> <span class='ocrx_word' id='word_1_286' title='bbox 213 2759 271 2798; x_wconf 87' lang='lat' dir='ltr'><strong>hanc</strong></span> <span class='ocrx_word' id='word_1_287' title='bbox 290 2757 376 2807; x_wconf 78' lang='lat' dir='ltr'><strong>quidem</strong></span> <span class='ocrx_word' id='word_1_288' title='bbox 396 2756 504 2798; x_wconf 87' lang='lat' dir='ltr'><strong>cautelam</strong></span> <span class='ocrx_word' id='word_1_289' title='bbox 524 2767 573 2797; x_wconf 87' lang='lat' dir='ltr'><strong>cnm</strong></span> <span class='ocrx_word' id='word_1_290' title='bbox 592 2757 646 2795; x_wconf 83' lang='lat' dir='ltr'><strong>viris</strong></span> <span class='ocrx_word' id='word_1_291' title='bbox 660 2758 682 2794; x_wconf 89' lang='lat' dir='ltr'><strong>et</strong></span> <span class='ocrx_word' id='word_1_292' title='bbox 694 2755 809 2794; x_wconf 83' lang='lat' dir='ltr'><strong>iuvenibus</strong></span> <span class='ocrx_word' id='word_1_293' title='bbox 829 2753 901 2802; x_wconf 72' lang='lat' dir='ltr'><strong>magis</strong></span> 
     </span>
     <span class='ocr_line' id='line_1_39' title="bbox 153 2805 899 2862; baseline -0.004 -11"><span class='ocrx_word' id='word_1_294' title='bbox 153 2813 210 2853; x_wconf 91' lang='lat' dir='ltr'><strong>sciat</strong></span> <span class='ocrx_word' id='word_1_295' title='bbox 221 2811 443 2858; x_wconf 79' lang='lat' dir='ltr'><strong>esseneoesssrtam‘·,</strong></span> <span class='ocrx_word' id='word_1_296' title='bbox 462 2809 533 2862; x_wconf 80' lang='lat' dir='ltr'><strong>(Coss.</strong></span> <span class='ocrx_word' id='word_1_297' title='bbox 541 2822 599 2861; x_wconf 77' lang='lat' dir='ltr'><strong>proc.</strong></span> <span class='ocrx_word' id='word_1_298' title='bbox 610 2809 679 2850; x_wconf 76' lang='lat' dir='ltr'><strong>ociosa</strong></span> <span class='ocrx_word' id='word_1_299' title='bbox 696 2819 715 2852; x_wconf 86' lang='lat' dir='ltr'><strong>a.</strong></span> <span class='ocrx_word' id='word_1_300' title='bbox 730 2805 788 2848; x_wconf 81' lang='lat' dir='ltr'><strong>isto.</strong></span> <span class='ocrx_word' id='word_1_301' title='bbox 798 2811 854 2858; x_wconf 79' lang='lat' dir='ltr'><strong>post.</strong></span> <span class='ocrx_word' id='word_1_302' title='bbox 868 2805 899 2848; x_wconf 85' lang='grc' dir='ltr'><strong>Π.</strong></span> 
     </span>
    </p>
   </div>
   <div class='ocr_carea' id='block_1_8' title="bbox 154 2864 349 2916">
    <p class='ocr_par' dir='ltr' id='par_1_8' title="bbox 154 2864 349 2916">
     <span class='ocr_line' id='line_1_40' title="bbox 154 2864 349 2916; baseline -0.015 -10"><span class='ocrx_word' id='word_1_303' title='bbox 154 2867 185 2906; x_wconf 80' lang='lat' dir='ltr'><strong>tit.</strong></span> <span class='ocrx_word' id='word_1_304' title='bbox 200 2865 231 2908; x_wconf 85' lang='lat'><strong>11.</strong></span> <span class='ocrx_word' id='word_1_305' title='bbox 246 2877 292 2914; x_wconf 79' lang='lat' dir='ltr'><strong>cop.</strong></span> <span class='ocrx_word' id='word_1_306' title='bbox 307 2864 349 2916; x_wconf 80' lang='lat' dir='ltr'><strong>u.)</strong></span> 
     </span>
    </p>
   </div>
   <div class='ocr_carea' id='block_1_9' title="bbox 0 0 1072 3242">
    <p class='ocr_par' dir='ltr' id='par_1_9' title="bbox 0 0 1072 3242">
     <span class='ocr_line' id='line_1_41' title="bbox 0 0 1072 3242; baseline 0 0"><span class='ocrx_word' id='word_1_307' title='bbox 0 0 1072 3242; x_wconf 95' lang='lat' dir='ltr'><strong> </strong></span> 
     </span>
    </p>
   </div>
  </div>
 </body>
</html>
