<?xml version="1.0" encoding="UTF-8"?>
<!DOCTYPE html PUBLIC "-//W3C//DTD XHTML 1.0 Transitional//EN"
    "http://www.w3.org/TR/xhtml1/DTD/xhtml1-transitional.dtd">
<html xmlns="http://www.w3.org/1999/xhtml" xml:lang="en" lang="en">
 <head>
  <title>
</title>
<meta http-equiv="Content-Type" content="text/html;charset=utf-8" />
  <meta name='ocr-system' content='tesseract 3.04.00' />
  <meta name='ocr-capabilities' content='ocr_page ocr_carea ocr_par ocr_line ocrx_word'/>
</head>
<body>
  <div class='ocr_page' id='page_1' title='image "./manualesacerdot00schngoog_0643.png"; bbox 0 0 2146 3234; ppageno 0'>
   <div class='ocr_carea' id='block_1_1' title="bbox 12 169 909 348">
    <p class='ocr_par' dir='ltr' id='par_1_1' title="bbox 12 169 909 348">
     <span class='ocr_line' id='line_1_1' title="bbox 336 169 909 217; baseline -0.005 -1"><span class='ocrx_word' id='word_1_1' title='bbox 336 175 370 216; x_wconf 81' lang='lat' dir='ltr'><strong>Do</strong></span> <span class='ocrx_word' id='word_1_2' title='bbox 383 176 523 217; x_wconf 70' lang='lat' dir='ltr'><strong>§somniante</strong></span> <span class='ocrx_word' id='word_1_3' title='bbox 536 174 680 215; x_wconf 71' lang='lat' dir='ltr'><strong>Matrimonii.</strong></span> <span class='ocrx_word' id='word_1_4' title='bbox 867 169 909 214; x_wconf 73' lang='lat'><strong>01³</strong></span> 
     </span>
     <span class='ocr_line' id='line_1_2' title="bbox 12 273 908 348; baseline -0.004 -12"><span class='ocrx_word' id='word_1_5' title='bbox 12 273 13 290; x_wconf 60' lang='lat'>¹</span> <span class='ocrx_word' id='word_1_6' title='bbox 104 277 274 348; x_wconf 86' lang='lat' dir='ltr'><strong>superiorem</strong></span> <span class='ocrx_word' id='word_1_7' title='bbox 298 277 506 332; x_wconf 86' lang='lat' dir='ltr'><strong>ecclesiasticum</strong></span> <span class='ocrx_word' id='word_1_8' title='bbox 529 292 579 345; x_wconf 93' lang='lat' dir='ltr'><strong>pro</strong></span> <span class='ocrx_word' id='word_1_9' title='bbox 604 275 769 331; x_wconf 76' lang='lat' dir='ltr'><strong>Matrimonii</strong></span> <span class='ocrx_word' id='word_1_10' title='bbox 794 275 908 332; x_wconf 78' lang='lat' dir='ltr'><strong>dissolu-</strong></span> 
     </span>
    </p>
   </div>
   <div class='ocr_carea' id='block_1_2' title="bbox 12 347 908 416">
    <p class='ocr_par' dir='ltr' id='par_1_2' title="bbox 12 347 908 416">
     <span class='ocr_line' id='line_1_3' title="bbox 12 347 908 416; baseline -0.007 -9"><span class='ocrx_word' id='word_1_11' title='bbox 12 356 19 388; x_wconf 70' lang='lat' dir='ltr'><strong>r</strong></span> <span class='ocrx_word' id='word_1_12' title='bbox 105 351 190 407; x_wconf 88' lang='lat' dir='ltr'><strong>tione.</strong></span> <span class='ocrx_word' id='word_1_13' title='bbox 217 348 246 402; x_wconf 85' lang='lat' dir='ltr'><strong>Si</strong></span> <span class='ocrx_word' id='word_1_14' title='bbox 266 347 371 403; x_wconf 85' lang='lat' dir='ltr'><strong>demum</strong></span> <span class='ocrx_word' id='word_1_15' title='bbox 395 349 501 416; x_wconf 89' lang='lat' dir='ltr'><strong>utrique</strong></span> <span class='ocrx_word' id='word_1_16' title='bbox 528 349 564 404; x_wconf 89' lang='lat' dir='ltr'><strong>sit</strong></span> <span class='ocrx_word' id='word_1_17' title='bbox 585 356 685 416; x_wconf 77' lang='lat' dir='ltr'><strong>notum,</strong></span> <span class='ocrx_word' id='word_1_18' title='bbox 711 347 846 416; x_wconf 76' lang='lat' dir='ltr'><strong>parochus</strong></span> <span class='ocrx_word' id='word_1_19' title='bbox 864 348 908 403; x_wconf 85' lang='lat' dir='ltr'><strong>vel</strong></span> 
     </span>
    </p>
   </div>
   <div class='ocr_carea' id='block_1_3' title="bbox 104 417 908 761">
    <p class='ocr_par' dir='ltr' id='par_1_3' title="bbox 104 417 908 761">
     <span class='ocr_line' id='line_1_4' title="bbox 104 417 907 488; baseline -0.002 -12"><span class='ocrx_word' id='word_1_20' title='bbox 104 420 287 476; x_wconf 78' lang='lat' dir='ltr'><strong>confessarius</strong></span> <span class='ocrx_word' id='word_1_21' title='bbox 313 421 429 488; x_wconf 81' lang='lat' dir='ltr'><strong>coniugii</strong></span> <span class='ocrx_word' id='word_1_22' title='bbox 453 436 530 474; x_wconf 89' lang='lat' dir='ltr'><strong>usum</strong></span> <span class='ocrx_word' id='word_1_23' title='bbox 556 419 590 474; x_wconf 90' lang='lat' dir='ltr'><strong>iis</strong></span> <span class='ocrx_word' id='word_1_24' title='bbox 613 417 758 473; x_wconf 79' lang='lat' dir='ltr'><strong>interdicat</strong></span> <span class='ocrx_word' id='word_1_25' title='bbox 780 425 807 472; x_wconf 89' lang='lat' dir='ltr'><strong>ct</strong></span> <span class='ocrx_word' id='word_1_26' title='bbox 833 419 907 474; x_wconf 85' lang='lat' dir='ltr'><strong>nulio</strong></span> 
     </span>
     <span class='ocr_line' id='line_1_5' title="bbox 105 490 908 560; baseline -0.005 -13"><span class='ocrx_word' id='word_1_27' title='bbox 105 499 217 548; x_wconf 81' lang='lat' dir='ltr'><strong>extante</strong></span> <span class='ocrx_word' id='word_1_28' title='bbox 235 491 443 546; x_wconf 83' lang='lat' dir='ltr'><strong>incontinentiae</strong></span> <span class='ocrx_word' id='word_1_29' title='bbox 460 490 590 560; x_wconf 89' lang='lat' dir='ltr'><strong>periculo,</strong></span> <span class='ocrx_word' id='word_1_30' title='bbox 607 491 641 546; x_wconf 90' lang='lat' dir='ltr'><strong>iis</strong></span> <span class='ocrx_word' id='word_1_31' title='bbox 658 490 813 558; x_wconf 82' lang='lat' dir='ltr'><strong>permittere</strong></span> <span class='ocrx_word' id='word_1_32' title='bbox 831 496 908 558; x_wconf 86' lang='lat' dir='ltr'><strong>pots·</strong></span> 
     </span>
     <span class='ocr_line' id='line_1_6' title="bbox 106 560 908 634; baseline -0.007 -14"><span class='ocrx_word' id='word_1_33' title='bbox 106 565 152 634; x_wconf 71' lang='lat' dir='ltr'><strong>rit7</strong></span> <span class='ocrx_word' id='word_1_34' title='bbox 171 569 202 618; x_wconf 94' lang='lat' dir='ltr'><strong>ut</strong></span> <span class='ocrx_word' id='word_1_35' title='bbox 220 562 298 618; x_wconf 90' lang='lat' dir='ltr'><strong>simul</strong></span> <span class='ocrx_word' id='word_1_36' title='bbox 316 562 351 616; x_wconf 91' lang='lat' dir='ltr'><strong>ad</strong></span> <span class='ocrx_word' id='word_1_37' title='bbox 367 563 454 618; x_wconf 87' lang='lat' dir='ltr'><strong>instar</strong></span> <span class='ocrx_word' id='word_1_38' title='bbox 470 561 562 617; x_wconf 78' lang='lat' dir='ltr'><strong>fratris</strong></span> <span class='ocrx_word' id='word_1_39' title='bbox 581 568 609 615; x_wconf 89' lang='lat' dir='ltr'><strong>et</strong></span> <span class='ocrx_word' id='word_1_40' title='bbox 627 561 727 625; x_wconf 84' lang='lat' dir='ltr'><strong>sororis</strong></span> <span class='ocrx_word' id='word_1_41' title='bbox 740 560 908 630; x_wconf 83' lang='lat' dir='ltr'><strong>cohabitent3</strong></span> 
     </span>
     <span class='ocr_line' id='line_1_7' title="bbox 107 631 907 692; baseline -0.006 0"><span class='ocrx_word' id='word_1_42' title='bbox 107 650 187 692; x_wconf 85' lang='lat' dir='ltr'><strong>secus</strong></span> <span class='ocrx_word' id='word_1_43' title='bbox 213 633 249 689; x_wconf 89' lang='lat' dir='ltr'><strong>ad</strong></span> <span class='ocrx_word' id='word_1_44' title='bbox 270 633 358 689; x_wconf 88' lang='lat' dir='ltr'><strong>iorum</strong></span> <span class='ocrx_word' id='word_1_45' title='bbox 383 641 522 688; x_wconf 85' lang='lat' dir='ltr'><strong>externum</strong></span> <span class='ocrx_word' id='word_1_46' title='bbox 549 632 757 688; x_wconf 88' lang='lat' dir='ltr'><strong>ecclesiasticum</strong></span> <span class='ocrx_word' id='word_1_47' title='bbox 779 646 837 687; x_wconf 90' lang='lat' dir='ltr'><strong>rem</strong></span> <span class='ocrx_word' id='word_1_48' title='bbox 862 631 907 687; x_wconf 90' lang='lat' dir='ltr'><strong>de·</strong></span> 
     </span>
     <span class='ocr_line' id='line_1_8' title="bbox 107 707 198 761; baseline -0.011 0"><span class='ocrx_word' id='word_1_49' title='bbox 107 707 198 761; x_wconf 88' lang='lat' dir='ltr'><strong>ducat.</strong></span> 
     </span>
    </p>
   </div>
   <div class='ocr_carea' id='block_1_4' title="bbox 145 840 873 953">
    <p class='ocr_par' dir='ltr' id='par_1_4' title="bbox 145 840 873 953">
     <span class='ocr_line' id='line_1_9' title="bbox 145 840 873 953; baseline -0.004 -63"><span class='ocrx_word' id='word_1_50' title='bbox 145 843 179 890; x_wconf 91' lang='grc'><strong>11.</strong></span> <span class='ocrx_word' id='word_1_51' title='bbox 199 844 237 890; x_wconf 84' lang='lat' dir='ltr'><strong>Da</strong></span> <span class='ocrx_word' id='word_1_52' title='bbox 251 843 625 953; x_wconf 47' lang='lat' dir='ltr'><strong>dispensationrzffiue‘iiffltnm</strong></span> <span class='ocrx_word' id='word_1_53' title='bbox 638 841 744 898; x_wconf 84' lang='lat' dir='ltr'><strong>petendi</strong></span> <span class='ocrx_word' id='word_1_54' title='bbox 757 840 873 888; x_wconf 68' lang='lat' dir='ltr'><strong>dotium</strong></span> 
     </span>
    </p>
   </div>
   <div class='ocr_carea' id='block_1_5' title="bbox 147 967 908 1056">
    <p class='ocr_par' dir='ltr' id='par_1_5' title="bbox 147 967 908 1056">
     <span class='ocr_line' id='line_1_10' title="bbox 147 967 908 1056; baseline -0.001 -13"><span class='ocrx_word' id='word_1_55' title='bbox 147 989 214 1045; x_wconf 82' lang='lat' dir='ltr'><strong>Post</strong></span> <span class='ocrx_word' id='word_1_56' title='bbox 226 989 427 1044; x_wconf 79' lang='lat' dir='ltr'><strong>Matrimonium</strong></span> <span class='ocrx_word' id='word_1_57' title='bbox 445 989 533 1044; x_wconf 84' lang='lat' dir='ltr'><strong>valide</strong></span> <span class='ocrx_word' id='word_1_58' title='bbox 547 967 712 1044; x_wconf 86' lang='lat' dir='ltr'><strong>contractum</strong></span> <span class='ocrx_word' id='word_1_59' title='bbox 724 987 850 1056; x_wconf 87' lang='lat' dir='ltr'><strong>petitioni</strong></span> <span class='ocrx_word' id='word_1_60' title='bbox 863 985 908 1042; x_wconf 85' lang='lat' dir='ltr'><strong>de·</strong></span> 
     </span>
    </p>
   </div>
   <div class='ocr_carea' id='block_1_6' title="bbox 107 1060 909 1201">
    <p class='ocr_par' dir='ltr' id='par_1_6' title="bbox 107 1060 909 1201">
     <span class='ocr_line' id='line_1_11' title="bbox 108 1060 909 1130; baseline -0.002 -15"><span class='ocrx_word' id='word_1_61' title='bbox 108 1060 160 1115; x_wconf 89' lang='lat' dir='ltr'><strong>biti</strong></span> <span class='ocrx_word' id='word_1_62' title='bbox 178 1061 325 1130; x_wconf 79' lang='lat' dir='ltr'><strong>coniugalis</strong></span> <span class='ocrx_word' id='word_1_63' title='bbox 348 1061 401 1116; x_wconf 89' lang='lat' dir='ltr'><strong>tria</strong></span> <span class='ocrx_word' id='word_1_64' title='bbox 418 1061 526 1116; x_wconf 87' lang='lat' dir='ltr'><strong>obstare</strong></span> <span class='ocrx_word' id='word_1_65' title='bbox 548 1066 676 1130; x_wconf 88' lang='lat' dir='ltr'><strong>possunt,</strong></span> <span class='ocrx_word' id='word_1_66' title='bbox 702 1074 798 1128; x_wconf 87' lang='lat' dir='ltr'><strong>nempe</strong></span> <span class='ocrx_word' id='word_1_67' title='bbox 817 1065 909 1114; x_wconf 84' lang='lat' dir='ltr'><strong>votum</strong></span> 
     </span>
     <span class='ocr_line' id='line_1_12' title="bbox 107 1130 909 1201; baseline -0.001 -15"><span class='ocrx_word' id='word_1_68' title='bbox 107 1131 255 1201; x_wconf 85' lang='lat' dir='ltr'><strong>castitatis,</strong></span> <span class='ocrx_word' id='word_1_69' title='bbox 281 1131 394 1188; x_wconf 83' lang='lat' dir='ltr'><strong>affinitas</strong></span> <span class='ocrx_word' id='word_1_70' title='bbox 421 1132 613 1201; x_wconf 82' lang='lat' dir='ltr'><strong>superveniens</strong></span> <span class='ocrx_word' id='word_1_71' title='bbox 638 1137 666 1186; x_wconf 90' lang='lat' dir='ltr'><strong>et</strong></span> <span class='ocrx_word' id='word_1_72' title='bbox 690 1131 813 1199; x_wconf 78' lang='lat' dir='ltr'><strong>cognatio</strong></span> <span class='ocrx_word' id='word_1_73' title='bbox 832 1130 909 1200; x_wconf 78' lang='lat' dir='ltr'><strong>spiri·</strong></span> 
     </span>
    </p>
   </div>
   <div class='ocr_carea' id='block_1_7' title="bbox 11 1202 198 1258">
    <p class='ocr_par' dir='ltr' id='par_1_7' title="bbox 11 1202 198 1258">
     <span class='ocr_line' id='line_1_13' title="bbox 11 1202 198 1258; baseline -0.011 1"><span class='ocrx_word' id='word_1_74' title='bbox 11 1247 12 1252; x_wconf 32' lang='lat'>1</span> <span class='ocrx_word' id='word_1_75' title='bbox 106 1202 198 1258; x_wconf 87' lang='lat' dir='ltr'><strong>tualis.</strong></span> 
     </span>
    </p>
   </div>
   <div class='ocr_carea' id='block_1_8' title="bbox 147 1261 910 1342">
    <p class='ocr_par' dir='ltr' id='par_1_8' title="bbox 147 1261 910 1342">
     <span class='ocr_line' id='line_1_14' title="bbox 147 1261 910 1342; baseline -0.001 -14"><span class='ocrx_word' id='word_1_76' title='bbox 147 1273 246 1328; x_wconf 89' lang='lat' dir='ltr'><strong>Votum</strong></span> <span class='ocrx_word' id='word_1_77' title='bbox 263 1281 411 1342; x_wconf 85' lang='lat' dir='ltr'><strong>perpetuae</strong></span> <span class='ocrx_word' id='word_1_78' title='bbox 429 1273 568 1342; x_wconf 86' lang='lat' dir='ltr'><strong>castitatis,</strong></span> <span class='ocrx_word' id='word_1_79' title='bbox 587 1288 639 1340; x_wconf 88' lang='lat' dir='ltr'><strong>quo</strong></span> <span class='ocrx_word' id='word_1_80' title='bbox 653 1261 784 1342; x_wconf 67' lang='lat' dir='ltr'><strong>coniuges</strong></span> <span class='ocrx_word' id='word_1_81' title='bbox 792 1265 910 1328; x_wconf 86' lang='lat' dir='ltr'><strong>debitum</strong></span> 
     </span>
    </p>
   </div>
   <div class='ocr_carea' id='block_1_9' title="bbox 10 1341 909 1556">
    <p class='ocr_par' dir='ltr' id='par_1_9' title="bbox 10 1341 909 1556">
     <span class='ocr_line' id='line_1_15' title="bbox 11 1341 909 1415; baseline 0.001 -18"><span class='ocrx_word' id='word_1_82' title='bbox 11 1365 12 1370; x_wconf 44' lang='lat'>¹</span> <span class='ocrx_word' id='word_1_83' title='bbox 111 1349 207 1414; x_wconf 86' lang='lat' dir='ltr'><strong>petere</strong></span> <span class='ocrx_word' id='word_1_84' title='bbox 225 1345 415 1415; x_wconf 87' lang='lat' dir='ltr'><strong>prohibentur,</strong></span> <span class='ocrx_word' id='word_1_85' title='bbox 440 1341 484 1399; x_wconf 72' lang='lat' dir='ltr'><strong>vti</strong></span> <span class='ocrx_word' id='word_1_86' title='bbox 508 1350 549 1399; x_wconf 88' lang='lat' dir='ltr'><strong>est</strong></span> <span class='ocrx_word' id='word_1_87' title='bbox 572 1351 753 1412; x_wconf 85' lang='lat' dir='ltr'><strong>nuncupatum</strong></span> <span class='ocrx_word' id='word_1_88' title='bbox 776 1349 838 1398; x_wconf 89' lang='lat' dir='ltr'><strong>ante</strong></span> <span class='ocrx_word' id='word_1_89' title='bbox 860 1359 909 1398; x_wconf 89' lang='lat' dir='ltr'><strong>nu·</strong></span> 
     </span>
     <span class='ocr_line' id='line_1_16' title="bbox 11 1414 908 1486; baseline -0.001 -17"><span class='ocrx_word' id='word_1_90' title='bbox 11 1425 12 1428; x_wconf 74' lang='grc'>’</span> <span class='ocrx_word' id='word_1_91' title='bbox 112 1414 193 1483; x_wconf 81' lang='lat' dir='ltr'><strong>ptiar,</strong></span> <span class='ocrx_word' id='word_1_92' title='bbox 212 1415 256 1468; x_wconf 85' lang='lat' dir='ltr'><strong>vel</strong></span> <span class='ocrx_word' id='word_1_93' title='bbox 274 1423 336 1483; x_wconf 84' lang='lat' dir='ltr'><strong>post</strong></span> <span class='ocrx_word' id='word_1_94' title='bbox 355 1431 409 1486; x_wconf 89' lang='lat' dir='ltr'><strong>eas,</strong></span> <span class='ocrx_word' id='word_1_95' title='bbox 429 1417 486 1471; x_wconf 84' lang='lat' dir='ltr'><strong>sive</strong></span> <span class='ocrx_word' id='word_1_96' title='bbox 499 1422 569 1484; x_wconf 89' lang='lat' dir='ltr'><strong>ante,</strong></span> <span class='ocrx_word' id='word_1_97' title='bbox 588 1415 644 1469; x_wconf 85' lang='lat' dir='ltr'><strong>sive</strong></span> <span class='ocrx_word' id='word_1_98' title='bbox 663 1421 726 1483; x_wconf 91' lang='lat' dir='ltr'><strong>post</strong></span> <span class='ocrx_word' id='word_1_99' title='bbox 743 1426 908 1470; x_wconf 86' lang='lat' dir='ltr'><strong>consumma-</strong></span> 
     </span>
     <span class='ocr_line' id='line_1_17' title="bbox 10 1485 909 1556; baseline -0.001 -16"><span class='ocrx_word' id='word_1_100' title='bbox 10 1509 11 1530; x_wconf 55' lang='lat' dir='ltr'><strong>r</strong></span> <span class='ocrx_word' id='word_1_101' title='bbox 109 1491 170 1540; x_wconf 90' lang='lat' dir='ltr'><strong>tum</strong></span> <span class='ocrx_word' id='word_1_102' title='bbox 187 1485 400 1556; x_wconf 84' lang='lat' dir='ltr'><strong>Matrimonium,</strong></span> <span class='ocrx_word' id='word_1_103' title='bbox 426 1488 471 1542; x_wconf 89' lang='lat' dir='ltr'><strong>vel</strong></span> <span class='ocrx_word' id='word_1_104' title='bbox 496 1487 530 1541; x_wconf 89' lang='lat' dir='ltr'><strong>ab</strong></span> <span class='ocrx_word' id='word_1_105' title='bbox 555 1502 609 1540; x_wconf 92' lang='lat' dir='ltr'><strong>uno</strong></span> <span class='ocrx_word' id='word_1_106' title='bbox 633 1493 737 1540; x_wconf 88' lang='lat' dir='ltr'><strong>tantum</strong></span> <span class='ocrx_word' id='word_1_107' title='bbox 760 1487 909 1555; x_wconf 82' lang='lat' dir='ltr'><strong>coniugum,</strong></span> 
     </span>
    </p>
   </div>
   <div class='ocr_carea' id='block_1_10' title="bbox 112 1555 910 1695">
    <p class='ocr_par' dir='ltr' id='par_1_10' title="bbox 112 1555 910 1695">
     <span class='ocr_line' id='line_1_18' title="bbox 112 1555 908 1627; baseline -0.003 -15"><span class='ocrx_word' id='word_1_108' title='bbox 112 1557 199 1612; x_wconf 88' lang='lat' dir='ltr'><strong>altero</strong></span> <span class='ocrx_word' id='word_1_109' title='bbox 223 1564 270 1611; x_wconf 85' lang='lat' dir='ltr'><strong>aut</strong></span> <span class='ocrx_word' id='word_1_110' title='bbox 294 1558 475 1614; x_wconf 87' lang='lat' dir='ltr'><strong>consentiente</strong></span> <span class='ocrx_word' id='word_1_111' title='bbox 504 1563 551 1612; x_wconf 91' lang='lat' dir='ltr'><strong>aut</strong></span> <span class='ocrx_word' id='word_1_112' title='bbox 575 1557 674 1627; x_wconf 84' lang='lat' dir='ltr'><strong>inscio,</strong></span> <span class='ocrx_word' id='word_1_113' title='bbox 701 1557 745 1611; x_wconf 86' lang='lat' dir='ltr'><strong>vel</strong></span> <span class='ocrx_word' id='word_1_114' title='bbox 770 1557 849 1610; x_wconf 87' lang='lat' dir='ltr'><strong>etiam</strong></span> <span class='ocrx_word' id='word_1_115' title='bbox 874 1555 908 1611; x_wconf 88' lang='lat' dir='ltr'><strong>ab</strong></span> 
     </span>
     <span class='ocr_line' id='line_1_19' title="bbox 112 1626 910 1695; baseline -0.001 -13"><span class='ocrx_word' id='word_1_116' title='bbox 112 1635 227 1695; x_wconf 87' lang='lat' dir='ltr'><strong>utroque</strong></span> <span class='ocrx_word' id='word_1_117' title='bbox 246 1629 324 1684; x_wconf 89' lang='lat' dir='ltr'><strong>simul</strong></span> <span class='ocrx_word' id='word_1_118' title='bbox 341 1636 433 1685; x_wconf 89' lang='lat' dir='ltr'><strong>mutuo</strong></span> <span class='ocrx_word' id='word_1_119' title='bbox 452 1645 593 1684; x_wconf 89' lang='lat' dir='ltr'><strong>consensu.</strong></span> <span class='ocrx_word' id='word_1_120' title='bbox 629 1628 662 1682; x_wconf 91' lang='lat' dir='ltr'><strong>In</strong></span> <span class='ocrx_word' id='word_1_121' title='bbox 679 1628 722 1682; x_wconf 90' lang='lat' dir='ltr'><strong>his</strong></span> <span class='ocrx_word' id='word_1_122' title='bbox 741 1626 863 1682; x_wconf 89' lang='lat' dir='ltr'><strong>omnibus</strong></span> <span class='ocrx_word' id='word_1_123' title='bbox 882 1633 910 1681; x_wconf 91' lang='lat' dir='ltr'><strong>et</strong></span> 
     </span>
    </p>
   </div>
   <div class='ocr_carea' id='block_1_11' title="bbox 10 1696 910 1769">
    <p class='ocr_par' dir='ltr' id='par_1_11' title="bbox 10 1696 910 1769">
     <span class='ocr_line' id='line_1_20' title="bbox 10 1696 910 1769; baseline 0 -16"><span class='ocrx_word' id='word_1_124' title='bbox 10 1711 12 1746; x_wconf 64' lang='lat' dir='ltr'><strong>i</strong></span> <span class='ocrx_word' id='word_1_125' title='bbox 113 1715 132 1754; x_wconf 90' lang='lat' dir='ltr'><strong>a</strong></span> <span class='ocrx_word' id='word_1_126' title='bbox 155 1696 260 1754; x_wconf 86' lang='lat' dir='ltr'><strong>fortiori</strong></span> <span class='ocrx_word' id='word_1_127' title='bbox 281 1700 310 1754; x_wconf 92' lang='lat' dir='ltr'><strong>in</strong></span> <span class='ocrx_word' id='word_1_128' title='bbox 333 1700 463 1756; x_wconf 82' lang='lat' dir='ltr'><strong>votisad</strong></span> <span class='ocrx_word' id='word_1_129' title='bbox 486 1707 607 1769; x_wconf 88' lang='lat' dir='ltr'><strong>tempus,</strong></span> <span class='ocrx_word' id='word_1_130' title='bbox 635 1698 791 1767; x_wconf 87' lang='lat' dir='ltr'><strong>dispensare</strong></span> <span class='ocrx_word' id='word_1_131' title='bbox 818 1703 910 1766; x_wconf 90' lang='lat' dir='ltr'><strong>potest</strong></span> 
     </span>
    </p>
   </div>
   <div class='ocr_carea' id='block_1_12' title="bbox 62 1769 987 2339">
    <p class='ocr_par' dir='ltr' id='par_1_12' title="bbox 62 1769 987 2339">
     <span class='ocr_line' id='line_1_21' title="bbox 110 1769 909 1840; baseline -0.001 -16"><span class='ocrx_word' id='word_1_132' title='bbox 110 1770 273 1840; x_wconf 83' lang='lat' dir='ltr'><strong>Episcopus,</strong></span> <span class='ocrx_word' id='word_1_133' title='bbox 291 1772 347 1827; x_wconf 88' lang='lat' dir='ltr'><strong>sive</strong></span> <span class='ocrx_word' id='word_1_134' title='bbox 362 1787 396 1826; x_wconf 84' lang='lat' dir='ltr'><strong>ex</strong></span> <span class='ocrx_word' id='word_1_135' title='bbox 409 1770 605 1827; x_wconf 84' lang='lat' dir='ltr'><strong>consuetudine</strong></span> <span class='ocrx_word' id='word_1_136' title='bbox 614 1771 668 1824; x_wconf 86' lang='lat' dir='ltr'><strong>vim</strong></span> <span class='ocrx_word' id='word_1_137' title='bbox 681 1770 749 1838; x_wconf 84' lang='lat' dir='ltr'><strong>legis</strong></span> <span class='ocrx_word' id='word_1_138' title='bbox 763 1769 909 1838; x_wconf 87' lang='lat' dir='ltr'><strong>obtinente,</strong></span> 
     </span>
     <span class='ocr_line' id='line_1_22' title="bbox 111 1841 909 1910; baseline -0.006 -12"><span class='ocrx_word' id='word_1_139' title='bbox 111 1843 171 1898; x_wconf 83' lang='lat' dir='ltr'><strong>sire</strong></span> <span class='ocrx_word' id='word_1_140' title='bbox 190 1843 253 1910; x_wconf 83' lang='lat' dir='ltr'><strong>quie</strong></span> <span class='ocrx_word' id='word_1_141' title='bbox 270 1843 298 1896; x_wconf 90' lang='lat' dir='ltr'><strong>in</strong></span> <span class='ocrx_word' id='word_1_142' title='bbox 316 1843 390 1899; x_wconf 89' lang='lat' dir='ltr'><strong>hisce</strong></span> <span class='ocrx_word' id='word_1_143' title='bbox 408 1843 513 1899; x_wconf 86' lang='lat' dir='ltr'><strong>casibus</strong></span> <span class='ocrx_word' id='word_1_144' title='bbox 530 1843 577 1896; x_wconf 83' lang='lat' dir='ltr'><strong>vix</strong></span> <span class='ocrx_word' id='word_1_145' title='bbox 594 1856 711 1908; x_wconf 86' lang='lat' dir='ltr'><strong>unquam</strong></span> <span class='ocrx_word' id='word_1_146' title='bbox 725 1841 802 1895; x_wconf 90' lang='lat' dir='ltr'><strong>abest</strong></span> <span class='ocrx_word' id='word_1_147' title='bbox 819 1841 909 1894; x_wconf 89' lang='lat' dir='ltr'><strong>incon·</strong></span> 
     </span>
     <span class='ocr_line' id='line_1_23' title="bbox 110 1911 909 1983; baseline -0.004 -15"><span class='ocrx_word' id='word_1_148' title='bbox 110 1913 241 1968; x_wconf 85' lang='lat' dir='ltr'><strong>tinentiae</strong></span> <span class='ocrx_word' id='word_1_149' title='bbox 266 1914 421 1983; x_wconf 86' lang='lat' dir='ltr'><strong>periculum.</strong></span> <span class='ocrx_word' id='word_1_150' title='bbox 457 1915 532 1968; x_wconf 89' lang='lat' dir='ltr'><strong>Haec</strong></span> <span class='ocrx_word' id='word_1_151' title='bbox 558 1919 647 1968; x_wconf 88' lang='lat' dir='ltr'><strong>autem</strong></span> <span class='ocrx_word' id='word_1_152' title='bbox 672 1911 836 1980; x_wconf 88' lang='lat' dir='ltr'><strong>dispensatio</strong></span> <span class='ocrx_word' id='word_1_153' title='bbox 854 1926 909 1966; x_wconf 92' lang='lat' dir='ltr'><strong>non</strong></span> 
     </span>
     <span class='ocr_line' id='line_1_24' title="bbox 62 1980 909 2054; baseline -0.004 -14"><span class='ocrx_word' id='word_1_154' title='bbox 62 2049 63 2052; x_wconf 8' lang='grc' dir='ltr'><strong>Ἴ</strong></span> <span class='ocrx_word' id='word_1_155' title='bbox 111 1991 155 2040; x_wconf 85' lang='lat' dir='ltr'><strong>est</strong></span> <span class='ocrx_word' id='word_1_156' title='bbox 173 1985 310 2054; x_wconf 80' lang='lat' dir='ltr'><strong>absoluta3</strong></span> <span class='ocrx_word' id='word_1_157' title='bbox 329 1986 402 2040; x_wconf 84' lang='lat' dir='ltr'><strong>valet</strong></span> <span class='ocrx_word' id='word_1_158' title='bbox 418 1993 522 2040; x_wconf 86' lang='lat' dir='ltr'><strong>tantum</strong></span> <span class='ocrx_word' id='word_1_159' title='bbox 540 1984 575 2038; x_wconf 86' lang='lat' dir='ltr'><strong>ad</strong></span> <span class='ocrx_word' id='word_1_160' title='bbox 591 1984 748 2052; x_wconf 89' lang='lat' dir='ltr'><strong>petitionem</strong></span> <span class='ocrx_word' id='word_1_161' title='bbox 765 1982 848 2038; x_wconf 87' lang='lat' dir='ltr'><strong>debiti</strong></span> <span class='ocrx_word' id='word_1_162' title='bbox 861 1980 909 2037; x_wconf 89' lang='lat' dir='ltr'><strong>du-</strong></span> 
     </span>
     <span class='ocr_line' id='line_1_25' title="bbox 110 2053 910 2126; baseline -0.005 -14"><span class='ocrx_word' id='word_1_163' title='bbox 110 2061 190 2112; x_wconf 86' lang='lat' dir='ltr'><strong>rante</strong></span> <span class='ocrx_word' id='word_1_164' title='bbox 207 2057 343 2126; x_wconf 85' lang='lat' dir='ltr'><strong>praesenti</strong></span> <span class='ocrx_word' id='word_1_165' title='bbox 360 2057 547 2125; x_wconf 82' lang='lat' dir='ltr'><strong>Matrimoni03</strong></span> <span class='ocrx_word' id='word_1_166' title='bbox 571 2070 657 2122; x_wconf 84' lang='lat' dir='ltr'><strong>eoque</strong></span> <span class='ocrx_word' id='word_1_167' title='bbox 674 2069 724 2124; x_wconf 87' lang='lat' dir='ltr'><strong>per</strong></span> <span class='ocrx_word' id='word_1_168' title='bbox 741 2061 854 2109; x_wconf 83' lang='lat' dir='ltr'><strong>mortem</strong></span> <span class='ocrx_word' id='word_1_169' title='bbox 872 2053 910 2108; x_wconf 86' lang='lat' dir='ltr'><strong>ul·</strong></span> 
     </span>
     <span class='ocr_line' id='line_1_26' title="bbox 109 2125 910 2196; baseline 0.001 -14"><span class='ocrx_word' id='word_1_170' title='bbox 109 2127 196 2182; x_wconf 89' lang='lat' dir='ltr'><strong>terius</strong></span> <span class='ocrx_word' id='word_1_171' title='bbox 222 2129 341 2196; x_wconf 83' lang='lat' dir='ltr'><strong>coniugis</strong></span> <span class='ocrx_word' id='word_1_172' title='bbox 367 2127 496 2183; x_wconf 87' lang='lat' dir='ltr'><strong>dissoluto</strong></span> <span class='ocrx_word' id='word_1_173' title='bbox 521 2133 614 2182; x_wconf 86' lang='lat' dir='ltr'><strong>votnm</strong></span> <span class='ocrx_word' id='word_1_174' title='bbox 636 2127 741 2194; x_wconf 80' lang='lat' dir='ltr'><strong>reriget</strong></span> <span class='ocrx_word' id='word_1_175' title='bbox 768 2132 798 2180; x_wconf 87' lang='lat' dir='ltr'><strong>ut</strong></span> <span class='ocrx_word' id='word_1_176' title='bbox 825 2125 910 2194; x_wconf 85' lang='lat' dir='ltr'><strong>prins.</strong></span> 
     </span>
     <span class='ocr_line' id='line_1_27' title="bbox 112 2197 987 2274; baseline -0.005 -20"><span class='ocrx_word' id='word_1_177' title='bbox 112 2198 254 2267; x_wconf 67' lang='lat' dir='ltr'><strong>(Sanam,</strong></span> <span class='ocrx_word' id='word_1_178' title='bbox 273 2199 307 2254; x_wconf 80' lang='lat' dir='ltr'><strong>da</strong></span> <span class='ocrx_word' id='word_1_179' title='bbox 324 2199 448 2253; x_wconf 71' lang='lat' dir='ltr'><strong>Moerim.</strong></span> <span class='ocrx_word' id='word_1_180' title='bbox 467 2199 511 2256; x_wconf 75' lang='lat' dir='ltr'><strong>iat.</strong></span> <span class='ocrx_word' id='word_1_181' title='bbox 530 2202 556 2254; x_wconf 85' lang='lat'><strong>8.</strong></span> <span class='ocrx_word' id='word_1_182' title='bbox 575 2197 645 2266; x_wconf 72' lang='lat' dir='ltr'><strong>desp.</strong></span> <span class='ocrx_word' id='word_1_183' title='bbox 663 2202 705 2251; x_wconf 86' lang='lat'><strong>11.</strong></span> <span class='ocrx_word' id='word_1_184' title='bbox 724 2202 750 2251; x_wconf 86' lang='lat' dir='ltr'><strong>ct</strong></span> <span class='ocrx_word' id='word_1_185' title='bbox 765 2198 821 2264; x_wconf 82' lang='lat'><strong><em>12.)</em></strong></span> <span class='ocrx_word' id='word_1_186' title='bbox 981 2263 987 2274; x_wconf 30' lang='grc' dir='ltr'>ι</span> 
     </span>
     <span class='ocr_line' id='line_1_28' title="bbox 151 2266 911 2339; baseline -0.004 -15"><span class='ocrx_word' id='word_1_187' title='bbox 151 2270 180 2324; x_wconf 84' lang='lat' dir='ltr'><strong>si</strong></span> <span class='ocrx_word' id='word_1_188' title='bbox 197 2278 261 2339; x_wconf 88' lang='lat' dir='ltr'><strong>post</strong></span> <span class='ocrx_word' id='word_1_189' title='bbox 278 2271 385 2338; x_wconf 89' lang='lat' dir='ltr'><strong>nuptias</strong></span> <span class='ocrx_word' id='word_1_190' title='bbox 408 2269 538 2324; x_wconf 83' lang='lat' dir='ltr'><strong>alteruter</strong></span> <span class='ocrx_word' id='word_1_191' title='bbox 561 2269 658 2323; x_wconf 86' lang='lat' dir='ltr'><strong>coniux</strong></span> <span class='ocrx_word' id='word_1_192' title='bbox 682 2267 805 2336; x_wconf 85' lang='lat' dir='ltr'><strong>copulam</strong></span> <span class='ocrx_word' id='word_1_193' title='bbox 828 2266 911 2322; x_wconf 82' lang='lat' dir='ltr'><strong>habet</strong></span> 
     </span>
    </p>
   </div>
   <div class='ocr_carea' id='block_1_13' title="bbox 111 2337 995 2410">
    <p class='ocr_par' dir='ltr' id='par_1_13' title="bbox 111 2337 995 2410">
     <span class='ocr_line' id='line_1_29' title="bbox 111 2337 995 2410; baseline -0.003 -15"><span class='ocrx_word' id='word_1_194' title='bbox 111 2356 173 2395; x_wconf 92' lang='lat' dir='ltr'><strong>cum</strong></span> <span class='ocrx_word' id='word_1_195' title='bbox 200 2342 397 2410; x_wconf 78' lang='lat' dir='ltr'><strong>consanguineo</strong></span> <span class='ocrx_word' id='word_1_196' title='bbox 424 2341 534 2396; x_wconf 83' lang='lat' dir='ltr'><strong>alterius</strong></span> <span class='ocrx_word' id='word_1_197' title='bbox 561 2340 697 2408; x_wconf 85' lang='lat' dir='ltr'><strong>inprime</strong></span> <span class='ocrx_word' id='word_1_198' title='bbox 722 2345 770 2393; x_wconf 89' lang='lat' dir='ltr'><strong>aut</strong></span> <span class='ocrx_word' id='word_1_199' title='bbox 792 2337 910 2395; x_wconf 89' lang='lat' dir='ltr'><strong>secundo</strong></span> <span class='ocrx_word' id='word_1_200' title='bbox 993 2378 995 2384; x_wconf 82' lang='grc'>.</span> 
     </span>
    </p>
   </div>
   <div class='ocr_carea' id='block_1_14' title="bbox 112 2408 911 2908">
    <p class='ocr_par' dir='ltr' id='par_1_14' title="bbox 112 2408 911 2908">
     <span class='ocr_line' id='line_1_30' title="bbox 112 2408 911 2482; baseline -0.003 -17"><span class='ocrx_word' id='word_1_201' title='bbox 112 2411 207 2482; x_wconf 80' lang='lat' dir='ltr'><strong>gradu,</strong></span> <span class='ocrx_word' id='word_1_202' title='bbox 222 2413 321 2468; x_wconf 89' lang='lat' dir='ltr'><strong>crimen</strong></span> <span class='ocrx_word' id='word_1_203' title='bbox 333 2411 400 2466; x_wconf 88' lang='lat' dir='ltr'><strong>iliud</strong></span> <span class='ocrx_word' id='word_1_204' title='bbox 413 2412 533 2481; x_wconf 87' lang='lat' dir='ltr'><strong>reputari</strong></span> <span class='ocrx_word' id='word_1_205' title='bbox 548 2408 629 2465; x_wconf 89' lang='lat' dir='ltr'><strong>debet</strong></span> <span class='ocrx_word' id='word_1_206' title='bbox 641 2410 833 2479; x_wconf 77' lang='lat' dir='ltr'><strong>gravissimum,</strong></span> <span class='ocrx_word' id='word_1_207' title='bbox 847 2409 911 2477; x_wconf 89' lang='lat' dir='ltr'><strong>quia</strong></span> 
     </span>
     <span class='ocr_line' id='line_1_31' title="bbox 113 2479 911 2548; baseline -0.003 -12"><span class='ocrx_word' id='word_1_208' title='bbox 113 2483 143 2536; x_wconf 91' lang='lat' dir='ltr'><strong>in</strong></span> <span class='ocrx_word' id='word_1_209' title='bbox 170 2498 203 2538; x_wconf 91' lang='lat' dir='ltr'><strong>ea</strong></span> <span class='ocrx_word' id='word_1_210' title='bbox 227 2483 387 2540; x_wconf 82' lang='lat' dir='ltr'><strong>adulterium</strong></span> <span class='ocrx_word' id='word_1_211' title='bbox 419 2490 446 2543; x_wconf 78' lang='lat' dir='ltr'><strong>et</strong></span> <span class='ocrx_word' id='word_1_212' title='bbox 471 2483 589 2538; x_wconf 90' lang='lat' dir='ltr'><strong>incestus</strong></span> <span class='ocrx_word' id='word_1_213' title='bbox 622 2482 700 2536; x_wconf 89' lang='lat' dir='ltr'><strong>simul</strong></span> <span class='ocrx_word' id='word_1_214' title='bbox 725 2479 911 2548; x_wconf 88' lang='lat' dir='ltr'><strong>includuntur;</strong></span> 
     </span>
     <span class='ocr_line' id='line_1_32' title="bbox 113 2552 911 2635; baseline -0.001 -28"><span class='ocrx_word' id='word_1_215' title='bbox 113 2553 224 2635; x_wconf 84' lang='lat' dir='ltr'><strong>insuper</strong></span> <span class='ocrx_word' id='word_1_216' title='bbox 233 2571 282 2623; x_wconf 88' lang='lat' dir='ltr'><strong>per</strong></span> <span class='ocrx_word' id='word_1_217' title='bbox 291 2556 343 2610; x_wconf 91' lang='lat' dir='ltr'><strong>hoc</strong></span> <span class='ocrx_word' id='word_1_218' title='bbox 355 2561 494 2624; x_wconf 75' lang='lat' dir='ltr'><strong>peccatum</strong></span> <span class='ocrx_word' id='word_1_219' title='bbox 508 2553 641 2608; x_wconf 86' lang='lat' dir='ltr'><strong>contrahit</strong></span> <span class='ocrx_word' id='word_1_220' title='bbox 654 2569 714 2606; x_wconf 89' lang='lat' dir='ltr'><strong>cum</strong></span> <span class='ocrx_word' id='word_1_221' title='bbox 726 2568 774 2608; x_wconf 91' lang='lat' dir='ltr'><strong>suo</strong></span> <span class='ocrx_word' id='word_1_222' title='bbox 789 2552 911 2620; x_wconf 80' lang='lat' dir='ltr'><strong>coniuge,</strong></span> 
     </span>
     <span class='ocr_line' id='line_1_33' title="bbox 114 2622 732 2765; baseline 0 -17"><span class='ocrx_word' id='word_1_223' title='bbox 114 2622 405 2765; x_wconf 59' lang='lat' dir='ltr'><strong>rme</strong></span> <span class='ocrx_word' id='word_1_224' title='bbox 429 2622 732 2694; x_wconf 74' lang='lat'><strong>‘¹</strong></span> 
     </span>
     <span class='ocr_line' id='line_1_34' title="bbox 113 2713 911 2892; baseline -0.001 -72"><span class='ocrx_word' id='word_1_225' title='bbox 113 2736 268 2892; x_wconf 56' lang='lat' dir='ltr'><strong>pedime’uto</strong></span> <span class='ocrx_word' id='word_1_226' title='bbox 281 2713 576 2836; x_wconf 51' lang='lat' dir='ltr'><strong>audnffiitetgagelegata</strong></span> <span class='ocrx_word' id='word_1_227' title='bbox 589 2766 740 2835; x_wconf 84' lang='lat' dir='ltr'><strong>Episcopus</strong></span> <span class='ocrx_word' id='word_1_228' title='bbox 754 2765 911 2834; x_wconf 84' lang='lat' dir='ltr'><strong>dispensare</strong></span> 
     </span>
     <span class='ocr_line' id='line_1_35' title="bbox 112 2851 213 2908; baseline -0.02 -14"><span class='ocrx_word' id='word_1_229' title='bbox 112 2853 150 2908; x_wconf 92' lang='lat' dir='ltr'><strong>po</strong></span> <span class='ocrx_word' id='word_1_230' title='bbox 164 2851 192 2894; x_wconf 90' lang='lat' dir='ltr'><strong>es</strong></span> <span class='ocrx_word' id='word_1_231' title='bbox 206 2877 213 2892; x_wconf 88' lang='lat'>.</span> 
     </span>
    </p>
   </div>
   <div class='ocr_carea' id='block_1_15' title="bbox 171 2908 807 2981">
    <p class='ocr_par' dir='ltr' id='par_1_15' title="bbox 171 2908 807 2981">
     <span class='ocr_line' id='line_1_36' title="bbox 171 2908 807 2981; baseline -0.013 -11"><span class='ocrx_word' id='word_1_232' title='bbox 171 2927 273 2970; x_wconf 82' lang='lat' dir='ltr'><strong>Manuale</strong></span> <span class='ocrx_word' id='word_1_233' title='bbox 287 2929 432 2970; x_wconf 74' lang='lat' dir='ltr'><strong>ucsrdotmn·</strong></span> <span class='ocrx_word' id='word_1_234' title='bbox 460 2929 542 2981; x_wconf 85' lang='lat' dir='ltr'><strong>(iiditio</strong></span> <span class='ocrx_word' id='word_1_235' title='bbox 556 2926 606 2977; x_wconf 75' lang='lat' dir='ltr'><strong>vi.)</strong></span> <span class='ocrx_word' id='word_1_236' title='bbox 773 2908 807 2962; x_wconf 85' lang='grc'><strong>18</strong></span> 
     </span>
    </p>
   </div>
   <div class='ocr_carea' id='block_1_16' title="bbox 0 0 1085 3234">
    <p class='ocr_par' dir='ltr' id='par_1_16' title="bbox 0 0 1085 3234">
     <span class='ocr_line' id='line_1_37' title="bbox 0 0 1085 3234; baseline 0 0"><span class='ocrx_word' id='word_1_237' title='bbox 0 0 1085 3234; x_wconf 95' lang='lat' dir='ltr'><strong> </strong></span> 
     </span>
    </p>
   </div>
  </div>
 </body>
</html>
