2108 3226
294 175 370 214 Prima
384 174 527 223 praeparatio
541 175 568 214 ad
582 173 678 218 mana
861 171 889 215 87

93 272 231 328 sacerdotii.
265 273 320 328 Sed
337 291 406 342 rogo
424 282 461 342 te,
479 290 514 329 ne
533 273 666 344 despicias
685 275 802 332 creditae
817 277 882 332 mihi
988 327 991 334 ι

93 341 289 412 dispensationis
303 345 426 414 officimn,
444 347 508 400 licet
524 347 552 400 in
569 363 612 402 mc
626 347 691 401 boni
705 349 794 416 operis
808 349 883 404 testi·

91 417 196 469 nonium
219 433 277 471 non
295 433 435 486 agnoscas.
471 417 509 472 Et
527 419 590 485 quia
613 433 655 473 me
672 417 811 486 indignum
828 435 882 474 me-

92 483 211 540 diatorem
230 497 292 542 esse
319 488 428 542 voluisti
452 489 522 542 inter
548 497 576 544 te
602 497 630 544 et
652 490 783 558 populum
800 497 883 560 tuum,

90 571 119 610 ne
134 574 173 612 me
192 559 313 627 repellas
333 567 410 613 atua
422 559 523 627 pietate
541 577 602 614 cum
623 560 795 615 divinissimis
808 561 884 617 donis

92 628 137 682 tuis
153 631 307 685 venientem
327 629 362 683 ad
378 637 415 698 te,
433 639 465 685 ut
481 631 615 699 inculpate
629 631 761 686 accedens
778 631 812 686 ad
830 633 886 700 glo·

91 698 149 753 riam
165 708 248 770 tuam,
269 701 368 769 dignus
386 702 444 769 sim,
464 704 510 770 qui
524 704 632 772 operiar
649 704 817 772 protectione
829 705 886 757 uni·

90 772 162 836 geniti
197 773 263 826 Filii
296 773 338 827 tui
366 779 393 826 et
424 773 617 829 illuminatione
652 774 768 844 Spiritus
803 776 888 829 sancti

90 842 130 908 tui,
152 850 233 911 atque
252 859 305 912 pro
326 843 447 898 omnibus
466 843 613 912 deprecans
630 862 681 914 pro
699 845 823 901 omnibus
842 861 887 900 ax-

89 911 181 984 audiur,
193 922 221 969 te
231 921 400 983 praestante,
411 915 494 970 Pater
503 916 753 986 misericordiarum,
770 918 886 985 quicum

90 983 175 1038 eodem
191 987 265 1040 Filio
285 994 334 1040 tuo
357 986 386 1039 in
402 987 504 1041 unitate
529 987 648 1042 eiusdem
667 987 782 1058 Spiritu
801 990 886 1044 sancti

88 1053 148 1111 siris
166 1065 193 1111 et
210 1072 314 1126 regnas
332 1056 360 1110 in
379 1058 487 1112 meula
505 1059 681 1113 saeculorum.
718 1060 812 1115 Amen.

254 1196 333 1241 unco
345 1197 372 1240 ad
387 1197 496 1242 Dumium
509 1199 585 1242 desum
598 1199 714 1242 obstatura.

119 1265 224 1324 Gratias
240 1284 295 1338 ugo
309 1269 367 1337 tibi,
379 1270 502 1338 Domine,
518 1271 586 1325 Jesu
598 1270 712 1340 Christe,
726 1287 776 1339 pro
791 1269 884 1325 ineffa-

87 1334 127 1390 bili
142 1346 189 1394 tua
208 1342 334 1408 caritate,
353 1356 407 1407 qua
424 1343 585 1396 transiturus
609 1341 643 1396 de
661 1343 713 1396 hoc
730 1341 829 1396 mundo
848 1341 883 1396 ad

87 1405 194 1479 Patrem,
213 1427 338 1466 mensam
350 1411 415 1465 mihi
428 1413 531 1480 parasti
543 1414 573 1466 in
586 1412 725 1467 dulcedine
739 1421 795 1482 tua,
811 1427 884 1467 men·

89 1493 138 1533 sam
153 1498 267 1550 prorsus
286 1483 421 1552 regalem,
448 1499 525 1538 omne
554 1483 776 1538 delectamentum
802 1484 830 1536 in
855 1499 884 1539 se

88 1548 236 1623 habentem,
265 1569 389 1608 mensam
413 1555 599 1622 pretiosissimi
618 1556 746 1623 Corporis
772 1561 802 1608 et
820 1554 885 1608 San·

88 1622 165 1686 guinis
182 1626 237 1694 tui,
267 1632 301 1679 ut
319 1623 398 1693 adipe
417 1631 445 1679 et
461 1625 623 1694 pinguedine
642 1627 780 1694 repleatur
798 1626 885 1680 anima

88 1707 140 1747 moa
151 1702 178 1750 et
189 1701 300 1752 secreto
316 1696 415 1764 illapsu
431 1698 584 1752 nutritionis
601 1704 665 1752 tuae
683 1698 827 1752 roboretur
845 1697 884 1750 in·

89 1759 190 1822 innius
208 1783 281 1822 mea.
317 1766 356 1820 Et
373 1767 444 1822 unde
462 1769 514 1823 hoc
532 1769 605 1837 mibi,
623 1768 814 1837 gloriosissime
830 1767 884 1822 Fili

89 1831 140 1904 Dei,
165 1845 196 1892 ut
213 1854 259 1892 me
277 1839 419 1906 permittas
438 1840 530 1893 venire
548 1838 584 1893 ad
602 1847 637 1908 te,
664 1846 692 1894 et
710 1855 770 1894 cnm
788 1841 884 1895 ceteris

91 1911 307 1964 commensalibus
321 1910 375 1964 tuis
390 1909 511 1977 epulari?
548 1911 637 1979 Atque
652 1912 753 1965 utinam
767 1911 801 1965 ab
813 1913 885 1966 omni

91 1977 159 2046 culpa
176 1981 256 2050 liber,
274 1997 361 2048 purus
379 1981 413 2034 ab
432 1983 503 2035 omni
516 1981 586 2051 labe,
605 1983 639 2035 ab
654 1983 726 2037 omni
739 1983 803 2036 vitio
820 1998 884 2050 pur-

90 2055 158 2113 gatus
186 2060 215 2106 et
240 2052 275 2106 ab
308 2052 380 2106 omni
407 2052 559 2107 inordinata
591 2051 732 2107 affcctione
764 2053 884 2121 perfecte

91 2121 236 2178 emendatus
267 2137 371 2191 essem,
397 2131 427 2176 ut
454 2123 489 2178 ad
516 2124 586 2179 banc
604 2140 723 2179 mensam
741 2139 883 2192 supercoe-

89 2185 174 2246 lestem
192 2193 325 2248 accedere
343 2209 451 2262 possem
469 2194 577 2250 fervens
594 2195 713 2264 caritate,
731 2196 826 2250 nivens
844 2196 883 2249 in-

90 2265 212 2333 nocentia,
242 2275 271 2320 et
298 2265 416 2319 omnium
445 2266 573 2320 virtutum
604 2266 701 2320 decore
729 2273 882 2321 exornatus.

91 2328 137 2385 Sed
153 2336 216 2402 quia
242 2337 408 2390 miserrimus
436 2351 486 2404 ego
514 2346 618 2392 sumet
637 2338 708 2392 omni
726 2345 882 2392 ornamento

90 2398 232 2476 bromius,
253 2408 368 2462 obsecro
385 2415 413 2461 te
430 2408 568 2477 imprimis,
587 2409 775 2477 benignissime
790 2408 882 2462 Salva·

90 2477 132 2543 tor,
158 2479 234 2533 cuius
263 2479 362 2532 caritas
385 2479 515 2534 immensa
542 2486 592 2548 est,
619 2489 649 2534 ut
677 2479 810 2548 Sanguine
835 2487 882 2533 tuo

91 2546 195 2602 animam
206 2564 297 2604 meam
309 2549 401 2604 lavare
422 2557 449 2604 et
472 2551 656 2619 supernivem
675 2549 810 2618 dealbare,
828 2565 883 2604 me·

90 2613 140 2671 dns
156 2620 210 2674 tuis
227 2620 350 2690 induere,
367 2621 467 2688 illoque
485 2622 547 2690 igne
567 2621 754 2676 ardentissimo
773 2636 881 2676 succen-

90 2683 146 2742 dere
163 2689 290 2761 digneris,
316 2692 363 2759 qni
379 2699 408 2746 te
426 2708 444 2746 a
460 2693 539 2747 nobis
557 2692 737 2748 discessurum
755 2691 883 2760 compulit

90 2755 187 2814 adhoc
204 2762 341 2817 vivificum
360 2764 511 2818 convivium
532 2762 731 2818 instituendum.
764 2762 882 2816 Obsecro

92 2823 180 2885 deinde
210 2834 394 2890 beatissimam
419 2834 572 2903 Virginem,
600 2841 713 2888 matrem
739 2839 830 2898 tuam,
857 2838 885 2883 et
