2124 3230
152 150 196 194 tlt
326 153 359 194 De
372 153 520 194 celebratione
534 152 570 198 88.
585 152 666 194 Iuste
679 150 788 197 amnon.

151 284 154 290 ·
190 253 257 312 dun
275 257 393 325 seipsum
411 257 509 326 signet,
528 270 636 324 semper
650 255 784 311 sinistrum
793 256 870 326 ponit
882 255 955 312 inire

152 335 268 397 pectus3
295 329 323 382 in
341 329 401 382 eliis
419 327 658 396 benedictionibus,
676 343 737 381 mue
754 333 793 381 est
810 327 849 382 od
866 328 955 384 auare

154 406 183 454 et
200 398 334 454 benedicit
351 399 450 468 oblato,
464 399 506 452 osi
522 399 630 468 aliquid
642 398 728 465 aliud,
747 399 823 468 ponit
836 414 897 452 eum
908 415 953 455 su·

153 486 204 540 per
220 471 314 540 altere,
331 471 383 525 nisi
401 470 479 524 eliter
496 477 613 524 notetur.
650 469 775 537 Sensum
792 469 954 527 benedicens

152 542 234 598 vertit
259 541 342 597 adse
367 541 483 610 pelmem
509 557 604 596 menos
629 540 750 609 dextrae,
779 549 806 596 et
829 541 953 598 omnibns

152 613 224 668 illius
242 612 332 682 digitis
349 613 446 667 iunctis
465 620 492 667 et
510 612 637 682 extensis,
656 628 673 666 e
690 611 779 667 ironte
797 612 832 666 ud
845 619 950 683 peetus,

153 691 181 740 et
205 683 239 738 eb
262 685 375 740 humero
399 684 506 739 sinistro
529 682 564 738 ed
589 683 712 738 dextrum
734 679 839 751 signum
863 684 951 740 cmcis

151 753 257 811 formet.
294 755 324 810 Si
340 770 406 810 vero
425 756 494 810 otios
519 755 564 809 vel
590 771 647 809 rem
663 755 786 823 clupeam
808 755 952 826 benedicit,

152 843 265 896 pervum
283 825 394 895 digitum
412 827 493 881 vertit
511 827 544 895 ei,
570 826 613 880 cui
630 824 771 894 benedicit,
790 841 822 880 ec
839 825 950 881 benedi·

153 897 238 952 cendo
256 904 340 952 totum
358 913 464 951 menum
483 897 621 952 dexterum
640 896 766 965 extendit,
786 897 909 952 omnibus
918 898 950 951 il·

151 969 204 1024 lius
223 968 311 1037 digitis
329 969 431 1037 puriter
448 969 545 1024 iunctis
563 975 591 1023 ct
605 968 731 1037 extensis,
750 968 823 1036 quod
839 969 951 1024 inomni
1059 973 1060 1044 j

151 1038 336 1094 benedictione
355 1039 521 1096 observetur.
1059 1047 1060 1080 ³

154 1149 156 1158 ,
187 1111 334 1178 Postquam
352 1110 464 1166 dixerit:
480 1112 518 1165 In
534 1111 642 1164 nomine
659 1110 753 1164 Patres
771 1115 796 1164 et
814 1111 886 1164 retii
902 1115 954 1166 stc.

152 1187 183 1238 ut
200 1197 290 1250 snpre,
307 1183 420 1250 iungens
446 1183 544 1237 iterum
566 1196 660 1237 munus
685 1189 747 1256 ente
765 1189 869 1251 pectus,
887 1197 954 1251 pro·

152 1253 257 1307 nuntiet
275 1253 347 1307 olere
363 1269 430 1308 voce
448 1253 644 1320 Antiphonem:

155 1365 158 1372 .
187 1324 309 1378 Ietroebo
328 1323 366 1378 od
383 1325 470 1378 altere
486 1325 549 1378 Dei.

188 1395 312 1450 Minister
320 1395 340 1466 ²)
358 1410 423 1451 roro
441 1403 579 1466 postcom
591 1394 627 1451 ed
639 1395 774 1450 sinistrum
791 1392 953 1463 genuflexus

171 1466 338 1534 rosequitur:

152 1481 171 1536 p
189 1538 236 1592 Ad
253 1538 419 1608 Deneget
435 1537 564 1604 laetificat
581 1537 744 1591 ieoettetem
762 1551 857 1592 mam.

187 1608 293 1664 Deinde
303 1609 428 1665 sacerdos
438 1608 533 1664 eodem
550 1607 629 1663 modo
648 1614 722 1662 stens
740 1607 833 1676 incipit
851 1614 953 1676 etpro-

153 1681 274 1750 sequitur
292 1697 351 1736 eum
369 1680 489 1734 ministro
514 1680 665 1734 alternatim
689 1679 825 1734 Pselmum
849 1679 952 1733 Iudico

152 1769 202 1819 me,
219 1752 297 1806 Deus
314 1767 399 1821 usque
417 1751 452 1805 ed
469 1750 558 1820 finem,
576 1766 636 1805 cum
651 1749 748 1804 Glon'c
765 1749 854 1804 Patri.
875 1748 955 1818 Quod
1060 1746 1061 1771 ¹

153 1839 214 1878 eum
232 1823 304 1893 dicit,
322 1831 404 1892 ceput
422 1823 493 1877 cruci
510 1823 627 1877 inclinet.
665 1820 724 1888 Quo
751 1819 826 1875 finito
851 1822 953 1890 repetit

153 1893 335 1962 Antiphonem
353 1894 474 1948 Introdo
493 1910 553 1948 oum
570 1893 698 1948 ministris
715 1898 746 1946 ut
763 1907 854 1960 cupre.

189 1965 316 2032 Repetite
330 1967 485 2034 Antiphone
500 1965 632 2032 Introdo,
654 1963 749 2019 dextre
763 1979 843 2018 menn
855 1963 958 2032 produ·

153 2046 218 2090 cens
236 2035 340 2104 signum
358 2036 443 2092 crucis
462 2053 479 2091 e
496 2035 629 2091 fronteed
642 2043 736 2104 peetus
750 2034 827 2089 dicit:
851 2035 883 2089 V.
896 2034 958 2089 Ad-

154 2107 285 2160 ieion'em
301 2115 424 2162 nostrum
440 2109 471 2162 ie
488 2109 595 2162 nomine
611 2108 736 2161 Domini.
762 2106 797 2161 R.
818 2105 874 2176 Qui
887 2107 956 2174 fecit

154 2177 255 2232 eoem
276 2182 302 2232 et
318 2185 426 2233 temam.

189 2247 295 2304 Deinde
313 2251 391 2304 elteri
408 2264 438 2304 se
456 2247 588 2318 profunde
606 2247 736 2303 inclinans
754 2247 851 2302 iunctis
869 2247 957 2302 meni·

154 2318 205 2374 bns
223 2319 287 2376 dicit
316 2320 450 2388 Gonfiwor
466 2321 527 2375 Deo
545 2320 722 2388 omctpotetti
738 2325 789 2373 etc.
807 2319 884 2374 utin
902 2317 956 2372 Or·

157 2452 316 2460 -.-..

173 2509 195 2561 ¹)
210 2508 359 2558 detegendum
374 2510 461 2560 quidem
476 2511 517 2558 est,
538 2510 563 2549 ut
576 2509 677 2549 minister
690 2509 720 2549 sit
734 2507 806 2548 debite
820 2509 922 2548 versatus
937 2509 964 2548 in

209 2576 269 2615 omni
278 2575 350 2616 officio
357 2587 405 2624 suo,
413 2575 544 2624 praesertim
551 2576 574 2615 in
585 2575 703 2625 respousls,
713 2585 769 2624 quus
778 2574 821 2623 {psi
831 2574 962 2624 obveniunt,
1058 2598 1060 2607 ·

208 2641 327 2690 medenda
341 2644 438 2681 ceterum
452 2641 581 2690 „celebrent
595 2650 640 2680 non
653 2641 723 2680 ssent
736 2639 779 2680 eibi
789 2639 925 2689 scrupulum,
941 2641 963 2680 si

208 2705 309 2746 nninlster
322 2706 379 2745 mele
392 2705 529 2756 pronuntiet,
543 2716 584 2745 nec
595 2705 660 2746 tecue
673 2706 731 2746 inter
741 2704 897 2746 celebrnndunr
911 2713 963 2746 eor·

208 2771 267 2820 riget
282 2781 380 2820 errores,
399 2782 427 2810 ne
441 2772 517 2812 turbet
530 2783 555 2812 se
568 2771 603 2811 vel
616 2772 797 2819 drcnmtnntu.
820 2771 859 2811 ud
871 2773 962 2820 (mouet

208 2835 314 2887 Lucroix)
330 2837 433 2886 snpplcet
447 2837 530 2877 etnim
545 2847 559 2876 e
572 2836 734 2881 ministreuts‚·‘
747 2835 841 2894 (basiet
848 2837 897 2878 111.
905 2835 962 2889 611.)
