2098 3222
169 172 297 228 Benedlctlo
310 173 356 213 vini
369 173 392 212 ln
406 173 462 213 testo
476 172 497 216 S.
510 173 604 214 Joaunls
619 173 780 222 evangelistae.
839 169 879 214 793

76 283 156 360 turus
175 281 217 332 est
227 274 346 332 indicare
359 275 436 332 rivos
450 281 478 331 et
492 282 621 345 mortuos,
641 283 670 332 et
682 277 876 348 saeculumpar

76 361 177 415 rgnem.

116 417 151 472 R.
169 417 264 471 Amen.

120 488 151 543 V.
169 486 292 556 Domine,
311 486 409 542 exaudi
426 487 575 542 orationem
593 500 688 557 meam,
706 495 757 544 etc.

120 559 151 614 V.
169 559 300 614 Dominus
317 558 462 627 vobiscum,
481 565 531 613 etc.

119 627 237 684 Oranus,
272 629 395 699 Domine,
423 629 498 686 Deus
524 629 698 699 omnipotens,
725 630 768 685 cui
786 629 877 688 adstat

79 701 215 758 exercitus
232 700 396 775 Angelorum
420 717 480 755 cum
506 706 631 769 tremore,
655 716 767 769 quorum
793 703 876 758 servi-

78 773 147 828 ‘cium
170 772 307 842 spirituale
327 773 503 842 cognoscitur,
530 771 639 840 dignare
664 773 807 843 respicere,
832 773 878 829 be·

77 843 231 914 ne†dicare,
241 851 269 898 et
278 842 461 912 sanctiffic'are
474 843 544 897 hanc
558 849 708 898 creaturam
717 844 778 915 olei,
797 859 878 912 quam

79 929 116 970 ex
135 915 265 970 olivarum
277 931 356 970 succo
374 914 499 984 eduxisti,
517 921 546 970 et
559 929 594 969 ex
607 929 640 970 eo
653 913 772 970 infirmos
784 916 878 985 inungi

78 985 221 1054 mandasti,
241 993 372 1054 quatenus
390 987 504 1041 sanitate
522 993 652 1055 percepta
668 986 795 1042 tibi-Deo
814 987 877 1043 rivo

79 1063 109 1112 et
125 1073 191 1112 vero
209 1057 310 1126 gratias
323 1064 448 1125 agerent,
466 1063 584 1127 praesta,
604 1072 772 1127 quaesumus,
791 1064 822 1113 ut
839 1058 877 1126 hi,

80 1129 127 1196 qui
144 1127 197 1182 hoc
215 1128 283 1197 oleo,
303 1126 375 1195 quod
391 1127 475 1182 intuo
489 1127 595 1182 nomine
608 1129 815 1199 bene†dicimus,
835 1130 878 1185 usi

77 1197 187 1268 fuerint,
206 1198 240 1252 ab
258 1198 329 1252 omni
345 1198 483 1266 languore,
507 1199 629 1266 omnique
647 1197 808 1270 infirmitate,
839 1206 877 1256 at·

80 1284 135 1336 que
161 1269 261 1323 cunctis
285 1267 387 1323 insidiis
410 1269 508 1322 inimici
534 1269 687 1340 liberentur,
714 1278 741 1326 et
765 1278 876 1326 cunctae

81 1334 259 1395 adversitates
278 1346 435 1408 separentur
459 1340 623 1408 aplasmate
640 1348 697 1411 tuo,
720 1341 793 1409 quod
816 1357 878 1411 pre-

80 1411 153 1466 tioso
172 1410 306 1479 Sanguine
323 1410 387 1464 Filii
404 1411 443 1465 tui
460 1410 605 1481 redemisti,
623 1418 653 1465 ut
666 1427 809 1480 numquam
822 1413 878 1469 lae·

83 1481 164 1536 datur
181 1497 198 1536 a
215 1497 306 1536 morsu
324 1482 456 1549 serpentis
475 1482 585 1549 antiqui,
620 1482 674 1536 Per
691 1483 805 1539 eundem
821 1483 877 1539 Do·

81 1552 187 1608 minum
198 1559 320 1609 nostrum
337 1553 431 1608 Jesum
449 1552 592 1623 Christum,
614 1552 712 1608 Filium
729 1561 812 1625 tuum,
831 1555 877 1623 qui

81 1631 172 1680 tecum
189 1624 256 1679 vivit
273 1631 301 1680 et
317 1631 412 1693 regnat
428 1624 457 1678 in
474 1625 576 1678 unitate
594 1630 659 1691 etc„

118 1695 254 1765 Aapmyat
271 1695 358 1750 oleam
375 1710 450 1764 aquo
467 1695 612 1750 baladino.

84 1817 123 1862 16.
141 1813 289 1860 Benedictio
303 1813 360 1862 vini
372 1813 401 1859 in
414 1813 482 1860 testo
496 1813 521 1858 S.
535 1813 644 1860 Joannls
658 1813 881 1871 evangelistas)

117 1882 161 1935 (lix
174 1883 283 1933 supplem
298 1883 381 1927 missal.
395 1885 459 1928 Bom,
472 1893 513 1933 pro
527 1883 689 1924 Archldloeaasl
703 1882 844 1936 Coloniensi)

119 1954 156 2008 Ic
173 1954 227 2020 fiac
244 1953 348 2008 Missae
360 1959 425 2022 poet
448 1952 629 2022 Euangeliou
646 1952 675 2010 S.
693 1953 811 2010 Joanno
827 1957 878 2010 sci·

81 2025 145 2082 ibet
161 2025 194 2079 ln
211 2025 341 2094 principio
361 2025 461 2080 duitor
478 2040 589 2094 aequata

119 2095 243 2151 Petimus
267 2098 315 2152 22.
351 2096 482 2151 Dominus
508 2095 579 2164 regit
603 2105 654 2165 me;
680 2101 708 2150 et
731 2093 799 2150 nihil
814 2095 880 2152 milri

81 2167 185 2237 decrit,
203 2167 232 2222 in
248 2167 308 2222 loco
326 2183 442 2236 pascuae
459 2167 497 2221 ibi
514 2181 557 2221 me
575 2166 723 2222 collocavit.

4 2283 9 2294 .
111 2238 207 2308 'Super
231 2253 328 2306 aquam
351 2238 506 2294 refectionis
530 2237 654 2293 educavit
679 2251 738 2306 me;
765 2236 880 2294 animam

80 2325 168 2365 meam
186 2309 326 2368 convertit

117 2381 236 2436 Deduxit
253 2395 296 2435 me
314 2395 396 2449 super
414 2379 522 2436 semitas
547 2378 678 2435 iustitiae:
701 2385 814 2448 propter
830 2395 878 2436 no·

80 2467 143 2506 man
161 2468 247 2510 suum.
624 2467 629 2473 ·

118 2521 197 2592 Nam,
221 2529 249 2578 et
266 2522 290 2578 si
308 2521 479 2577 ambulavero
505 2521 533 2575 in
550 2520 638 2576 medio
656 2520 766 2577 umbrae
785 2520 879 2578 mortis

82 2608 138 2647 non
154 2593 254 2649 timebo
270 2593 354 2648 mala:
374 2594 499 2661 quoniam
515 2599 546 2646 tu
562 2607 667 2647 mecum
684 2607 722 2648 es.

118 2663 203 2733 Virga
219 2671 274 2734 tua,
300 2671 328 2721 et
354 2664 465 2720 baculus
488 2670 564 2720 tuus:
588 2664 649 2734 ipsa
672 2679 715 2720 ms
739 2662 881 2720 consolata

5 2777 7 2824 ,
81 2741 152 2792 sunt.

98 2849 120 2904 ¹)
134 2849 178 2890 (liu.
193 2848 335 2898 Angsburgsr
347 2847 479 2891 Pastoralbl.
493 2858 514 2887 a.
528 2843 589 2894 1863.
604 2857 661 2893 num.
675 2843 708 2892 δί

136 2919 239 2962 Manuale
253 2919 396 2965 sacerdotum.
425 2919 508 2971 (solato
521 2918 570 2972 Vi.)
738 2918 772 2971 23
