<?xml version="1.0" encoding="UTF-8"?>
<!DOCTYPE html PUBLIC "-//W3C//DTD XHTML 1.0 Transitional//EN"
    "http://www.w3.org/TR/xhtml1/DTD/xhtml1-transitional.dtd">
<html xmlns="http://www.w3.org/1999/xhtml" xml:lang="en" lang="en">
 <head>
  <title>
</title>
<meta http-equiv="Content-Type" content="text/html;charset=utf-8" />
  <meta name='ocr-system' content='tesseract 3.04.00' />
  <meta name='ocr-capabilities' content='ocr_page ocr_carea ocr_par ocr_line ocrx_word'/>
</head>
<body>
  <div class='ocr_page' id='page_1' title='image "./manualesacerdot00schngoog_0224.png"; bbox 0 0 2138 3226; ppageno 0'>
   <div class='ocr_carea' id='block_1_1' title="bbox 145 137 696 185">
    <p class='ocr_par' dir='ltr' id='par_1_1' title="bbox 145 137 696 185">
     <span class='ocr_line' id='line_1_1' title="bbox 145 137 696 185; baseline 0.007 -4"><span class='ocrx_word' id='word_1_1' title='bbox 145 137 186 182; x_wconf 80' lang='lat'>194</span> <span class='ocrx_word' id='word_1_2' title='bbox 400 142 458 183; x_wconf 88' lang='lat' dir='ltr'>ordo</span> <span class='ocrx_word' id='word_1_3' title='bbox 471 143 530 183; x_wconf 79' lang='lat' dir='ltr'>ultas</span> <span class='ocrx_word' id='word_1_4' title='bbox 544 143 696 185; x_wconf 71' lang='lat' dir='ltr'>samrdotalis.</span> 
     </span>
    </p>
   </div>
   <div class='ocr_carea' id='block_1_2' title="bbox 140 242 950 2162">
    <p class='ocr_par' dir='ltr' id='par_1_2' title="bbox 142 242 950 1736">
     <span class='ocr_line' id='line_1_2' title="bbox 149 242 950 312; baseline 0.002 -14"><span class='ocrx_word' id='word_1_5' title='bbox 149 243 294 298; x_wconf 85' lang='lat' dir='ltr'>constituit.</span> <span class='ocrx_word' id='word_1_6' title='bbox 319 243 459 298; x_wconf 77' lang='lat' dir='ltr'><strong>Voluntati</strong></span> <span class='ocrx_word' id='word_1_7' title='bbox 471 243 559 298; x_wconf 87' lang='lat' dir='ltr'>Patris</span> <span class='ocrx_word' id='word_1_8' title='bbox 574 243 697 300; x_wconf 87' lang='lat' dir='ltr'>coelestis</span> <span class='ocrx_word' id='word_1_9' title='bbox 710 242 818 312; x_wconf 83' lang='lat' dir='ltr'>addicti,</span> <span class='ocrx_word' id='word_1_10' title='bbox 837 244 950 300; x_wconf 86' lang='lat' dir='ltr'>animia</span> 
     </span>
     <span class='ocr_line' id='line_1_3' title="bbox 145 315 947 385; baseline 0.002 -16"><span class='ocrx_word' id='word_1_11' title='bbox 145 321 287 382; x_wconf 87' lang='lat' dir='ltr'>parentum</span> <span class='ocrx_word' id='word_1_12' title='bbox 306 315 451 370; x_wconf 89' lang='lat' dir='ltr'>carnalium</span> <span class='ocrx_word' id='word_1_13' title='bbox 466 315 607 370; x_wconf 74' lang='lat' dir='ltr'>affecuone</span> <span class='ocrx_word' id='word_1_14' title='bbox 626 322 653 370; x_wconf 92' lang='lat' dir='ltr'>et</span> <span class='ocrx_word' id='word_1_15' title='bbox 671 315 856 385; x_wconf 86' lang='lat' dir='ltr'>sollicitudine,</span> <span class='ocrx_word' id='word_1_16' title='bbox 874 315 947 371; x_wconf 89' lang='lat' dir='ltr'>unde</span> 
     </span>
     <span class='ocr_line' id='line_1_4' title="bbox 145 386 946 457; baseline 0.004 -18"><span class='ocrx_word' id='word_1_17' title='bbox 145 386 289 440; x_wconf 88' lang='lat' dir='ltr'>multorum</span> <span class='ocrx_word' id='word_1_18' title='bbox 313 387 443 440; x_wconf 88' lang='lat' dir='ltr'>malorum</span> <span class='ocrx_word' id='word_1_19' title='bbox 467 387 495 440; x_wconf 88' lang='lat' dir='ltr'>in</span> <span class='ocrx_word' id='word_1_20' title='bbox 528 387 640 442; x_wconf 88' lang='lat' dir='ltr'>ecclesia</span> <span class='ocrx_word' id='word_1_21' title='bbox 667 387 837 441; x_wconf 86' lang='lat' dir='ltr'>seminarium</span> <span class='ocrx_word' id='word_1_22' title='bbox 863 395 946 457; x_wconf 86' lang='lat' dir='ltr'>extat,</span> 
     </span>
     <span class='ocr_line' id='line_1_5' title="bbox 145 457 949 527; baseline 0.005 -17"><span class='ocrx_word' id='word_1_23' title='bbox 145 465 261 512; x_wconf 85' lang='lat' dir='ltr'><strong>mentem</strong></span> <span class='ocrx_word' id='word_1_24' title='bbox 286 463 314 512; x_wconf 90' lang='lat' dir='ltr'>et</span> <span class='ocrx_word' id='word_1_25' title='bbox 340 458 455 512; x_wconf 89' lang='lat' dir='ltr'>animum</span> <span class='ocrx_word' id='word_1_26' title='bbox 480 458 574 525; x_wconf 90' lang='lat' dir='ltr'>procul</span> <span class='ocrx_word' id='word_1_27' title='bbox 599 457 736 512; x_wconf 86' lang='lat' dir='ltr'>advocate.</span> <span class='ocrx_word' id='word_1_28' title='bbox 782 457 949 527; x_wconf 65' lang='lat' dir='ltr'>Qumumqaa</span> 
     </span>
     <span class='ocr_line' id='line_1_6' title="bbox 145 528 949 598; baseline 0.002 -16"><span class='ocrx_word' id='word_1_29' title='bbox 145 528 239 594; x_wconf 82' lang='lat' dir='ltr'>fecerit</span> <span class='ocrx_word' id='word_1_30' title='bbox 256 529 420 582; x_wconf 81' lang='lat' dir='ltr'>uoluntatem</span> <span class='ocrx_word' id='word_1_31' title='bbox 437 530 532 584; x_wconf 70' lang='lat' dir='ltr'>Patris</span> <span class='ocrx_word' id='word_1_32' title='bbox 549 530 608 596; x_wconf 83' lang='lat' dir='ltr'>mei,</span> <span class='ocrx_word' id='word_1_33' title='bbox 628 531 676 598; x_wconf 76' lang='lat' dir='ltr'>qui</span> <span class='ocrx_word' id='word_1_34' title='bbox 691 530 722 583; x_wconf 80' lang='lat' dir='ltr'>ia</span> <span class='ocrx_word' id='word_1_35' title='bbox 740 530 819 583; x_wconf 84' lang='lat' dir='ltr'>coelis</span> <span class='ocrx_word' id='word_1_36' title='bbox 836 535 882 598; x_wconf 80' lang='lat' dir='ltr'>eet,</span> <span class='ocrx_word' id='word_1_37' title='bbox 900 531 949 585; x_wconf 77' lang='lat' dir='ltr'>ilie</span> 
     </span>
     <span class='ocr_line' id='line_1_7' title="bbox 146 599 947 670; baseline 0.002 -18"><span class='ocrx_word' id='word_1_38' title='bbox 146 600 235 666; x_wconf 80' lang='lat' dir='ltr'>frater</span> <span class='ocrx_word' id='word_1_39' title='bbox 253 605 278 653; x_wconf 85' lang='lat' dir='ltr'>ei</span> <span class='ocrx_word' id='word_1_40' title='bbox 300 615 377 653; x_wconf 83' lang='lat' dir='ltr'>soror</span> <span class='ocrx_word' id='word_1_41' title='bbox 395 605 420 654; x_wconf 84' lang='lat' dir='ltr'>ct</span> <span class='ocrx_word' id='word_1_42' title='bbox 433 605 519 654; x_wconf 83' lang='lat' dir='ltr'>mater</span> <span class='ocrx_word' id='word_1_43' title='bbox 540 605 599 654; x_wconf 81' lang='lat' dir='ltr'>esi.</span> <span class='ocrx_word' id='word_1_44' title='bbox 616 641 622 654; x_wconf 92' lang='lat'>.</span> <span class='ocrx_word' id='word_1_45' title='bbox 638 641 666 654; x_wconf 87' lang='lat'>..</span> <span class='ocrx_word' id='word_1_46' title='bbox 688 599 742 670; x_wconf 73' lang='lat' dir='ltr'>Qui</span> <span class='ocrx_word' id='word_1_47' title='bbox 752 606 947 668; x_wconf 76' lang='lat' dir='ltr'>omnipatrem</span> 
     </span>
     <span class='ocr_line' id='line_1_8' title="bbox 147 671 946 741; baseline 0.006 -18"><span class='ocrx_word' id='word_1_48' title='bbox 147 675 196 724; x_wconf 79' lang='lat' dir='ltr'>cat</span> <span class='ocrx_word' id='word_1_49' title='bbox 219 676 332 724; x_wconf 83' lang='lat' dir='ltr'>matrem</span> <span class='ocrx_word' id='word_1_50' title='bbox 350 671 417 738; x_wconf 79' lang='lat' dir='ltr'>pias</span> <span class='ocrx_word' id='word_1_51' title='bbox 444 687 526 739; x_wconf 78' lang='lat' dir='ltr'>quam</span> <span class='ocrx_word' id='word_1_52' title='bbox 548 688 603 738; x_wconf 86' lang='lat' dir='ltr'>me,</span> <span class='ocrx_word' id='word_1_53' title='bbox 630 687 687 724; x_wconf 78' lang='lat' dir='ltr'>noc</span> <span class='ocrx_word' id='word_1_54' title='bbox 711 677 749 726; x_wconf 80' lang='lat' dir='ltr'>ast</span> <span class='ocrx_word' id='word_1_55' title='bbox 772 689 814 725; x_wconf 79' lang='lat' dir='ltr'>uae</span> <span class='ocrx_word' id='word_1_56' title='bbox 837 671 946 741; x_wconf 65' lang='lat' dir='ltr'>degum.</span> 
     </span>
     <span class='ocr_line' id='line_1_9' title="bbox 146 740 948 810; baseline 0.001 -15"><span class='ocrx_word' id='word_1_57' title='bbox 146 741 251 809; x_wconf 79' lang='lat' dir='ltr'>(Metili.</span> <span class='ocrx_word' id='word_1_58' title='bbox 275 740 326 810; x_wconf 81' lang='lat'>10.)</span> <span class='ocrx_word' id='word_1_59' title='bbox 354 741 396 795; x_wconf 88' lang='lat' dir='ltr'>Ne</span> <span class='ocrx_word' id='word_1_60' title='bbox 415 758 532 809; x_wconf 89' lang='lat' dir='ltr'>unquam</span> <span class='ocrx_word' id='word_1_61' title='bbox 548 759 598 798; x_wconf 87' lang='lat' dir='ltr'>vos</span> <span class='ocrx_word' id='word_1_62' title='bbox 615 743 752 796; x_wconf 81' lang='lat' dir='ltr'>remissior</span> <span class='ocrx_word' id='word_1_63' title='bbox 770 743 948 810; x_wconf 77' lang='lat' dir='ltr'>obsequentia</span> 
     </span>
     <span class='ocr_line' id='line_1_10' title="bbox 144 812 946 884; baseline 0.002 -18"><span class='ocrx_word' id='word_1_64' title='bbox 144 812 173 866; x_wconf 92' lang='lat' dir='ltr'>in</span> <span class='ocrx_word' id='word_1_65' title='bbox 186 828 268 868; x_wconf 88' lang='lat' dir='ltr'>causa</span> <span class='ocrx_word' id='word_1_66' title='bbox 282 812 381 866; x_wconf 83' lang='lat' dir='ltr'>Christi</span> <span class='ocrx_word' id='word_1_67' title='bbox 399 812 527 868; x_wconf 87' lang='lat' dir='ltr'>debilibet</span> <span class='ocrx_word' id='word_1_68' title='bbox 541 821 588 869; x_wconf 90' lang='lat' dir='ltr'>aut</span> <span class='ocrx_word' id='word_1_69' title='bbox 598 813 732 882; x_wconf 71' lang='lat' dir='ltr'>infringat,</span> <span class='ocrx_word' id='word_1_70' title='bbox 751 813 799 868; x_wconf 93' lang='lat' dir='ltr'>sed</span> <span class='ocrx_word' id='word_1_71' title='bbox 812 815 872 868; x_wconf 92' lang='lat' dir='ltr'>iura</span> <span class='ocrx_word' id='word_1_72' title='bbox 883 814 946 884; x_wconf 90' lang='lat' dir='ltr'>Dei,</span> 
     </span>
     <span class='ocr_line' id='line_1_11' title="bbox 144 883 945 953; baseline 0.004 -16"><span class='ocrx_word' id='word_1_73' title='bbox 144 883 290 952; x_wconf 84' lang='lat' dir='ltr'>religionis,</span> <span class='ocrx_word' id='word_1_74' title='bbox 309 885 486 938; x_wconf 89' lang='lat' dir='ltr'>conscientiae</span> <span class='ocrx_word' id='word_1_75' title='bbox 500 885 600 939; x_wconf 87' lang='lat' dir='ltr'>invicta</span> <span class='ocrx_word' id='word_1_76' title='bbox 617 885 724 953; x_wconf 90' lang='lat' dir='ltr'>virtute,</span> <span class='ocrx_word' id='word_1_77' title='bbox 744 893 771 939; x_wconf 92' lang='lat' dir='ltr'>et</span> <span class='ocrx_word' id='word_1_78' title='bbox 785 885 865 939; x_wconf 91' lang='lat' dir='ltr'>etiam</span> <span class='ocrx_word' id='word_1_79' title='bbox 884 901 945 940; x_wconf 90' lang='lat' dir='ltr'>cum</span> 
     </span>
     <span class='ocr_line' id='line_1_12' title="bbox 143 953 946 1027; baseline 0.002 -19"><span class='ocrx_word' id='word_1_80' title='bbox 143 955 263 1023; x_wconf 90' lang='lat' dir='ltr'>periculo</span> <span class='ocrx_word' id='word_1_81' title='bbox 289 955 361 1008; x_wconf 86' lang='lat' dir='ltr'>vitae</span> <span class='ocrx_word' id='word_1_82' title='bbox 380 953 522 1010; x_wconf 84' lang='lat' dir='ltr'>defendite.</span> <span class='ocrx_word' id='word_1_83' title='bbox 559 955 664 1010; x_wconf 77' lang='lat' dir='ltr'>Pudeat</span> <span class='ocrx_word' id='word_1_84' title='bbox 688 971 738 1010; x_wconf 92' lang='lat' dir='ltr'>nos</span> <span class='ocrx_word' id='word_1_85' title='bbox 760 972 814 1010; x_wconf 91' lang='lat' dir='ltr'>non</span> <span class='ocrx_word' id='word_1_86' title='bbox 837 956 946 1027; x_wconf 91' lang='lat' dir='ltr'>imitari,</span> 
     </span>
     <span class='ocr_line' id='line_1_13' title="bbox 143 1026 945 1096; baseline 0.005 -18"><span class='ocrx_word' id='word_1_87' title='bbox 143 1026 196 1079; x_wconf 91' lang='lat' dir='ltr'>imo</span> <span class='ocrx_word' id='word_1_88' title='bbox 215 1041 270 1079; x_wconf 92' lang='lat' dir='ltr'>non</span> <span class='ocrx_word' id='word_1_89' title='bbox 288 1041 415 1093; x_wconf 89' lang='lat' dir='ltr'>superare</span> <span class='ocrx_word' id='word_1_90' title='bbox 433 1033 475 1081; x_wconf 86' lang='lat' dir='ltr'>tot</span> <span class='ocrx_word' id='word_1_91' title='bbox 491 1027 574 1082; x_wconf 89' lang='lat' dir='ltr'>millia</span> <span class='ocrx_word' id='word_1_92' title='bbox 594 1027 691 1082; x_wconf 89' lang='lat' dir='ltr'>ducum</span> <span class='ocrx_word' id='word_1_93' title='bbox 709 1034 736 1081; x_wconf 89' lang='lat' dir='ltr'>et</span> <span class='ocrx_word' id='word_1_94' title='bbox 753 1027 874 1096; x_wconf 88' lang='lat' dir='ltr'>militum,</span> <span class='ocrx_word' id='word_1_95' title='bbox 903 1028 945 1082; x_wconf 89' lang='lat' dir='ltr'>ita</span> 
     </span>
     <span class='ocr_line' id='line_1_14' title="bbox 144 1096 944 1166; baseline 0.004 -16"><span class='ocrx_word' id='word_1_96' title='bbox 144 1096 253 1150; x_wconf 87' lang='lat' dir='ltr'>servitio</span> <span class='ocrx_word' id='word_1_97' title='bbox 272 1099 343 1166; x_wconf 90' lang='lat' dir='ltr'>regis</span> <span class='ocrx_word' id='word_1_98' title='bbox 370 1103 396 1150; x_wconf 93' lang='lat' dir='ltr'>et</span> <span class='ocrx_word' id='word_1_99' title='bbox 414 1097 484 1152; x_wconf 94' lang='lat' dir='ltr'>bono</span> <span class='ocrx_word' id='word_1_100' title='bbox 503 1099 609 1166; x_wconf 90' lang='lat' dir='ltr'>patriae</span> <span class='ocrx_word' id='word_1_101' title='bbox 628 1098 801 1166; x_wconf 85' lang='lat' dir='ltr'>addictorum,</span> <span class='ocrx_word' id='word_1_102' title='bbox 828 1106 859 1153; x_wconf 91' lang='lat' dir='ltr'>ut</span> <span class='ocrx_word' id='word_1_103' title='bbox 877 1114 944 1166; x_wconf 91' lang='lat' dir='ltr'>quo·</span> 
     </span>
     <span class='ocr_line' id='line_1_15' title="bbox 144 1167 946 1239; baseline 0.007 -20"><span class='ocrx_word' id='word_1_104' title='bbox 144 1167 210 1221; x_wconf 94' lang='lat' dir='ltr'>libet</span> <span class='ocrx_word' id='word_1_105' title='bbox 228 1167 300 1221; x_wconf 85' lang='lat' dir='ltr'>vitae</span> <span class='ocrx_word' id='word_1_106' title='bbox 314 1176 447 1223; x_wconf 90' lang='lat' dir='ltr'>momento</span> <span class='ocrx_word' id='word_1_107' title='bbox 463 1169 497 1224; x_wconf 93' lang='lat' dir='ltr'>ad</span> <span class='ocrx_word' id='word_1_108' title='bbox 510 1171 582 1238; x_wconf 91' lang='lat' dir='ltr'>regis</span> <span class='ocrx_word' id='word_1_109' title='bbox 595 1177 696 1239; x_wconf 85' lang='lat' dir='ltr'>nutum,</span> <span class='ocrx_word' id='word_1_110' title='bbox 716 1176 762 1224; x_wconf 91' lang='lat' dir='ltr'>aut</span> <span class='ocrx_word' id='word_1_111' title='bbox 775 1185 825 1238; x_wconf 87' lang='lat' dir='ltr'>pro</span> <span class='ocrx_word' id='word_1_112' title='bbox 839 1170 946 1237; x_wconf 75' lang='lat' dir='ltr'>patriae</span> 
     </span>
     <span class='ocr_line' id='line_1_16' title="bbox 144 1237 945 1308; baseline 0.002 -16"><span class='ocrx_word' id='word_1_113' title='bbox 144 1237 291 1308; x_wconf 88' lang='lat' dir='ltr'>commodo,</span> <span class='ocrx_word' id='word_1_114' title='bbox 317 1247 364 1294; x_wconf 88' lang='lat' dir='ltr'>aut</span> <span class='ocrx_word' id='word_1_115' title='bbox 381 1255 430 1308; x_wconf 91' lang='lat' dir='ltr'>pro</span> <span class='ocrx_word' id='word_1_116' title='bbox 449 1242 563 1296; x_wconf 89' lang='lat' dir='ltr'>nominis</span> <span class='ocrx_word' id='word_1_117' title='bbox 582 1240 810 1295; x_wconf 76' lang='lat' dir='ltr'>commendatione</span> <span class='ocrx_word' id='word_1_118' title='bbox 827 1241 856 1294; x_wconf 92' lang='lat' dir='ltr'>in</span> <span class='ocrx_word' id='word_1_119' title='bbox 872 1242 945 1308; x_wconf 86' lang='lat' dir='ltr'>peri·</span> 
     </span>
     <span class='ocr_line' id='line_1_17' title="bbox 144 1309 945 1380; baseline 0.006 -17"><span class='ocrx_word' id='word_1_120' title='bbox 144 1309 204 1364; x_wconf 89' lang='lat' dir='ltr'>cula</span> <span class='ocrx_word' id='word_1_121' title='bbox 221 1325 316 1378; x_wconf 89' lang='lat' dir='ltr'>ruere,</span> <span class='ocrx_word' id='word_1_122' title='bbox 342 1311 497 1380; x_wconf 85' lang='lat' dir='ltr'>sanguinem</span> <span class='ocrx_word' id='word_1_123' title='bbox 518 1311 630 1366; x_wconf 89' lang='lat' dir='ltr'>fundere</span> <span class='ocrx_word' id='word_1_124' title='bbox 656 1319 684 1366; x_wconf 86' lang='lat' dir='ltr'>et</span> <span class='ocrx_word' id='word_1_125' title='bbox 707 1311 789 1366; x_wconf 85' lang='lat' dir='ltr'>ritum</span> <span class='ocrx_word' id='word_1_126' title='bbox 807 1311 872 1365; x_wconf 90' lang='lat' dir='ltr'>dare</span> <span class='ocrx_word' id='word_1_127' title='bbox 891 1312 945 1368; x_wconf 91' lang='lat' dir='ltr'>sint</span> 
     </span>
     <span class='ocr_line' id='line_1_18' title="bbox 142 1381 943 1454; baseline 0.005 -20"><span class='ocrx_word' id='word_1_128' title='bbox 142 1382 239 1448; x_wconf 88' lang='lat' dir='ltr'>parati.</span> <span class='ocrx_word' id='word_1_129' title='bbox 266 1381 378 1436; x_wconf 77' lang='lat' dir='ltr'>obedire</span> <span class='ocrx_word' id='word_1_130' title='bbox 392 1388 495 1450; x_wconf 82' lang='lat' dir='ltr'>oportet</span> <span class='ocrx_word' id='word_1_131' title='bbox 507 1383 567 1438; x_wconf 90' lang='lat' dir='ltr'>Deo</span> <span class='ocrx_word' id='word_1_132' title='bbox 580 1384 677 1454; x_wconf 67' lang='lat' dir='ltr'>magos,</span> <span class='ocrx_word' id='word_1_133' title='bbox 693 1383 943 1451; x_wconf 62' lang='lat' dir='ltr'>pantomimica.</span> 
     </span>
     <span class='ocr_line' id='line_1_19' title="bbox 144 1451 944 1523; baseline 0.004 -18"><span class='ocrx_word' id='word_1_134' title='bbox 144 1451 212 1520; x_wconf 87' lang='lat' dir='ltr'>(Act.</span> <span class='ocrx_word' id='word_1_135' title='bbox 227 1453 262 1522; x_wconf 78' lang='lat'>5.)</span> <span class='ocrx_word' id='word_1_136' title='bbox 282 1453 375 1507; x_wconf 80' lang='lat' dir='ltr'>Nolite</span> <span class='ocrx_word' id='word_1_137' title='bbox 387 1456 479 1508; x_wconf 80' lang='lat' dir='ltr'>timere</span> <span class='ocrx_word' id='word_1_138' title='bbox 492 1470 544 1522; x_wconf 85' lang='lat' dir='ltr'>eos,</span> <span class='ocrx_word' id='word_1_139' title='bbox 560 1457 609 1523; x_wconf 78' lang='lat' dir='ltr'>qai</span> <span class='ocrx_word' id='word_1_140' title='bbox 621 1454 746 1508; x_wconf 73' lang='grc'><strong>1111111111</strong></span> <span class='ocrx_word' id='word_1_141' title='bbox 759 1470 864 1523; x_wconf 74' lang='lat' dir='ltr'>corpus,</span> <span class='ocrx_word' id='word_1_142' title='bbox 884 1456 944 1508; x_wconf 81' lang='grc'><strong>111·</strong></span> 
     </span>
     <span class='ocr_line' id='line_1_20' title="bbox 142 1525 943 1594; baseline 0.006 -18"><span class='ocrx_word' id='word_1_143' title='bbox 142 1539 215 1577; x_wconf 86' lang='lat' dir='ltr'>mam</span> <span class='ocrx_word' id='word_1_144' title='bbox 233 1529 323 1578; x_wconf 83' lang='lat' dir='ltr'>autem</span> <span class='ocrx_word' id='word_1_145' title='bbox 340 1540 396 1578; x_wconf 79' lang='lat' dir='ltr'>nou</span> <span class='ocrx_word' id='word_1_146' title='bbox 408 1531 525 1593; x_wconf 77' lang='lat' dir='ltr'>possunt</span> <span class='ocrx_word' id='word_1_147' title='bbox 543 1525 669 1580; x_wconf 78' lang='lat' dir='ltr'>occidere.</span> <span class='ocrx_word' id='word_1_148' title='bbox 690 1525 794 1594; x_wconf 80' lang='lat' dir='ltr'>(Matth.</span> <span class='ocrx_word' id='word_1_149' title='bbox 814 1529 867 1593; x_wconf 85' lang='lat'>20.)</span> <span class='ocrx_word' id='word_1_150' title='bbox 895 1526 943 1581; x_wconf 85' lang='lat' dir='ltr'>At·</span> 
     </span>
     <span class='ocr_line' id='line_1_21' title="bbox 142 1596 944 1665; baseline 0.005 -17"><span class='ocrx_word' id='word_1_151' title='bbox 142 1603 232 1649; x_wconf 90' lang='lat' dir='ltr'>tamen</span> <span class='ocrx_word' id='word_1_152' title='bbox 248 1596 277 1648; x_wconf 92' lang='lat' dir='ltr'>in</span> <span class='ocrx_word' id='word_1_153' title='bbox 296 1596 417 1650; x_wconf 91' lang='lat' dir='ltr'>omnibus</span> <span class='ocrx_word' id='word_1_154' title='bbox 435 1597 577 1664; x_wconf 88' lang='lat' dir='ltr'>prudentia</span> <span class='ocrx_word' id='word_1_155' title='bbox 594 1597 682 1651; x_wconf 84' lang='lat' dir='ltr'>zelum</span> <span class='ocrx_word' id='word_1_156' title='bbox 700 1596 805 1665; x_wconf 85' lang='lat' dir='ltr'>dirigat,</span> <span class='ocrx_word' id='word_1_157' title='bbox 828 1611 862 1650; x_wconf 88' lang='lat' dir='ltr'>ne</span> <span class='ocrx_word' id='word_1_158' title='bbox 882 1597 944 1664; x_wconf 85' lang='lat' dir='ltr'>quis</span> 
     </span>
     <span class='ocr_line' id='line_1_22' title="bbox 142 1666 683 1736; baseline 0.006 -17"><span class='ocrx_word' id='word_1_159' title='bbox 142 1666 171 1720; x_wconf 91' lang='lat' dir='ltr'>in</span> <span class='ocrx_word' id='word_1_160' title='bbox 188 1666 382 1734; x_wconf 90' lang='lat' dir='ltr'>imprudentiae</span> <span class='ocrx_word' id='word_1_161' title='bbox 401 1668 540 1736; x_wconf 89' lang='lat' dir='ltr'>scopulum</span> <span class='ocrx_word' id='word_1_162' title='bbox 557 1669 683 1722; x_wconf 87' lang='lat' dir='ltr'>incurrat.</span> 
     </span>
    </p>

    <p class='ocr_par' dir='ltr' id='par_1_3' title="bbox 140 1737 944 2162">
     <span class='ocr_line' id='line_1_23' title="bbox 178 1737 944 1808; baseline 0 -17"><span class='ocrx_word' id='word_1_163' title='bbox 178 1737 252 1793; x_wconf 87' lang='lat' dir='ltr'>Xlll.</span> <span class='ocrx_word' id='word_1_164' title='bbox 293 1737 408 1793; x_wconf 83' lang='lat' dir='ltr'>Verbum</span> <span class='ocrx_word' id='word_1_165' title='bbox 429 1738 485 1793; x_wconf 84' lang='lat' dir='ltr'>Dei</span> <span class='ocrx_word' id='word_1_166' title='bbox 506 1739 703 1808; x_wconf 76' lang='lat' dir='ltr'>praedicutc.¹)</span> <span class='ocrx_word' id='word_1_167' title='bbox 747 1738 866 1793; x_wconf 89' lang='lat' dir='ltr'>Verbum</span> <span class='ocrx_word' id='word_1_168' title='bbox 890 1738 944 1792; x_wconf 88' lang='lat' dir='ltr'>Dei</span> 
     </span>
     <span class='ocr_line' id='line_1_24' title="bbox 142 1808 943 1876; baseline 0.002 -16"><span class='ocrx_word' id='word_1_169' title='bbox 142 1823 238 1876; x_wconf 88' lang='lat' dir='ltr'>magno</span> <span class='ocrx_word' id='word_1_170' title='bbox 267 1809 347 1864; x_wconf 84' lang='lat' dir='ltr'>animi</span> <span class='ocrx_word' id='word_1_171' title='bbox 371 1809 468 1865; x_wconf 86' lang='lat' dir='ltr'>affectu</span> <span class='ocrx_word' id='word_1_172' title='bbox 495 1811 657 1865; x_wconf 88' lang='lat' dir='ltr'>annuntiate.</span> <span class='ocrx_word' id='word_1_173' title='bbox 694 1810 738 1864; x_wconf 84' lang='lat' dir='ltr'>Ex</span> <span class='ocrx_word' id='word_1_174' title='bbox 762 1825 812 1864; x_wconf 85' lang='lat' dir='ltr'>sua</span> <span class='ocrx_word' id='word_1_175' title='bbox 836 1808 943 1863; x_wconf 84' lang='lat' dir='ltr'>ordina-</span> 
     </span>
     <span class='ocr_line' id='line_1_25' title="bbox 140 1879 943 1950; baseline 0.005 -18"><span class='ocrx_word' id='word_1_176' title='bbox 140 1879 223 1947; x_wconf 89' lang='lat' dir='ltr'>tione,</span> <span class='ocrx_word' id='word_1_177' title='bbox 249 1894 283 1932; x_wconf 90' lang='lat' dir='ltr'>ex</span> <span class='ocrx_word' id='word_1_178' title='bbox 308 1881 427 1949; x_wconf 90' lang='lat' dir='ltr'>caritate,</span> <span class='ocrx_word' id='word_1_179' title='bbox 454 1896 536 1950; x_wconf 86' lang='lat' dir='ltr'>saepe</span> <span class='ocrx_word' id='word_1_180' title='bbox 563 1897 598 1936; x_wconf 87' lang='lat' dir='ltr'>ex</span> <span class='ocrx_word' id='word_1_181' title='bbox 624 1882 726 1936; x_wconf 87' lang='lat' dir='ltr'>iustitia</span> <span class='ocrx_word' id='word_1_182' title='bbox 755 1879 881 1935; x_wconf 83' lang='lat' dir='ltr'>sacerdos</span> <span class='ocrx_word' id='word_1_183' title='bbox 907 1879 943 1936; x_wconf 83' lang='lat' dir='ltr'>ud</span> 
     </span>
     <span class='ocr_line' id='line_1_26' title="bbox 141 1950 941 2021; baseline 0.008 -21"><span class='ocrx_word' id='word_1_184' title='bbox 141 1950 217 2004; x_wconf 88' lang='lat' dir='ltr'>verbi</span> <span class='ocrx_word' id='word_1_185' title='bbox 241 1950 324 2005; x_wconf 83' lang='lat' dir='ltr'>divini</span> <span class='ocrx_word' id='word_1_186' title='bbox 345 1950 586 2020; x_wconf 82' lang='lat' dir='ltr'>praedicationem,</span> <span class='ocrx_word' id='word_1_187' title='bbox 613 1953 670 2007; x_wconf 85' lang='lat' dir='ltr'>sive</span> <span class='ocrx_word' id='word_1_188' title='bbox 693 1953 722 2006; x_wconf 91' lang='lat' dir='ltr'>in</span> <span class='ocrx_word' id='word_1_189' title='bbox 746 1951 941 2021; x_wconf 88' lang='lat' dir='ltr'>catechesibus,</span> 
     </span>
     <span class='ocr_line' id='line_1_27' title="bbox 142 2020 942 2092; baseline 0.003 -18"><span class='ocrx_word' id='word_1_190' title='bbox 142 2021 199 2074; x_wconf 85' lang='lat' dir='ltr'>sive</span> <span class='ocrx_word' id='word_1_191' title='bbox 217 2020 246 2074; x_wconf 89' lang='lat' dir='ltr'>in</span> <span class='ocrx_word' id='word_1_192' title='bbox 259 2020 433 2078; x_wconf 85' lang='lat' dir='ltr'>familiaribus</span> <span class='ocrx_word' id='word_1_193' title='bbox 446 2023 588 2092; x_wconf 85' lang='lat' dir='ltr'>Evangelii</span> <span class='ocrx_word' id='word_1_194' title='bbox 604 2030 632 2077; x_wconf 87' lang='lat' dir='ltr'>et</span> <span class='ocrx_word' id='word_1_195' title='bbox 644 2024 788 2077; x_wconf 87' lang='lat' dir='ltr'>veritatum</span> <span class='ocrx_word' id='word_1_196' title='bbox 800 2023 942 2077; x_wconf 86' lang='lat' dir='ltr'>moralium</span> 
     </span>
     <span class='ocr_line' id='line_1_28' title="bbox 143 2091 942 2162; baseline 0.003 -16"><span class='ocrx_word' id='word_1_197' title='bbox 143 2091 373 2162; x_wconf 85' lang='lat' dir='ltr'>explicationibus,</span> <span class='ocrx_word' id='word_1_198' title='bbox 393 2095 449 2149; x_wconf 86' lang='lat' dir='ltr'>sive</span> <span class='ocrx_word' id='word_1_199' title='bbox 466 2095 495 2148; x_wconf 89' lang='lat' dir='ltr'>in</span> <span class='ocrx_word' id='word_1_200' title='bbox 512 2094 658 2149; x_wconf 88' lang='lat' dir='ltr'>maioribus</span> <span class='ocrx_word' id='word_1_201' title='bbox 671 2094 841 2148; x_wconf 88' lang='lat' dir='ltr'>concionibus</span> <span class='ocrx_word' id='word_1_202' title='bbox 860 2093 942 2148; x_wconf 90' lang='lat' dir='ltr'>desti·</span> 
     </span>
    </p>
   </div>
   <div class='ocr_carea' id='block_1_3' title="bbox 140 2164 942 2519">
    <p class='ocr_par' dir='ltr' id='par_1_4' title="bbox 140 2164 942 2519">
     <span class='ocr_line' id='line_1_29' title="bbox 142 2164 941 2234; baseline 0.005 -17"><span class='ocrx_word' id='word_1_203' title='bbox 142 2171 223 2218; x_wconf 87' lang='lat' dir='ltr'>natur</span> <span class='ocrx_word' id='word_1_204' title='bbox 240 2171 268 2217; x_wconf 92' lang='lat' dir='ltr'>et</span> <span class='ocrx_word' id='word_1_205' title='bbox 285 2165 425 2233; x_wconf 86' lang='lat' dir='ltr'>obligatur.</span> <span class='ocrx_word' id='word_1_206' title='bbox 462 2164 576 2234; x_wconf 80' lang='lat' dir='ltr'>Oportet</span> <span class='ocrx_word' id='word_1_207' title='bbox 590 2165 757 2220; x_wconf 84' lang='lat' dir='ltr'>sacerdotem</span> <span class='ocrx_word' id='word_1_208' title='bbox 774 2164 941 2234; x_wconf 86' lang='lat' dir='ltr'>praedicare.</span> 
     </span>
     <span class='ocr_line' id='line_1_30' title="bbox 145 2235 942 2305; baseline 0.003 -17"><span class='ocrx_word' id='word_1_209' title='bbox 145 2235 261 2302; x_wconf 78' lang='lat' dir='ltr'>(Pontis.</span> <span class='ocrx_word' id='word_1_210' title='bbox 275 2236 366 2304; x_wconf 84' lang='lat' dir='ltr'>Rom.)</span> <span class='ocrx_word' id='word_1_211' title='bbox 387 2235 504 2290; x_wconf 81' lang='lat' dir='ltr'>Parvuli</span> <span class='ocrx_word' id='word_1_212' title='bbox 515 2237 654 2304; x_wconf 81' lang='lat' dir='ltr'>petierunt</span> <span class='ocrx_word' id='word_1_213' title='bbox 666 2252 768 2305; x_wconf 77' lang='lat' dir='ltr'>parumn</span> <span class='ocrx_word' id='word_1_214' title='bbox 783 2277 789 2292; x_wconf 91' lang='lat'><em>.</em></span> <span class='ocrx_word' id='word_1_215' title='bbox 803 2279 812 2295; x_wconf 85' lang='lat'><strong><em>.</em></strong></span> <span class='ocrx_word' id='word_1_216' title='bbox 827 2277 835 2293; x_wconf 88' lang='lat'><strong>.</strong></span> <span class='ocrx_word' id='word_1_217' title='bbox 850 2276 856 2290; x_wconf 92' lang='lat'>.</span> <span class='ocrx_word' id='word_1_218' title='bbox 874 2236 942 2290; x_wconf 79' lang='lat' dir='ltr'>Noa</span> 
     </span>
     <span class='ocr_line' id='line_1_31' title="bbox 140 2306 940 2376; baseline 0.004 -18"><span class='ocrx_word' id='word_1_219' title='bbox 140 2306 245 2360; x_wconf 74' lang='lat' dir='ltr'>incolo</span> <span class='ocrx_word' id='word_1_220' title='bbox 259 2323 335 2376; x_wconf 82' lang='lat' dir='ltr'>pune</span> <span class='ocrx_word' id='word_1_221' title='bbox 351 2308 418 2361; x_wconf 81' lang='lat' dir='ltr'>civit</span> <span class='ocrx_word' id='word_1_222' title='bbox 435 2307 520 2375; x_wconf 80' lang='lat' dir='ltr'>bomo,</span> <span class='ocrx_word' id='word_1_223' title='bbox 546 2315 597 2364; x_wconf 87' lang='lat' dir='ltr'>etc.</span> <span class='ocrx_word' id='word_1_224' title='bbox 641 2309 706 2362; x_wconf 85' lang='lat' dir='ltr'>Tria</span> <span class='ocrx_word' id='word_1_225' title='bbox 727 2314 789 2364; x_wconf 89' lang='lat' dir='ltr'>sunt</span> <span class='ocrx_word' id='word_1_226' title='bbox 806 2306 882 2362; x_wconf 86' lang='lat' dir='ltr'>verbi</span> <span class='ocrx_word' id='word_1_227' title='bbox 901 2307 940 2361; x_wconf 87' lang='lat' dir='ltr'>di·</span> 
     </span>
     <span class='ocr_line' id='line_1_32' title="bbox 143 2377 941 2448; baseline 0.003 -18"><span class='ocrx_word' id='word_1_228' title='bbox 143 2377 199 2430; x_wconf 86' lang='lat' dir='ltr'>vini</span> <span class='ocrx_word' id='word_1_229' title='bbox 225 2378 366 2445; x_wconf 86' lang='lat' dir='ltr'>praeconis</span> <span class='ocrx_word' id='word_1_230' title='bbox 383 2394 510 2447; x_wconf 88' lang='lat' dir='ltr'>munera;</span> <span class='ocrx_word' id='word_1_231' title='bbox 537 2379 638 2448; x_wconf 73' lang='grc'><strong>111111,</strong></span> <span class='ocrx_word' id='word_1_232' title='bbox 663 2379 801 2446; x_wconf 80' lang='lat' dir='ltr'>delectare,</span> <span class='ocrx_word' id='word_1_233' title='bbox 827 2394 941 2433; x_wconf 80' lang='lat' dir='ltr'>movere.</span> 
     </span>
     <span class='ocr_line' id='line_1_33' title="bbox 140 2447 940 2519; baseline 0.003 -17"><span class='ocrx_word' id='word_1_234' title='bbox 140 2447 245 2503; x_wconf 89' lang='lat' dir='ltr'>Doceat</span> <span class='ocrx_word' id='word_1_235' title='bbox 258 2448 374 2504; x_wconf 87' lang='lat' dir='ltr'>fideliter</span> <span class='ocrx_word' id='word_1_236' title='bbox 386 2449 548 2519; x_wconf 87' lang='lat' dir='ltr'>ignorantes,</span> <span class='ocrx_word' id='word_1_237' title='bbox 567 2450 633 2519; x_wconf 90' lang='lat' dir='ltr'>ipsis</span> <span class='ocrx_word' id='word_1_238' title='bbox 650 2449 714 2505; x_wconf 86' lang='lat' dir='ltr'>fidei</span> <span class='ocrx_word' id='word_1_239' title='bbox 732 2458 760 2506; x_wconf 90' lang='lat' dir='ltr'>et</span> <span class='ocrx_word' id='word_1_240' title='bbox 776 2466 880 2505; x_wconf 90' lang='lat' dir='ltr'>morum</span> <span class='ocrx_word' id='word_1_241' title='bbox 893 2465 940 2504; x_wconf 83' lang='lat' dir='ltr'>ve·</span> 
     </span>
    </p>
   </div>
   <div class='ocr_carea' id='block_1_4' title="bbox 157 2559 941 2876">
    <p class='ocr_par' dir='ltr' id='par_1_5' title="bbox 157 2559 941 2876">
     <span class='ocr_line' id='line_1_34' title="bbox 157 2559 940 2614; baseline -0.001 -10"><span class='ocrx_word' id='word_1_242' title='bbox 157 2561 179 2614; x_wconf 78' lang='grc'>1)</span> <span class='ocrx_word' id='word_1_243' title='bbox 195 2563 239 2604; x_wconf 81' lang='lat' dir='ltr'>Gir.</span> <span class='ocrx_word' id='word_1_244' title='bbox 249 2563 377 2606; x_wconf 77' lang='lat' dir='ltr'>Oonc&#39;l&#39;rid.</span> <span class='ocrx_word' id='word_1_245' title='bbox 385 2562 440 2604; x_wconf 79' lang='lat' dir='ltr'>Saea.</span> <span class='ocrx_word' id='word_1_246' title='bbox 449 2559 468 2605; x_wconf 85' lang='grc'>5.</span> <span class='ocrx_word' id='word_1_247' title='bbox 482 2584 504 2592; x_wconf 97' lang='grc'><strong>-</strong></span> <span class='ocrx_word' id='word_1_248' title='bbox 515 2563 652 2603; x_wconf 85' lang='lat' dir='ltr'>Lambariinl</span> <span class='ocrx_word' id='word_1_249' title='bbox 659 2565 733 2607; x_wconf 83' lang='lat' dir='ltr'>Inatii.</span> <span class='ocrx_word' id='word_1_250' title='bbox 740 2561 774 2603; x_wconf 87' lang='lat' dir='ltr'>lo.</span> <span class='ocrx_word' id='word_1_251' title='bbox 785 2585 807 2594; x_wconf 90' lang='lat'>-</span> <span class='ocrx_word' id='word_1_252' title='bbox 817 2563 867 2605; x_wconf 81' lang='lat' dir='ltr'>Non</span> <span class='ocrx_word' id='word_1_253' title='bbox 874 2575 940 2613; x_wconf 83' lang='lat' dir='ltr'>possa</span> 
     </span>
     <span class='ocr_line' id='line_1_35' title="bbox 196 2629 941 2678; baseline 0 -10"><span class='ocrx_word' id='word_1_254' title='bbox 196 2641 210 2668; x_wconf 89' lang='lat' dir='ltr'>a</span> <span class='ocrx_word' id='word_1_255' title='bbox 224 2630 293 2668; x_wconf 90' lang='lat' dir='ltr'>nimia</span> <span class='ocrx_word' id='word_1_256' title='bbox 308 2629 426 2667; x_wconf 85' lang='lat' dir='ltr'>severitate</span> <span class='ocrx_word' id='word_1_257' title='bbox 442 2631 542 2668; x_wconf 83' lang='lat' dir='ltr'>excusari</span> <span class='ocrx_word' id='word_1_258' title='bbox 556 2630 691 2677; x_wconf 85' lang='lat' dir='ltr'>opinionem,</span> <span class='ocrx_word' id='word_1_259' title='bbox 713 2639 768 2678; x_wconf 87' lang='lat' dir='ltr'>quaa</span> <span class='ocrx_word' id='word_1_260' title='bbox 781 2629 850 2678; x_wconf 82' lang='lat' dir='ltr'>adigit</span> <span class='ocrx_word' id='word_1_261' title='bbox 865 2639 941 2669; x_wconf 81' lang='lat' dir='ltr'>saecu-</span> 
     </span>
     <span class='ocr_line' id='line_1_36' title="bbox 191 2693 940 2742; baseline -0.001 -9"><span class='ocrx_word' id='word_1_262' title='bbox 191 2695 250 2734; x_wconf 80' lang='lat' dir='ltr'>lares</span> <span class='ocrx_word' id='word_1_263' title='bbox 265 2694 293 2733; x_wconf 86' lang='lat' dir='ltr'>ad</span> <span class='ocrx_word' id='word_1_264' title='bbox 307 2693 411 2742; x_wconf 82' lang='lat' dir='ltr'>Missam,</span> <span class='ocrx_word' id='word_1_265' title='bbox 432 2694 515 2742; x_wconf 87' lang='lat' dir='ltr'>Daiqua</span> <span class='ocrx_word' id='word_1_266' title='bbox 532 2695 623 2734; x_wconf 83' lang='lat' dir='ltr'>verbum</span> <span class='ocrx_word' id='word_1_267' title='bbox 635 2694 765 2734; x_wconf 85' lang='lat' dir='ltr'>audiendum</span> <span class='ocrx_word' id='word_1_268' title='bbox 780 2693 940 2733; x_wconf 76' lang='grc' dir='ltr'><strong>01111111Βο-</strong></span> 
     </span>
     <span class='ocr_line' id='line_1_37' title="bbox 192 2757 939 2808; baseline 0.004 -10"><span class='ocrx_word' id='word_1_269' title='bbox 192 2758 279 2798; x_wconf 75' lang='lat' dir='ltr'>minicia</span> <span class='ocrx_word' id='word_1_270' title='bbox 294 2757 386 2807; x_wconf 85' lang='lat' dir='ltr'>alliaque</span> <span class='ocrx_word' id='word_1_271' title='bbox 400 2759 463 2800; x_wconf 79' lang='grc'><strong>111111</strong></span> <span class='ocrx_word' id='word_1_272' title='bbox 477 2760 554 2800; x_wconf 86' lang='lat' dir='ltr'>diebus</span> <span class='ocrx_word' id='word_1_273' title='bbox 569 2759 591 2799; x_wconf 91' lang='lat' dir='ltr'>in</span> <span class='ocrx_word' id='word_1_274' title='bbox 606 2759 698 2798; x_wconf 83' lang='lat' dir='ltr'>ecclesia</span> <span class='ocrx_word' id='word_1_275' title='bbox 711 2758 841 2808; x_wconf 84' lang='lat' dir='ltr'>parochiali,</span> <span class='ocrx_word' id='word_1_276' title='bbox 860 2758 939 2801; x_wconf 76' lang='lat' dir='ltr'>Benad.</span> 
     </span>
     <span class='ocr_line' id='line_1_38' title="bbox 193 2823 842 2876; baseline -0.002 -13"><span class='ocrx_word' id='word_1_277' title='bbox 193 2823 252 2868; x_wconf 79' lang='lat' dir='ltr'>XIV.</span> <span class='ocrx_word' id='word_1_278' title='bbox 268 2825 365 2864; x_wconf 78' lang='lat' dir='ltr'>ostendit</span> <span class='ocrx_word' id='word_1_279' title='bbox 378 2825 401 2865; x_wconf 83' lang='grc'>11</span> <span class='ocrx_word' id='word_1_280' title='bbox 415 2826 472 2866; x_wconf 89' lang='lat' dir='ltr'>libro</span> <span class='ocrx_word' id='word_1_281' title='bbox 486 2823 519 2869; x_wconf 84' lang='lat'>11,</span> <span class='ocrx_word' id='word_1_282' title='bbox 533 2827 559 2866; x_wconf 78' lang='lat' dir='ltr'>de</span> <span class='ocrx_word' id='word_1_283' title='bbox 572 2825 620 2876; x_wconf 73' lang='lat' dir='ltr'>Spa.</span> <span class='ocrx_word' id='word_1_284' title='bbox 636 2827 724 2869; x_wconf 76' lang='lat' dir='ltr'>dioeces.</span> <span class='ocrx_word' id='word_1_285' title='bbox 737 2837 783 2876; x_wconf 78' lang='lat' dir='ltr'>cap.</span> <span class='ocrx_word' id='word_1_286' title='bbox 797 2823 842 2864; x_wconf 76' lang='lat'><em>14..</em></span> 
     </span>
    </p>
   </div>
   <div class='ocr_carea' id='block_1_5' title="bbox 0 0 1074 3226">
    <p class='ocr_par' dir='ltr' id='par_1_6' title="bbox 0 0 1074 3226">
     <span class='ocr_line' id='line_1_39' title="bbox 0 0 1074 3226; baseline 0 2"><span class='ocrx_word' id='word_1_287' title='bbox 0 0 1074 3226; x_wconf 95' lang='lat' dir='ltr'> </span> 
     </span>
    </p>
   </div>
  </div>
 </body>
</html>
