2138 3226
155 148 197 192 282
403 151 482 190 Preces
495 161 535 200 pro
551 150 707 208 sacerdotibus.

153 251 275 320 spiritum
293 250 449 322 sapientiae,
467 249 568 304 utillis
585 249 713 317 pabulum
731 248 867 304 doctrinae
884 256 951 306 tuae

155 323 278 378 coelestis
290 321 405 376 fideliter
413 321 566 390 praebeam,
582 321 657 376 cuius
666 321 735 376 lactc
748 321 849 388 numid,
860 322 953 376 mundi

154 391 258 462 fugiant
275 391 424 460 illecebras,
444 399 471 446 et
489 391 524 446 ad
541 399 577 461 te,
598 391 643 460 qui
661 392 713 460 via,
732 392 832 448 veritas
851 399 879 446 et
895 393 955 450 vita

149 480 191 535 es,
209 464 375 532 perveniant.
406 463 450 516 Da
463 463 528 518 mihi
544 463 665 530 spiritum
674 463 781 532 amoris,
798 470 837 532 ut,
855 471 882 517 te
897 464 953 518 lar·

153 537 257 605 gientc,
283 535 410 604 parvulos
428 534 476 588 tihi
493 533 669 603 lucrifaciam,
698 541 725 588 et
749 533 784 587 ad
801 533 953 602 perfectum

152 607 193 662 tui
208 622 325 662 amorem
342 605 461 674 traham,
490 621 542 673 quo
564 603 721 659 inflammati
747 612 774 658 te
792 611 850 659 toto
870 605 952 660 corde

154 677 280 746 diligant,
303 677 367 732 totis
385 675 486 730 viribus
504 675 630 730 mandata
646 682 694 730 tua
714 681 822 730 servent
840 681 867 730 et
885 675 953 730 San-

155 750 235 817 guine
249 756 296 803 tuo
310 747 429 816 pretioso
443 746 582 814 redempti,
602 746 636 800 ad
654 747 783 801 honorem
804 753 832 800 et
844 745 954 802 laudem

154 819 268 876 nominis
286 819 326 874 tui
343 818 443 872 vivant.
478 817 523 872 Da
539 817 613 886 mihi,
635 817 757 886 Domine,
782 817 904 885 spiritum
921 819 957 872 ti-

153 891 236 946 moris
254 897 281 944 et
299 889 474 957 discretionis,
492 904 526 942 ne
544 887 627 942 ullum
644 904 761 956 unquam
778 888 954 956 parvulorum

154 961 237 1015 verbo
256 966 303 1014 aut
321 974 403 1028 opere
422 957 554 1013 offendam
573 967 600 1014 et
623 959 808 1028 scandalizem,
832 959 881 1014 sed
898 960 955 1014 An-

154 1032 274 1100 gelorum
291 1030 440 1086 ministeria
462 1031 583 1097 imitans,
611 1038 638 1084 te
657 1029 783 1098 custode,
811 1030 846 1084 ad
870 1031 956 1086 vitam

154 1109 291 1156 aeternam
308 1101 368 1156 illos
387 1099 521 1156 custodire
540 1102 652 1156 valeam.
685 1102 728 1156 Da
747 1101 811 1154 mihi
830 1101 955 1170 spiritum

152 1173 270 1228 lenitatis
284 1180 311 1227 et
324 1172 477 1241 patientiae,
496 1180 527 1226 ut
539 1187 603 1226 vere
616 1173 687 1229 mitis
701 1180 728 1226 et
740 1173 847 1228 humilis
861 1173 953 1243 corde,

154 1244 226 1299 omni
243 1260 303 1298 cum
319 1243 521 1298 mansuetudine
545 1244 673 1312 parvulos
691 1259 798 1312 semper
815 1245 954 1313 recipiam,

154 1321 182 1370 et
200 1314 278 1370 simul
296 1331 355 1369 cum
377 1315 429 1369 illis
455 1315 484 1368 in
508 1314 638 1370 coelestes
663 1315 843 1370 habitationes
868 1316 957 1385 recipi

153 1401 265 1440 merear.
301 1386 370 1455 Fac,
397 1401 512 1454 quaeso,
538 1385 665 1454 Domine,
690 1392 720 1440 ut
738 1384 836 1440 efficiar
854 1393 882 1440 et
899 1401 953 1454 ego

154 1458 223 1512 sicut
239 1457 375 1525 parvidus,
401 1463 432 1512 ut
449 1457 525 1526 gregi
537 1465 584 1511 tuo
602 1455 700 1524 pusillo
719 1464 887 1526 aggregatus,
912 1458 953 1512 nil

153 1543 289 1598 quaeram,
307 1529 359 1583 nisi
370 1535 406 1598 tc,
424 1528 462 1582 nil
476 1543 570 1598 amem,
588 1527 640 1583 nisi
651 1533 687 1598 te,
703 1527 853 1583 dulcissime
867 1529 949 1583 Jesu!

154 1599 270 1654 Effimde
282 1615 431 1670 supernos,
443 1599 565 1668 Domine,
579 1597 792 1654 benedictionem
803 1606 878 1652 tuam
890 1615 955 1654 coe·

154 1671 257 1740 lestem,
282 1679 313 1725 ut
336 1686 390 1724 una
408 1686 467 1724 cum
484 1670 612 1739 parvulis,
638 1686 706 1737 quos
723 1670 788 1724 mihi
806 1669 952 1740 credidisti,

155 1743 276 1798 omnibus
295 1748 356 1796 ante
371 1749 541 1810 conspectum
560 1741 665 1796 divinae
679 1741 824 1796 maiestatis
842 1749 905 1796 tuae
923 1741 953 1796 in

156 1820 266 1868 aeterna
293 1811 456 1868 beatitudine
481 1827 648 1881 comparere,
676 1819 703 1866 te
729 1828 826 1882 agnum
853 1813 955 1882 vivum,

156 1899 321 1952 quocumque
343 1884 416 1952 ieris,
433 1883 546 1952 hymnos
564 1897 661 1938 canens
681 1883 757 1951 sequi
775 1891 802 1938 et
820 1900 880 1938 cum
897 1884 954 1938 An-

154 1955 221 2022 gelis
240 1969 343 2010 merear
361 1969 467 2021 semper
485 1954 576 2009 videre
593 1953 688 2008 faciem
706 1953 810 2023 Patris,
838 1969 954 2022 quocum

154 2027 223 2082 vivis
243 2033 269 2081 et
286 2041 383 2092 regnas
406 2025 434 2078 in
451 2025 553 2080 unitate
572 2024 687 2092 Spiritus
705 2026 789 2080 sancti
806 2025 882 2080 Deus
901 2041 954 2094 per

156 2097 246 2152 omnia
263 2095 371 2152 saecula
389 2095 564 2151 saeculorum.
600 2097 695 2150 Amen.

248 2225 322 2269 Oratio
335 2228 385 2269 ante
398 2225 490 2270 cuiusvis
503 2226 637 2270 sacramenti
650 2226 861 2270 administrationem.

190 2307 271 2361 Pater
289 2307 529 2362 misericordiarum
553 2315 581 2362 et
597 2308 673 2363 Deus
691 2309 774 2363 totius
792 2307 954 2363 consolatio-

154 2378 206 2446 nis,
220 2378 266 2445 qui
278 2378 409 2445 liquorem
422 2379 593 2434 sacratissimi
608 2378 749 2446 Sanguinis
763 2379 830 2434 lesu
845 2378 954 2449 Christi,

154 2449 290 2516 Unigeniti
303 2449 350 2517 tui,
372 2449 543 2516 eiusdemque
556 2450 776 2518 pretiosissimam
795 2457 908 2504 mortem
923 2466 955 2504 ac

156 2521 252 2574 merita
264 2520 391 2576 universa
408 2521 436 2574 iu
456 2521 629 2578 sanctssimis
644 2521 822 2576 decrementis
835 2521 910 2576 velut
926 2521 957 2576 in

154 2591 227 2645 vasis
255 2592 344 2645 aureis
370 2591 529 2646 recondere.
542 2600 569 2646 et
593 2592 658 2645 mihi
682 2593 757 2647 velut
777 2591 956 2660 dispensatori

158 2669 293 2715 tantorum
306 2662 492 2730 mysteriorum
505 2663 664 2718 concredere
678 2663 801 2731 dignatus
815 2677 859 2730 cs;
878 2663 956 2718 obse-

160 2747 205 2786 cro
225 2739 252 2786 te
270 2747 320 2799 per
339 2733 431 2788 eadem
450 2733 539 2786 divina
556 2734 690 2802 mysteria,
708 2742 809 2788 utnon
826 2735 957 2802 respicias

109 2837 112 2844 ·
158 2801 358 2872 indignitatem,
385 2811 413 2858 et
429 2813 540 2872 peccata
557 2820 631 2873 mea,
658 2804 707 2859 aed
729 2803 808 2860 fidem
826 2805 957 2862 ecclesiae
