2130 3242
886 54 893 82 i

160 147 202 191 add
336 151 368 192 De
382 151 572 192 §aeramentorum
586 149 781 194 administratione.

161 254 235 311 sibus
254 260 282 308 et
295 255 422 323 censuris,
442 254 499 308 sivc
513 253 832 308 excommunicationibus
840 253 964 310 Romam

162 323 287 381 Pontifici
304 325 449 380 reservatis
467 325 540 380 nullo
559 332 638 392 pacto
658 323 778 380 sufficere
788 323 965 395 declaramus,

161 397 295 451 revocatis
305 397 326 463 1)
340 397 451 464 iusuper
459 397 611 450 earumdem
620 403 745 464 respectu
754 397 966 464 quibuscumque
1052 407 1053 410 ’

163 467 272 522 indultis
291 469 424 523 concessis
442 468 491 522 sub
507 468 601 536 quavis
611 467 697 522 forma
715 474 742 522 et
755 467 894 534 quibusvis
903 483 967 535 per-

164 539 237 594 sonis
257 539 337 592 etiam
354 538 533 607 Regularibue
552 539 740 608 cuiuscumque
759 538 875 606 Ordinis,
896 539 966 593 Gon·

164 609 334 678 gregationis,
365 609 505 666 Societatis
533 615 561 664 et
587 611 719 678 Instituti,
745 610 825 664 etiam
853 611 969 678 speciali

163 682 298 736 mentione
323 681 409 749 dignis
433 682 511 736 etin
536 681 631 748 quavis
656 681 784 749 diguitme
803 682 967 737 constitutis.

165 752 315 807 Absolvcre
328 759 417 807 autem
429 760 631 820 praesumentes
650 753 706 807 sino
721 751 812 806 debita
824 750 966 822 facultate,

163 823 244 878 etiam
262 825 357 891 quovis
375 829 534 892 praetextu,
559 823 838 878 excommunicationis
856 824 967 879 vinculo

161 893 282 949 Murano
310 894 434 949 Pontifici
459 901 616 950 reservatae
641 891 785 950 innodatos
812 909 841 948 ee
870 895 967 965 sciant,

162 963 304 1020 dummodo
329 980 384 1019 nou
408 974 504 1034 agatur
532 964 566 1020 de
588 967 681 1020 mortis
703 965 830 1034 articulo,
858 966 886 1018 in
910 981 967 1033 quo

161 1042 251 1090 tamen
275 1035 352 1090 firma
377 1037 412 1091 sit
437 1036 526 1105 quoad
556 1037 693 1092 absolutos
718 1037 846 1106 obligatio
872 1036 963 1092 standi

162 1106 295 1162 mandatis
312 1107 460 1177 Ecclesiae,
478 1109 502 1164 si
520 1108 711 1164 convaluerint

195 1227 226 1267 11.
250 1227 491 1270 Excommuulcationes
505 1228 564 1267 latae
579 1229 700 1319 atenteutlae
713 1229 812 1268 Romano
826 1227 932 1268 Pontifici

495 1291 584 1321 reserva
596 1293 628 1320 ue.

200 1349 475 1405 Excommunicationi
492 1351 563 1405 latae
589 1349 736 1406 sententiae
753 1349 875 1407 Romano
894 1352 967 1407 Pon·

164 1420 229 1477 tifici
246 1429 401 1476 reservatae
420 1423 558 1476 subiacere
577 1420 755 1476 declaramus:

200 1496 223 1547 1.
252 1491 387 1548 Docentea
412 1493 456 1547 vel
475 1491 648 1548 defendentes
673 1493 729 1548 aive
754 1489 876 1562 publice,
906 1493 965 1548 sive

162 1565 287 1634 privatim
307 1564 506 1633 propositiones
521 1565 554 1618 ab
567 1565 724 1632 Apostolica
736 1563 806 1619 Sede
823 1562 966 1620 damnatas

165 1637 214 1692 sub
232 1635 515 1700 excommunicationis
528 1651 617 1704 poena
634 1636 705 1690 latae
720 1635 881 1690 sententiae:
899 1636 966 1690 item

163 1706 291 1763 docentes
316 1707 360 1762 vel
386 1705 558 1762 defendentes
583 1713 719 1774 tamquam
740 1705 840 1760 licitam
857 1708 965 1774 praxim

162 1778 359 1906 inette
373 1778 554 1903 ,instat
572 1777 967 1916 iiil'filiiilalittt

162 1923 189 1979 7.
200 1921 266 1976 Julii
285 1921 379 1990 1745.;
402 1919 457 1976 Ubi
464 1921 586 1989 priorum
600 1925 625 1976 2.
639 1919 713 1975 Juuii
728 1921 821 1989 1746.;
838 1919 888 1974 Ad
906 1936 967 1974 cra·

161 1989 310 2046 dicundum
328 1993 371 2046 28.
391 1989 555 2060 Septembris
575 1993 652 2046 1746.

176 2105 199 2158 1)
213 2106 340 2172 Facultatps
358 2106 485 2155 personales
503 2106 642 2148 confessarlle
656 2116 670 2145 a
684 2105 794 2146 cardinali
813 2106 895 2147 aaaron
908 2107 965 2146 Poe·

216 2172 345 2211 nlteuiierio
359 2181 474 2213 concessas
488 2172 530 2211 lieo
544 2171 706 2212 tloustltutione
719 2181 764 2210 nou
777 2178 826 2211 essa
839 2173 965 2220 revocatas,

215 2238 279 2287 patet
293 2247 320 2275 ex
332 2247 446 2286 responso,
467 2237 525 2286 quod
539 2235 561 2280 8,
575 2237 601 2279 li.
615 2237 642 2281 N,
655 2245 709 2276 snae
721 2237 783 2276 vocis
799 2235 889 2276 oraculo
903 2235 966 2276 dedit

215 2303 251 2342 bis
263 2301 350 2342 verbis:
370 2303 429 2350 „Per
442 2302 627 2343 constitutionem
648 2311 672 2341 aa
690 2302 816 2342 nullatenus
834 2301 965 2353 intendisse,

126 2395 129 2400 i
214 2377 242 2407 na
255 2367 369 2406 minimum
382 2367 468 2416 quidem
483 2368 637 2407 detrimentum
647 2366 729 2406 inferre
738 2367 881 2406 facultatibus
891 2367 965 2406 cuins·

214 2443 309 2482 cumque
321 2433 413 2483 indolis,
432 2442 488 2480 qnae
502 2444 516 2473 a
530 2432 611 2472 Sancta
626 2433 680 2474 Sede
698 2435 751 2472 ante
764 2433 963 2482 promulgationem

215 2499 312 2540 mandem
325 2499 492 2540 Oonetitntlouls
507 2509 624 2540 concessae
637 2499 718 2538 fuerint
727 2500 773 2540 sive
787 2499 828 2538 hae
842 2501 963 2548 quinquen·

214 2566 289 2612 nates,
314 2565 359 2604 sive
373 2567 573 2614 extraordinariae,
590 2566 644 2606 sive
659 2567 799 2615 respicientes
814 2566 962 2615 adpraesens

218 2631 348 2679 tubiiaeuro;
364 2641 430 2680 seqna
439 2631 502 2680 velie,
516 2634 543 2671 nt
556 2635 578 2672 tn
593 2642 634 2672 suo
648 2632 713 2682 pleno
727 2633 963 2682 vigorapermaueant,

215 2699 314 2745 tempore
333 2695 467 2743 perdurante
485 2697 508 2736 iu
528 2695 591 2736 dictis
610 2697 787 2738 concessionibus
806 2699 852 2737 sive
870 2697 963 2739 indultis

214 2761 354 2812 procacitor*
370 2760 483 2810 (Anareitai
499 2763 521 2802 ln
535 2763 672 2812 nonemertu
686 2764 724 2807 lat.
739 2764 821 2812 Acta,
835 2773 908 2814 qnae
922 2767 964 2808 stc.

216 2827 258 2871 vol.
272 2827 298 2868 V.
313 2835 362 2876 pag.
376 2822 433 2874 387.)
