2128 3228
145 161 186 206 698
303 166 336 206 De
348 165 478 214 quibusdam
492 165 540 204 sniis
555 165 692 207 sacerdotum
707 163 791 206 osteis.

146 269 176 393 ι’ἑι
201 267 264 320 alise
290 265 508 391 {ecoeeeeioas‘bas
534 264 670 332 faciendis
696 281 756 320 mm
780 265 952 320 marcinanno

169 352 332 392 cadmeae.

146 481 168 526 7.
182 480 219 526 De
229 481 305 526 modo
316 479 395 524 dandi
404 478 608 546 benedictionem
621 490 679 526 cnm
690 479 731 527 SS.
742 479 920 526 sacramanto.
928 481 952 534 ι)

189 561 334 616 Celebrans
351 567 461 629 peraeta
478 560 660 614 incensatione
685 560 781 628 accipit
798 575 882 628 super
899 560 952 616 hu·

148 647 237 688 meros
255 632 345 687 velum
369 631 519 700 oblongum,
546 631 630 698 (qnod
654 645 760 700 semper
783 631 863 686 debet
886 646 950 687 esse

149 705 203 758 eibi
227 705 324 759 eoloris
350 703 378 758 S.
397 703 432 757 R.
452 702 480 757 0.
499 705 525 756 9.
543 703 710 776 daiit1678.
738 709 766 756 et
789 705 834 756 26.
858 702 949 757 Mart.

156 778 246 843 1859.)
272 775 391 830 ascendit
416 772 450 828 ad
469 773 562 842 nitere,
581 772 665 828 flectit
681 774 759 828 unico
784 787 862 842 genu,
889 789 950 828 sur·

149 847 195 915 git,
213 847 295 901 vertit
314 845 517 914 ostensorinm2)
541 845 587 919 ita,
611 852 643 900 ut
667 843 750 904 fac'ies
767 844 880 899 Hostiae
897 859 948 913 po-

149 918 241 986 pulum
261 917 395 985 respiciat,
414 924 441 970 et
458 916 554 970 velatis
572 916 694 971 menibus
718 915 784 969 illud
802 915 947 984 accipiens,

148 989 279 1043 convertit
304 1003 333 1042 se
358 987 393 1041 ad
417 987 545 1056 populum
569 1001 619 1054 per
647 987 718 1041 latus
741 986 891 1055 Epistolae,
918 994 948 1042 et

148 1075 251 1114 summa
270 1075 329 1112 cum
346 1059 508 1126 reverentia,
527 1059 658 1126 gravitate
673 1064 701 1112 et
709 1057 859 1125 devotione,
880 1073 945 1111 ocu·

145 1131 187 1185 los
198 1131 322 1185 continuo
340 1130 369 1182 in
378 1129 425 1184 SS.
436 1129 635 1184 Sacramentum
644 1128 751 1198 figendo
761 1144 838 1198 „cum
848 1127 946 1182 eodem

144 1201 191 1255 SS.
212 1201 384 1255 Sacramento
402 1200 527 1269 producit
544 1201 648 1269 signum
661 1201 747 1254 crucis
762 1214 844 1268 super
856 1211 945 1268 popu-

143 1272 224 1341 lum“‚
247 1279 328 1341 prout
351 1271 510 1340 praescribit
533 1271 653 1326 Caerem.
677 1272 768 1340 Episc.
792 1271 826 1327 11.
853 1273 898 1327 33.
915 1286 943 1325 n.

144 1346 201 1410 27.;
220 1351 248 1398 et
264 1344 315 1398 iste
333 1343 428 1398 modus
445 1343 546 1398 Romae
565 1349 688 1398 servatur
705 1343 739 1402 in
757 1339 880 1396 omnibus
899 1356 942 1396 ec-

144 1415 240 1484 clesiis,
265 1422 347 1483 prout
370 1421 485 1470 testatur
507 1414 629 1469 Meretus
653 1413 699 1468 IV.
720 1417 763 1469 12.
781 1416 806 1467 2.
834 1412 941 1468 diceus:

144 1487 290 1542 communis
307 1502 372 1541 usus
391 1486 561 1540 ecclesiarum
574 1484 655 1540 Urbis
674 1491 723 1554 est,
741 1490 779 1554 ut,
797 1491 942 1553 postquam

145 1557 271 1613 sacerdos
295 1556 402 1612 reduxit
434 1557 610 1612 ostensionum
636 1555 766 1610 adlatus
790 1555 941 1624 dexterum,

142 1645 196 1685 non
215 1628 312 1684 debeat
328 1643 421 1684 rursus
441 1635 502 1682 ente
520 1633 614 1696 pectus
626 1626 763 1696 reducere,
783 1626 832 1682 sed
849 1627 942 1681 statim

156 1784 177 1838 ¹)
189 1787 247 1828 Dum
261 1789 370 1836 vesperae
383 1785 511 1826 solemniter
531 1785 670 1825 celebrantur
689 1795 738 1824 cnm
751 1783 889 1833 expositione
903 1783 941 1826 88.

195 1855 330 1895 sacrementi
349 1856 371 1892 et
391 1853 495 1892 concione
515 1852 543 1892 ad
555 1851 673 1901 populum,
697 1861 723 1891 sc
742 1853 821 1900 postea
840 1849 940 1890 recitatis

193 1920 294 1968 precibus
308 1921 333 1958 tit
345 1919 380 1961 SS.
388 1918 524 1960 sacramenti
537 1917 659 1957 reservatio
674 1916 784 1963 solemnis,
798 1914 887 1963 qmnsm
903 1924 939 1953 co·

193 1983 227 2023 lo'r
241 1985 263 2024 in
277 1984 413 2034 paramentis
427 1985 495 2024 sacris
510 1986 544 2024 est
568 1983 703 2023 adhibendus
723 1992 764 2031 pro
778 1981 819 2020 tali
836 1989 937 2020 reseres·

192 2050 269 2090 tionei
293 2050 313 2094 S.
323 2051 348 2094 R.
357 2051 379 2094 0.
389 2050 424 2090 die
434 2039 466 2093 20.
475 2051 533 2100 sept,
544 2047 604 2090 1806.
619 2049 745 2099 respondit:
761 2047 889 2096 „Quatenus
904 2057 940 2087 se·

192 2115 280 2164 cordos,
303 2117 341 2164 qui
354 2117 463 2165 vesperas
484 2118 576 2165 paratus
591 2115 722 2163 celebravit,
741 2125 786 2154 nou
803 2114 893 2154 recedat
908 2114 938 2153 ab

191 2181 265 2230 altari,
285 2184 307 2222 et
321 2182 413 2222 assistet
426 2192 474 2222 cnm
489 2182 597 2230 concioni,
617 2184 666 2221 tum
679 2181 788 2230 precibus,
805 2180 938 2220 reservatio·

190 2259 240 2288 uem
254 2249 376 2288 iaciendum
397 2260 444 2290 esse
465 2247 668 2297 temperamentis
686 2247 765 2288 coloris
784 2246 940 2296 respondentis

190 2315 263 2354 officio
279 2315 322 2354 diei
336 2318 358 2354 et
371 2315 421 2354 velo
435 2315 542 2354 humerali
557 2314 602 2354 albi
616 2314 709 2362 eoloris,
730 2313 750 2352 si
762 2311 818 2352 iliud
831 2311 939 2351 adhibea-

190 2381 233 2423 tur.
261 2381 372 2428 Quatenus
391 2390 443 2420 vero
462 2380 564 2428 recedat,
585 2381 607 2420 et
625 2379 746 2420 reservatio
764 2378 874 2417 habeatnr
887 2380 937 2416 tan·

139 2449 143 2462 ¹
190 2456 254 2494 quam
269 2447 354 2485 structio
373 2447 461 2486 omnino
480 2449 583 2496 separata
603 2447 625 2486 et
647 2445 751 2484 dlstinota
764 2445 792 2484 ab
807 2443 880 2484 officio
894 2445 935 2486 Ve-

190 2521 310 2561 sperernm,
324 2513 430 2553 utendum
444 2513 477 2553 est
490 2513 625 2562 paramentis
640 2512 720 2552 coloris
734 2511 801 2554 slew

151 2572 172 2626 ²)
188 2577 212 2616 si
225 2576 262 2619 88.
276 2577 440 2618 Sacramentum
460 2579 484 2618 iu
502 2578 583 2627 pyxide
597 2578 714 2626 exponitur
733 2576 768 2616 vsi
787 2587 836 2616 cum
850 2575 936 2618 ciborio

188 2640 253 2680 datur
263 2641 393 2690 benedictio,
407 2643 562 2692 congruentius
577 2643 696 2684 adhibetur
710 2642 845 2682 thurificatio
859 2643 882 2680 st
892 2641 936 2682 ssl-

188 2709 233 2744 tem
247 2715 287 2744 sex
300 2706 383 2746 lumina
397 2710 450 2748 snut
465 2708 603 2748 accendenda
630 2708 660 2755 (Β.
673 2709 699 2748 n.
714 2708 735 2753 0.
754 2707 773 2751 7.
788 2707 845 2746 Mais·
862 2705 938 2757 reti.)

188 2773 210 2810 et
224 2772 265 2810 sub
279 2772 430 2813 benedictione
443 2775 507 2823 pyxis
525 2777 573 2814 tota
592 2775 699 2824 cooperiri
713 2774 777 2814 debet
790 2772 936 2812 extremitati·

190 2837 231 2878 bus
245 2837 288 2880 usli
302 2837 391 2886 oblongi
404 2837 530 2881 humeralis.
544 2839 574 2888 (d.
590 2840 616 2882 B.
631 2839 654 2879 (i.
668 2837 706 2882 28.
719 2840 779 2882 Febr.
795 2836 866 2889 188⁹.)
