2152 3234
322 191 355 232 De
368 191 509 232 lamumanto
522 191 666 232 Matrimonii.
852 189 893 232 525

269 294 296 350 2.
322 292 366 346 Dc
384 271 508 346 examina
525 293 720 363 sponsorum.²)

50 414 53 419 -
130 381 270 436 Parochus
288 383 394 435 ratione
412 381 497 448 officii
513 383 559 436 assi
580 379 609 436 isl
626 399 676 452 pro
695 381 796 437 viribus
815 397 896 451 agere

90 451 192 523 tlebet,
217 457 248 506 ut
267 451 467 507 Sacramentum
484 453 647 508 Matrimonii
669 469 724 509 non
749 453 835 508 solum
852 469 899 508 va·

5 541 7 580 t
95 523 162 593 lide,
192 522 240 578 sed
266 525 346 578 etiam
363 524 435 578 licite
455 523 668 594 administretur3
695 524 766 578 unde
783 523 899 593 positive

79 597 169 650 'scire
188 594 277 665 debet,
296 610 350 649 non
369 595 464 651 adesse
481 595 678 666 impedimenta,
700 595 796 664 quibus
815 602 899 666 actus,

5 731 6 734 Ἴ
96 665 133 722 ad
152 681 231 734 quem
251 681 300 721 sua
323 664 477 735 praesentia
503 675 678 737 cooperatur,
705 668 749 721 vel
766 665 899 722 invalidus

93 737 140 792 vel
153 737 261 792 illicitus
275 736 337 805 siat3
357 737 486 792 eiusmodi
505 747 594 806 autem
612 737 751 796 scientiam
769 737 898 792 sufficien-

96 815 154 864 tem
172 808 302 876 imprimis
321 807 371 863 sibi
396 823 551 878 comparare
575 816 666 879 potest
687 825 721 864 ex
739 823 899 878 sponsorum

21 943 24 946 ,
96 880 230 934 examine.
266 879 338 948 che
362 881 442 934 etiem
462 881 610 950 positione
634 881 741 936 iubetur
764 880 899 950 parochus

95 952 280 1019 investigare,
305 957 393 1004 utrum
412 951 520 1018 aliquod
537 951 754 1020 impedimentum
773 949 898 1021 obstec.³)

94 1022 236 1076 Parochus
254 1021 343 1090 igitur,
362 1023 407 1088 qui
420 1023 643 1090 proclamationes
658 1030 685 1078 et
702 1024 899 1092 copulationem

5 1121 6 1126 ι
94 1092 218 1158 facturus
236 1096 305 1158 esti)
328 1100 385 1146 tum
404 1109 543 1163 sponsum,
570 1102 627 1148 tum
646 1111 770 1164 sponsam
789 1095 900 1149 aeorac'm

69 1232 70 1235 Ἴ
99 1169 222 1231 coctast,
241 1169 272 1218 ut
286 1163 393 1232 dicitur,
408 1164 446 1218 ael
456 1181 556 1232 aurem,
571 1166 712 1234 explorare
722 1166 796 1220 debet
806 1165 900 1236 (verba

42 1279 44 1284 .
97 1241 162 1292 suut
179 1233 280 1292 Beued.
299 1235 371 1290 XIV.
396 1236 424 1289 in
450 1235 562 1293 Constit.
579 1253 643 1292 mox
670 1237 775 1308 citatal:
812 1253 836 1292 a.
855 1237 901 1300 An

97 1312 195 1375 sponte
221 1313 249 1360 ct
273 1321 338 1360 vero
366 1323 426 1360 cum
444 1307 524 1360 animi
549 1323 681 1364 consensu
703 1315 817 1378 utraque
834 1323 899 1377 pars

43 1375 54 1384 “
88 1377 298 1432 'Matrimonium
320 1377 478 1432 contrahere
502 1378 631 1434 intendat.
667 1379 694 1433 b.
712 1379 756 1433 An
773 1387 837 1434 voto
856 1395 903 1434 ca-

99 1449 208 1516 stitatia
226 1449 403 1518 promissione
416 1449 581 1510 Matrimonii
595 1451 672 1505 alteri
690 1449 770 1520 lacta,
784 1451 832 1520 rel
845 1450 899 1505 alio

19 1551 23 1556 ·
98 1519 289 1586 impedimento
304 1520 357 1574 sint
370 1520 453 1588 ligati.
485 1520 585 1575 Debita
597 1521 740 1590 prudentia
754 1521 898 1587 verbisque

98 1589 241 1660 modestis,
261 1589 307 1644 ubi
326 1607 393 1659 opus
411 1591 532 1660 videtur,
557 1591 592 1646 al
609 1591 826 1661 impedimentum
845 1591 898 1646 affi-

100 1661 195 1716 nitatis
215 1677 248 1716 ex
267 1662 364 1730 copula
380 1662 473 1716 illicita
490 1679 549 1716 cunr
567 1663 776 1732 consanguineis
788 1663 899 1730 alterius

98 1732 186 1802 partis
200 1732 293 1788 habita
306 1732 498 1787 advertendum
516 1741 565 1803 est,
582 1746 632 1788 nec
645 1736 736 1790 'minus
752 1733 786 1788 ad
799 1733 899 1788 crimen

5 1855 7 1862 ,
98 1805 218 1859 incestus
236 1805 306 1858 inter
331 1819 445 1874 sponsos
462 1804 554 1865 forsan
578 1811 714 1874 patratum
738 1821 817 1875 casu,
845 1821 899 1871 quo

64 1881 66 1885 ’
98 1875 291 1944 impedimento
304 1875 421 1944 ligantur
434 1882 462 1930 et
475 1875 673 1962 dispensatione
685 1875 814 1946 indigent.
832 1892 854 1930 c.
869 1875 899 1932 Si

98 2071 134 2126 ¹1)
150 2073 191 2114 co.
208 2073 290 2112 mune.
305 2070 439 2114 russos-sm.
455 2085 475 2117 s.
490 2069 551 2113 leot.
566 2085 625 2115 num
638 2071 671 2118 10.
684 2075 707 2113 sc
720 2069 754 2113 11.
768 2073 790 2111 ec
803 2082 822 2110 a.
837 2059 898 2112 stou.

149 2149 209 2178 num.
231 2135 260 2188 4.,
288 2140 431 2188 Angsbnrgor
449 2139 581 2180 Pastoralbl.
605 2149 625 2183 a.
646 2135 705 2184 teet.
721 2149 779 2180 unm.
802 2133 898 2181 ae-al.

109 2191 113 2199 ’
150 2203 243 2252 Dolonis,
258 2203 297 2244 der
310 2205 383 2253 prakt.
399 2203 524 2253 Seelsorgar
539 2203 581 2255 (ed.
590 2205 630 2256 11.)
645 2215 696 2254 pag.
709 2197 831 2248 bea-528.
897 2231 907 2248 ,

109 2266 133 2321 ²)
149 2268 192 2311 Gir.
207 2269 287 2312 Benad.
301 2270 359 2313 xlv.
375 2270 428 2313 Litt.
442 2271 518 2319 apost.
551 2271 659 2318 „Nimium
677 2269 796 2310 παιήων*
815 2267 844 2307 stl
856 2268 898 2307 Ar·

149 2336 301 2385 obieplsoopos
316 2337 339 2375 et
353 2333 690 2386 llplscoposPolonlaea.1748.
705 2338 727 2376 et
740 2337 765 2374 cla
775 2335 822 2384 spos.
833 2335 898 2378 dioec.

149 2402 185 2444 lab.
199 2401 219 2444 8.
235 2413 280 2452 cop.
296 2400 330 2442 14.
342 2415 365 2442 u.
380 2401 401 2446 3.
416 2405 438 2442 et
451 2401 472 2442 6.

109 2466 133 2521 ³)
147 2468 209 2507 Idem
224 2479 251 2508 ex
265 2469 436 2517 particularibus
451 2467 651 2508 constitutionibus
670 2467 715 2507 iere
729 2465 826 2506 omnium
839 2466 898 2506 dioe-

149 2533 232 2573 ceslnm
255 2533 363 2572 sancitum
377 2536 417 2578 ast,
451 2532 554 2582 Expedit,
574 2534 600 2573 ut
621 2534 662 2572 boo
682 2531 757 2582 factat,
780 2533 898 2580 antequam

148 2599 332 2648 proclamationes
354 2600 378 2638 ln
399 2599 492 2640 eeclesia
513 2597 578 2648 flaut3
602 2600 655 2650 quia
675 2609 719 2638 non
737 2609 789 2638 raro
811 2599 834 2638 ln
855 2598 898 2638 boo

150 2664 250 2704 examlne
270 2664 413 2705 inveniuntur
431 2663 593 2718 impedimenta.
627 2665 682 2715 (σίν.
702 2664 780 2706 Bessa.
795 2663 854 2703 XIV.
872 2661 898 2701 tls

148 2729 197 2778 Spa.
212 2730 277 2770 cecc.
291 2730 329 2768 ls'b.
344 2729 365 2770 8.
380 2742 427 2780 cop.
442 2728 474 2772 14.
488 2739 543 2768 uum.
559 2727 591 2778 Β.)

108 2793 133 2848 ⁴)
149 2794 198 2836 lllsl
212 2796 355 2846 consuetedo,
369 2795 444 2852 pppxls
463 2795 503 2835 unt
523 2795 607 2835 statuta
620 2792 765 2844 particularia
778 2791 837 2832 alind
852 2789 897 2830 exi·

148 2862 208 2910 gant.
