2098 3222
161 152 202 198 812
258 157 292 198 De
303 159 455 198 montione
468 161 490 197 et
499 168 562 198 nora
574 160 737 200 ooueoratloue
752 159 862 204 altarium

162 257 193 382 ld,
207 256 233 312 d.
247 260 291 311 15,
304 257 380 311 Moli
391 261 468 326 1819,
486 259 538 314 ool.
551 260 609 314 111.
619 275 686 330 pay.
700 264 761 316 144.
780 289 816 301 -
834 261 965 318 Ferron'a

173 367 181 382 .
198 343 221 382 o.
239 344 267 384 a.
285 332 330 387 86.
347 334 373 383 et
389 331 448 399 87.)

202 400 228 453 6.
246 399 354 454 Polluta
370 401 415 454 vel
431 401 533 456 uiolata
550 402 663 457 eudenio
673 402 803 470 polluitur
820 403 905 458 otiam
921 404 964 459 rel

163 470 281 525 violatur
294 471 379 525 altare
392 473 420 526 iu
433 487 467 527 ea
479 471 607 542 fixum31)
625 481 764 529 exsecrate
780 481 873 528 autem
887 476 965 530 altari

162 538 217 597 fixo
247 556 302 596 uon
329 550 484 598 exsecratur
508 545 629 601 ecclesie.
672 545 823 600 Exaeemta
850 547 965 602 eoeleaia

162 627 218 738 ἒβη
242 619 397 751 θικῖηωτ
420 614 504 670 altare
528 615 662 684 portatile.
700 616 841 683 (Ferraria
857 618 876 671 l.
895 634 919 674 o.
937 633 963 672 a

201 757 227 811 7.
244 755 338 810 Altnre
347 756 473 824 portatile
486 757 642 812 aeumobile
652 765 806 813 exsecratur
817 759 847 814 1⁰
856 757 964 826 quanio

117 841 126 854 ‘
164 824 204 880 ita
221 823 353 894 frangitur
371 834 399 881 et
416 826 578 898 diminuitur,
596 834 627 884 ut
644 844 678 884 ea
693 844 766 899 para,
789 844 861 897 quae
879 844 963 884 remu-
1026 881 1027 896 ,

163 899 345 1023 titilltt
358 899 471 1024 {iffi
485 905 550 1024 tt
562 899 963 1041 iiiiiilldiilinffiffl

163 1037 257 1108 ipuiua,
270 1039 298 1093 iu
310 985 406 1107 peritus
420 1041 535 1096 elnriama
542 1012 665 1110 ponitur,
675 987 830 1097 notagiliter
844 1049 873 1097 et
887 1057 962 1098 enor-

164 1109 243 1164 miter
255 1107 429 1180 &unguntum
447 1112 479 1168 3⁰
495 1111 601 1179 quando
621 1112 754 1182 frangitur
770 1114 815 1168 vel
832 1114 895 1168 loeo
908 1129 961 1168 mo

163 1186 242 1234 vetur
254 1181 443 1248 repositorium
452 1184 632 1250 reliquiarum.
646 1185 787 1252 (Fmon'a
798 1185 817 1239 l.
827 1201 849 1239 c.
863 1201 893 1239 ae.
907 1187 962 1253 29.)

200 1252 226 1304 8.
245 1251 338 1306 Altare
356 1259 411 1308 tum
428 1252 523 1324 fixum,
547 1271 626 1322 qnam
643 1256 769 1325 portatile
787 1256 887 1310 amittit
903 1272 961 1311 eon·

166 1322 341 1378 remotionem
359 1324 571 1392 pertractarem
589 1341 723 1380 enormem
741 1341 791 1382 seu
807 1327 962 1381 notabilem.

167 1391 209 1458 (S.
219 1392 254 1447 Il.
266 1393 295 1450 Ο.
305 1397 329 1448 6.
342 1393 398 1450 Oet.
406 1399 498 1464 1837.)
517 1398 595 1466 „Erit
608 1405 697 1452 autem
707 1397 823 1452 enormia
837 1397 964 1466 fructura,

167 1463 191 1519 ai
208 1464 301 1520 tabula
318 1465 399 1522 fixerit
422 1467 467 1521 vel
483 1469 512 1521 in
530 1467 597 1524 duaa
614 1469 659 1523 vel
676 1469 704 1521 in
720 1469 812 1537 plurea
830 1469 964 1524 notabilea

148 1541 258 1604 ‘portes
277 1535 370 1607 divina,
395 1553 427 1592 ac
443 1539 556 1607 proiisse
575 1540 807 1608 continuationem,
825 1539 963 1609 integrita-

166 1613 222 1661 tem
239 1613 267 1662 et
285 1607 486 1668 substantialem
505 1611 632 1666 unitatem
651 1612 761 1666 amittat
789 1611 865 1666 Talia
884 1612 963 1666 etiam
1027 1612 1028 1622 ¹

161 1678 226 1748 erit,
244 1678 288 1733 vel
300 1694 346 1734 rea
359 1680 398 1734 eit
407 1679 440 1734 de
455 1681 583 1736 altaribuu
596 1680 657 1737 lixis
669 1681 714 1736 vel
727 1681 761 1736 de
775 1683 829 1736 aria
842 1682 965 1736 viatoriiu

168 1747 358 1821 [portutssibua]
385 1751 408 1806 ai
426 1751 512 1808 diviua
528 1767 579 1820 per
600 1752 745 1808 iacturam
768 1753 860 1822 aliqua
877 1754 914 1808 ait
930 1767 964 1808 ex

166 1819 220 1876 illia
232 1821 368 1890 partibus,
391 1823 419 1876 iu
435 1823 531 1891 quibua
543 1824 692 1892 peculiares
705 1824 844 1879 uueuouen
857 1823 966 1878 fueram

166 1890 317 1962 adhibitae,
344 1893 456 1949 subtiles
473 1895 600 1950 andelae
619 1910 754 1964 emensae,
780 1895 845 1950 thna
863 1909 964 1950 erema·

166 1967 243 2016 tum.
259 2003 266 2016 .
281 2003 288 2017 .
304 2003 312 2020 .
339 1963 430 2019 Verbo
448 1965 548 2020 diuam:
574 1973 713 2022 exsecrata
737 1967 789 2020 erit
805 1966 913 2034 tabula,
941 1967 964 2020 ri

165 2048 230 2101 para
247 2032 333 2089 fraetu
355 2051 437 2090 unam
458 2038 594 2092 contineat
615 2053 650 2092 ex
667 2037 823 2092 lateralibus
840 2037 964 2092 omnibua

164 2103 199 2158 ab
211 2104 348 2174 Episcopo
361 2107 390 2160 in
403 2107 495 2162 altaria
505 2109 705 2164 consecratione
716 2109 868 2177 specialiter
882 2108 964 2162 baue-

165 2173 250 2231 dicus.
275 2176 410 2246 Quamvis,
429 2179 473 2232 vel
485 2187 581 2247 agetur
598 2179 633 2234 de
647 2180 725 2234 ulturi
744 2178 799 2234 lixo
818 2187 846 2234 et
864 2179 963 2248 stabili,

163 2246 208 2300 vel
226 2246 260 2302 da
278 2263 326 2302 ara
350 2249 470 2317 portatili
495 2258 523 2304 et
546 2251 675 2320 viatoria,
703 2249 819 2305 enormia
843 2249 966 2306 fractura

162 2316 273 2386 inauper
290 2320 356 2388 erit,
384 2320 407 2374 ai
424 2336 525 2389 parvus
547 2321 593 2376 illa
617 2323 686 2391 lapia
704 2321 855 2377 contractus
872 2321 964 2390 fuerit

165 2387 211 2454 qni
228 2389 343 2457 sigillum
368 2393 500 2460 eontinet,
528 2400 558 2447 et
574 2393 673 2448 clauim
694 2393 883 2462 repositorium
901 2393 965 2446 rali-

165 2457 294 2529 quamn,
314 2461 386 2529 quod
403 2463 573 2532 sepulchrum
591 2463 728 2520 dieimua.“
747 2463 965 2532 (Gardelliai

164 2528 500 2660 adfffflrifasseoitgi
508 2535 734 2675 immam
758 2607 883 2661 amittunt
900 2619 965 2660 eou-

161 2709 321 2722 *aa

176 2760 198 2811 1)
216 2761 244 2801 Iu
258 2762 349 2802 oeolerla
363 2765 450 2805 tautum
464 2767 580 2807 benedicta
592 2770 666 2818 potant
676 2769 801 2809 eouaoerarl
814 2767 893 2818 dhre,
907 2769 962 2818 quin

215 2827 277 2876 prim
299 2827 348 2876 lpau
366 2831 460 2872 eoeleata
478 2837 625 2878 oonaacretur.
653 2835 683 2882 (ἃ
697 2835 723 2876 Β.
737 2835 759 2875 0.
774 2833 808 2875 12.
822 2835 877 2886 Sept
892 2835 965 2887 retu.)
