2138 3226
153 123 193 168 tas
407 125 465 166 Ordo
478 127 537 166 vitas
550 126 700 171 sacerdotalis.

155 227 196 296 (S.
210 228 271 298 Lep.
285 227 388 282 Raab
405 229 564 296 confessarii
581 245 641 298 cop).
659 230 684 283 Ι.
703 228 727 298 S.
741 229 800 283 IH.
820 228 862 298 [ia
878 227 955 300 plne}

155 299 211 367 Osa.
229 299 331 354 Beaed.
350 300 430 354 XIV.
448 301 538 354 Instat.
556 303 612 368 32.)
642 301 775 368 Imprimis
790 299 905 370 studete,
924 307 957 356 ut

153 369 311 426 confitentes
344 386 435 425 voram
464 377 635 440 peccatorum
661 372 861 441 contritionem,
894 388 956 426 cum

154 441 293 511 proposito
311 458 366 496 non
382 442 510 510 peccandi
529 442 562 496 de
581 450 678 511 cetero,
705 443 870 511 concipiant3
897 443 957 498 sola

154 512 316 582 quandoque
340 514 464 568 contritio
495 513 529 567 ad
553 513 767 568 iustificationem
790 513 899 582 sufficit,
927 521 958 568 at

156 586 213 640 sine
231 585 291 652 ipsa
309 585 404 638 saltem
421 584 578 653 imperfecta
591 592 697 639 ceterae
712 584 877 639 conditiones
893 600 958 653 pes-

155 672 215 711 sum
233 657 340 712 abeunt.

192 727 250 780 XV.
286 726 404 780 Missam
431 725 495 779 bene
524 725 659 780 celebrata
705 725 777 792 Quot
803 732 831 780 et
855 731 957 794 quanta

155 797 227 852 bona
245 812 279 850 ex
298 797 383 850 Miaaa
400 797 469 851 bene
488 797 624 852 celebrata
634 797 702 866 Deo,
721 797 859 866 ecclesiae,
879 797 956 851 mini·

155 875 211 924 atro
231 867 364 934 eveniunt,
387 874 429 922 tot
447 883 478 922 ac
495 875 571 922 tanta
588 868 659 922 mala
676 883 710 921 ex
723 869 808 922 Missa
825 868 894 922 male
913 882 957 922 ce·

153 939 258 994 lebrata
280 939 442 1006 contingtmt.
487 938 657 1007 Quapropter
684 939 795 1006 quilibet
822 939 953 1008 minister,

154 1018 296 1076 antequam
314 1009 349 1062 ad
367 1009 604 1078 altare'asoendat,
631 1011 728 1078 probet
755 1010 897 1079 seipsum,
926 1016 955 1066 et

65 1101 72 1120 ¹
155 1081 225 1136 serio
243 1079 402 1149 perpendat,
420 1098 484 1135 num
497 1096 532 1135 ex
545 1081 745 1150 consuetudine,
764 1097 799 1134 an
813 1096 861 1149 spe
875 1081 952 1151 lucri,

155 1152 248 1206 autin
265 1151 335 1204 mala
353 1152 515 1206 conscientia
533 1151 683 1206 sacrificare
701 1151 829 1221 intendat,
855 1167 891 1206 ne
911 1167 955 1207 sa-

155 1221 283 1276 crificinm
296 1223 324 1275 in
338 1224 508 1292 sacrilegium
526 1230 672 1293 convertat,
697 1239 732 1278 ue
750 1239 780 1278 se
793 1239 870 1278 reum
891 1223 958 1277 Cor·

154 1294 229 1362 poris
249 1301 276 1348 et
294 1293 438 1361 Sanguinis
457 1295 556 1349 Christi
574 1295 733 1363 constituat,
758 1294 884 1348 iudicium
905 1294 958 1349 sibi

154 1363 297 1419 manducet
309 1372 336 1418 et
349 1365 437 1420 bibat:
457 1381 491 1420 ne
506 1365 620 1434 denique
640 1365 839 1420 Sacramentum
853 1365 957 1433 gratiae

155 1443 183 1491 et
197 1436 290 1491 salutis
309 1435 338 1489 in
352 1451 458 1491 eausam
479 1437 572 1491 ruinae
586 1444 614 1491 et
627 1436 804 1492 damnationis
818 1436 956 1490 miserabi-

154 1507 216 1562 liter
239 1506 371 1565 traducat.
415 1507 532 1576 ideoque
559 1509 637 1563 vobis
665 1515 818 1564 constanter
844 1522 957 1575 persua·
1029 1525 1034 1532 ·

154 1577 250 1648 deatis,
276 1594 380 1632 omnem
399 1595 509 1648 operam
535 1586 563 1633 et
590 1579 754 1648 diligentiam
778 1577 958 1632 adhibendam
1061 1611 1062 1618 ι

155 1664 226 1719 esse,
251 1657 282 1704 nt
300 1666 379 1717 quam
396 1651 513 1704 maxima
529 1651 650 1706 interiori
675 1649 763 1705 cordis
779 1649 911 1704 munditia
929 1655 958 1704 at

154 1722 280 1790 puritate,
299 1737 378 1789 quam
396 1723 513 1776 maxima
531 1722 658 1776 exteriori
680 1720 830 1776 devotionis
850 1736 882 1774 ao
899 1721 957 1789 pie
1061 1753 1062 1758 κ

154 1794 218 1847 tatis
236 1792 326 1859 specie
345 1792 510 1846 adorandum
528 1801 555 1847 et
573 1792 739 1846 tremendum
766 1791 838 1847 istud
856 1799 956 1861 myste-

154 1863 224 1916 rium
241 1870 394 1931 peragatur.
430 1865 609 1919 Irreverentia
637 1863 675 1933 (in
692 1863 871 1918 celebratione
890 1863 957 1918 Mis·

155 1938 213 2000 sae)
243 1934 276 1987 ab
295 1934 432 2002 impietate
450 1936 496 1989 vix
514 1935 634 1991 seiuncta
652 1950 711 1989 esse
729 1940 828 2004 potest.
863 1933 956 2000 (Ocno.

157 2004 233 2058 Tar'd.
252 2004 321 2059 Scae.
339 2009 385 2060 22.
400 2006 469 2060 decr.
489 2006 522 2060 dc
540 2005 712 2060 observandis
730 2011 754 2060 ct
772 2005 908 2059 evitandos
925 2006 957 2059 in

155 2075 248 2130 celebr.
265 2076 389 2144 Missae.)

191 2147 263 2201 XVI.
292 2147 408 2215 Tempus
424 2148 488 2202 deae
506 2147 658 2215 impendite.
687 2147 752 2214 Quis
770 2147 806 2202 sit
823 2146 955 2214 temporis

155 2217 240 2287 valor,
258 2218 331 2285 quod
345 2219 468 2287 pretium,
487 2233 556 2286 quae
574 2219 609 2273 sit
625 2234 716 2272 rarum
728 2226 896 2273 terrenarum
913 2217 953 2271 le·

155 2289 225 2344 vitas
240 2296 267 2342 et
278 2290 392 2360 vanitas,
410 2305 479 2357 quae
497 2290 651 2344 coelestium
667 2288 773 2358 pondus
791 2295 819 2342 et
836 2303 956 2342 momen·

155 2367 220 2428 tum,
239 2374 293 2414 non
314 2359 384 2415 forte
408 2361 476 2414 bene
495 2361 655 2430 noverimus,
685 2360 736 2415 nisi
754 2376 815 2414 cum
832 2357 952 2414 dicetur:

156 2435 182 2484 et
198 2432 301 2485 duravit
313 2448 366 2500 per
378 2433 508 2485 cicentem
520 2432 551 2484 ιιι
564 2431 680 2498 soeculo,
700 2432 765 2499 qaia
781 2437 885 2498 tempas
898 2445 956 2484 aaa

155 2503 206 2555 crit
224 2503 354 2571 ampliata
372 2517 483 2569 cumque
498 2509 544 2556 aut
565 2508 701 2556 anonam
715 2503 787 2572 benc,
807 2507 853 2554 aut
871 2506 957 2556 aear-

154 2589 221 2626 aam
245 2575 315 2627 male
340 2574 391 2628 erit
414 2572 587 2628 subeundum.
632 2573 717 2640 Quam
742 2572 865 2627 diversae
889 2579 956 2628 tunc

155 2651 233 2699 erunt
259 2645 434 2712 cogitationes
456 2651 565 2698 nocuae
590 2660 607 2698 a
632 2644 854 2712 cogitationibus,
883 2658 955 2711 quae

155 2730 225 2769 nunc
238 2732 287 2771 noa
301 2715 451 2783 occupant?
484 2715 569 2782 Quam
588 2731 638 2770 nos
656 2717 724 2770 bene
743 2731 807 2770 usos
820 2721 953 2786 tempore,

154 2801 235 2854 quam
247 2794 356 2841 terrena
368 2785 445 2839 flocci
456 2784 553 2842 fecisse
567 2787 766 2855 exoptabimusl
803 2785 857 2840 Sed
874 2801 957 2854 quam
