2130 3242
309 177 342 217 lta
355 177 498 236 amputato
514 175 671 216 l’oanttsntlae.
852 173 892 217 tal

89 279 276 347 absolutione,
305 279 356 334 nisi
373 277 444 334 forte
464 276 677 334 extraordinaria
701 278 778 346 signa
794 277 895 336 doloris

91 351 227 406 exhibeat.
252 351 290 405 Et
308 351 389 405 etiam
407 351 469 405 huic
488 350 575 404 adhuc
594 347 806 403 extraordinaria
823 367 893 405 com-

89 423 237 492 punctione
256 421 356 476 donato
381 421 516 476 ordinarie
542 419 676 488 loquendo
702 420 896 476 absolutionem

89 495 270 562 denegarem,
297 493 407 560 quando
426 492 565 548 commode
585 491 716 546 absolutio
735 498 829 560 posset
846 491 896 546 dil·

88 565 183 621 ierri.“
202 563 241 631 (S.
261 563 323 634 Lip.
341 581 369 618 a.
388 567 461 630 466.)

127 637 208 691 Girua
233 636 401 690 occasionem
427 635 575 704 proximam
599 633 778 688 voluntariam
802 638 897 690 notatu

91 721 202 776 quoque
221 705 303 774 digna
320 714 383 761 sunt
400 707 467 760 haec
486 705 514 759 S.
528 706 649 773 Lignorii
662 705 753 759 verba.
779 704 850 766 (Lib.
870 707 895 760 6.

92 795 120 833 n.
140 777 213 846 452.)
246 777 336 846 „Dicit
352 777 507 846 Ronoaglia,
533 791 587 832 non
606 791 665 832 esse
683 775 831 844 negandam
851 775 896 829 ab·

92 849 275 920 „solutionem
292 849 383 904 iuveni
410 856 437 902 et
454 847 575 917 puellae,
604 849 650 915 qui
668 848 757 915 aliquo
774 854 897 915 tempore

92 935 142 992 „se
158 919 278 974 invisunt
291 920 379 974 animo
398 919 596 974 Matrimonium
614 917 801 987 connubendi3
818 933 897 972 nemo

7 1039 8 1042 ,
92 992 193 1063 „enim
207 991 252 1059 ait,
267 996 375 1045 tenetur
389 991 486 1046 ducere
499 1005 642 1059 personam
660 991 786 1058 ignotam.
822 990 898 1044 Haec

92 1062 230 1133 „assertio
249 1063 414 1129 speculative
439 1062 546 1116 videtur
563 1061 742 1129 rationabilis;
770 1060 819 1116 sed
838 1075 898 1130 ego,

95 1133 284 1204 „experientia
302 1132 404 1202 doctus,
423 1134 470 1187 vix
488 1133 571 1188 semel
589 1139 635 1188 aut
652 1133 748 1187 iterum
761 1133 898 1201 permitte·

94 1220 172 1275 „rem
186 1219 287 1272 sponso
301 1204 334 1258 ad
356 1204 463 1259 domum
477 1218 592 1272 sponsae
607 1204 741 1271 accedere,
760 1204 804 1258 vel
818 1219 897 1272 spon·
944 1235 947 1241 ,

94 1291 161 1359 „sao
182 1282 229 1329 aut
246 1276 509 1360 parentibusuillum¹
527 1276 555 1328 in
571 1274 651 1330 domo
671 1275 809 1344 excipere3
834 1289 897 1359 raro

94 1347 898 1488 allstllafltlntttllttllltnalttlllt

94 1489 228 1560 „riculum
255 1489 388 1558 imminet,
422 1488 546 1542 advertat
573 1488 681 1543 sedulus
709 1487 897 1555 confessarius,

93 1559 187 1630 „quod
204 1575 341 1626 nunquam
360 1559 494 1615 crudelius
513 1575 542 1614 se
563 1566 638 1628 geret
657 1574 715 1613 cum
733 1559 897 1628 poenitente,

94 1646 195 1702 „quam
213 1630 353 1698 benignius
373 1631 486 1700 agendo,
505 1638 533 1685 et
550 1646 603 1698 quo
622 1632 751 1684 maiorem
770 1629 897 1685 serenta·

94 1709 169 1772 „tem
194 1700 346 1770 adhibebit,
374 1716 407 1757 eo
425 1703 520 1757 melius
547 1703 618 1757 illius
644 1701 724 1757 saluti
750 1700 897 1756 consulet.“

58 1787 63 1800 ‘
97 1773 152 1828 Gir.
171 1771 253 1827 Kbln.
272 1773 433 1828 Pastoralbl.
453 1789 477 1829 a.
497 1775 574 1828 1867.
594 1789 666 1830 num.
685 1775 709 1826 6.
725 1779 752 1826 et
766 1775 791 1828 7.

130 1843 211 1900 Unde
229 1843 356 1912 colligant
374 1843 545 1913 confessarii,
572 1843 705 1911 quomodo
723 1858 785 1899 sese
804 1855 898 1911 gerere

93 1914 213 1970 debeant
231 1929 296 1982 erga
307 1915 520 1970 adolescentulos
539 1922 567 1969 et
584 1916 696 1983 puellas,
723 1915 769 1982 qui
787 1913 833 1968 diu
850 1930 898 1968 no·

96 1993 176 2041 otuve
193 1986 250 2040 sine
269 1986 384 2042 testibus
396 1987 620 2055 periculosissime
635 1986 789 2041 conversari
802 1985 897 2040 solent.

130 2057 260 2112 Dimissio
279 2059 427 2113 occasionis
451 2058 533 2112 variis
550 2057 707 2125 plerumque
725 2055 898 2112 incommodis

96 2127 213 2183 obnoxia
233 2134 288 2196 est3
306 2144 332 2183 v.
346 2145 371 2196 g.
391 2129 414 2182 si
432 2127 532 2183 famula
550 2136 630 2182 exeat
648 2144 717 2183 anno
737 2129 897 2184 auctoratio·

94 2199 137 2254 nis
154 2214 210 2254 nou
227 2198 330 2269 elapso,
349 2199 482 2268 stipendio
495 2199 628 2268 promissa
641 2199 749 2268 carebit,
764 2200 843 2254 aliam
856 2201 897 2252 ia·
997 2215 1000 2224 ¹

95 2269 203 2339 miliom,
228 2271 271 2324 cui
289 2272 398 2339 serviat,
426 2286 481 2325 non
498 2271 625 2339 inveniet,
654 2277 774 2338 egestate
792 2270 898 2326 labora-

94 2340 149 2408 bit,
177 2347 223 2395 aut
241 2341 325 2409 ipsius
343 2341 417 2395 sama
433 2342 637 2411 periclitabitur.
672 2341 703 2394 ln
721 2341 764 2396 bis
782 2349 810 2396 et
827 2341 899 2396 sirni-

95 2410 166 2464 libus
187 2412 300 2481 casibus,
320 2413 343 2468 ri
361 2413 503 2480 poenitens
517 2427 631 2481 peccare
645 2412 757 2480 desinat,
777 2413 800 2468 si
818 2427 899 2480 quam

95 2480 194 2538 indolis
210 2481 364 2539 firmitatem
381 2484 482 2538 habere
500 2484 632 2552 videatur,
658 2482 776 2552 prudens
794 2481 898 2538 conice·

95 2553 184 2608 sanna
203 2555 320 2622 experiri
337 2555 440 2623 poterit
458 2555 574 2622 aliquam
592 2554 762 2622 dilationem,
791 2561 818 2608 et
836 2552 898 2608 inde

94 2625 220 2680 conficiet
239 2624 304 2692 quid
322 2628 357 2680 sit
375 2626 517 2694 agendum.
554 2626 583 2680 Si
601 2641 667 2680 vero
685 2627 789 2680 interea
806 2625 899 2692 lapsus

92 2696 233 2764 iterentur,
259 2703 322 2750 tunc
341 2696 464 2752 absolute
483 2697 643 2766 exigendum
663 2704 718 2764 est,
746 2704 777 2751 ut
794 2695 898 2750 occasio

94 2774 157 2822 ante
176 2766 372 2824 absolutionem
387 2767 545 2839 dimittatur,
563 2769 638 2824 iauta
655 2773 829 2837 pracceptum
843 2766 900 2820 Do·

92 2838 159 2894 mini
177 2837 251 2906 apud
269 2837 297 2896 S.
314 2838 411 2894 Mattb·
429 2841 455 2909 b,
473 2842 517 2894 29.
918 2838 922 2854 ¹

737 2921 810 2979 12**
