2138 3226
165 177 207 222 aot
421 179 479 220 omo
493 179 553 218 aas
566 163 719 219 nemean..

167 283 261 352 sancti,
280 288 410 350 quantum
428 281 488 337 lieri
500 287 598 350 potest,
617 280 783 348 accedentes,
801 280 830 334 in
843 280 969 336 omnibus

169 354 254 410 sancti
273 361 370 408 estote.
402 353 499 408 Sancta?
516 357 604 419 cotom,
623 353 689 421 qaia
707 367 753 421 epo
771 356 882 406 sanates
899 367 969 411 aum.

168 425 267 496 (Levit
285 425 321 493 2.)
358 425 452 495 Elepit
475 439 526 478 aaa
550 429 613 478 aate
629 424 727 477 maadi
743 424 969 491 omwtitaaa'oaem,

167 502 199 550 at
217 511 331 550 casemaa
348 498 438 550 sancti
450 500 475 549 ct
491 495 665 549 immaculati.
684 494 764 564 (Eph.
784 494 818 565 1.)
843 493 967 548 Mando·

167 569 245 635 mini,
264 568 312 636 qai
328 567 407 634 fortas
424 582 492 620 oasa
508 566 630 620 Domini.
648 564 710 634 (lsa.
729 564 782 635 52.)
815 566 972 620 Imitama'ae'

168 639 243 708 qaod
261 639 386 693 tractatis
405 637 513 708 (Pontii.
531 637 628 708 Rom),
646 637 685 691 ita
702 644 733 690 ut
750 636 783 690 de
801 651 966 704 unoquoque

167 717 288 764 vestrum
312 709 399 777 possit
425 709 493 763 haec
520 709 619 777 triplex
650 707 776 763 sanctitas
803 707 969 777 praedicari:

168 786 279 836 sannas
300 785 396 834 abacta
422 785 514 834 sacac
537 785 645 836 caecat
679 779 747 838 Post
770 785 884 834 mortem
911 794 968 834 non

169 851 249 907 datur
267 851 396 905 medium:
424 857 471 921 aut
497 850 623 907 sacerdos
641 857 757 919 sanctus,
776 857 823 904 aut
840 849 969 904 sacerdos

169 922 309 990 reprobus.
330 921 394 988 Quis
408 921 559 977 intellectus
573 929 664 991 potest
677 921 839 989 cogitatione
849 921 969 990 assequi,

169 1008 239 1062 quae
252 992 377 1047 facundia
391 994 521 1048 sermonis
542 993 632 1060 eloqui
643 994 712 1047 haec
725 992 778 1047 duo
791 993 969 1048 immensura-

170 1064 243 1134 bilia,
261 1063 448 1133 sacerdotium,
466 1063 641 1132 reprobatio?
666 1077 735 1131 quae
753 1079 821 1132 sors,
840 1063 913 1132 quod
930 1063 971 1117 ia·

170 1143 236 1203 tum,
261 1135 387 1188 sacerdos
409 1134 591 1204 reprobatas?
625 1133 813 1204 Ingrediuntur
838 1135 917 1189 electi
942 1142 972 1189 et

171 1205 341 1262 sacerdotum
364 1207 487 1262 manibus
512 1206 613 1275 expiati
640 1206 783 1261 coelestem
800 1207 923 1275 patriam,
943 1213 971 1260 et

171 1276 326 1332 sacerdotes
352 1277 451 1333 Christi
476 1293 527 1346 per
552 1279 635 1332 vitam
658 1277 801 1345 reprobam
819 1277 854 1330 ad
871 1275 970 1330 inferni

170 1348 303 1416 supplicia
316 1347 453 1407 festinant.
468 1349 508 1416 (S.
521 1349 600 1419 (incy.
609 1348 662 1416 M.)
677 1349 828 1416 Numquam
839 1356 867 1402 et
875 1347 971 1402 nullibi

170 1426 227 1475 tam
248 1419 386 1474 horrenda
411 1420 464 1474 Dei
491 1419 586 1475 offensi
612 1419 730 1474 vindicta
755 1419 846 1488 eluxit,
874 1425 902 1473 et
919 1433 970 1487 per

169 1490 300 1546 immensa
324 1491 490 1546 aeternitatis
525 1492 632 1546 saccula
663 1491 803 1558 elucescet,
835 1505 915 1559 qaam
939 1491 969 1546 in

171 1563 247 1617 coelo
272 1577 337 1631 erga
363 1562 482 1631 Angelos
504 1564 588 1618 malos
615 1577 629 1618 e
655 1576 705 1617 sua
722 1561 827 1616 sublimi
854 1560 919 1616 sede
941 1561 970 1615 in

170 1633 305 1702 profunda
327 1640 431 1689 tartara
449 1633 620 1702 deturbatos3
648 1648 727 1701 quam
751 1633 877 1688 interra
902 1647 971 1701 erga

171 1703 297 1760 dilectum
314 1705 366 1759 Dei
384 1705 483 1760 Filium
500 1713 556 1760 tam
569 1705 635 1774 dire,
654 1712 710 1760 tam
722 1703 866 1758 crudeliter
884 1703 970 1758 cruci·

171 1775 268 1845 fixum,
287 1791 367 1844 qnam
384 1777 413 1830 in
430 1776 541 1832 infernis
568 1791 633 1845 erga
657 1774 810 1830 sacerdotes
827 1774 970 1844 reprobos,

171 1854 227 1902 tarn
246 1848 358 1917 asperis,
377 1854 433 1902 tam
451 1847 592 1903 horrendis
611 1847 770 1902 cruciatibus
789 1846 919 1915 addictos,
938 1853 970 1902 ut

172 1917 206 1972 de
225 1933 387 1988 unoquoque
405 1919 492 1987 possit
511 1918 572 1988 dici,
596 1919 665 1974 daut
682 1917 716 1972 de
734 1917 806 1973 Jada
822 1917 973 1987 proditore,

171 1989 282 2044 Bonam
291 1995 349 2044 crat
358 1990 391 2057 ci,
399 1991 426 2044 ai
433 1995 516 2044 aetas
524 1989 768 2057 masaiaaetbotao
777 1989 830 2043 elle.
844 1989 974 2044 daemon

227 2145 320 2184 aserere,
334 2135 399 2174 labile
412 2134 547 2184 benedicere,
567 2134 669 2176 manibus
681 2136 764 2181 tenere,
779 2143 817 2182 cre
831 2132 922 2183 proprio
937 2143 973 2175 eu·

226 2212 285 2242 mera
299 2203 321 2240 et
334 2201 412 2240 ceteris
426 2201 565 2241 ministraret
593 2201 611 2241 0
629 2211 695 2251 qaam
714 2199 807 2240 mundae
825 2194 906 2240 debent
925 2211 974 2242 eeee

225 2268 285 2308 illiue
299 2276 384 2314 manue,
398 2276 463 2314 quam
476 2277 555 2316 puram
569 2277 602 2315 oe,
615 2276 679 2316 quam
688 2267 790 2306 sanctum
801 2275 888 2315 corpus,
905 2277 974 2316 quam

225 2329 391 2370 immaculatum
400 2339 438 2368 cor
455 2332 498 2370 erit
512 2331 638 2378 sacerdotia,
651 2329 679 2370 ad
692 2340 756 2379 qaam
769 2330 836 2370 toties
850 2331 974 2379 ingreditur

227 2399 305 2436 auctor
322 2396 438 2444 paritatlel
473 2397 507 2436 Ex
527 2408 565 2437 ore
582 2398 704 2437 sacerdotis
724 2396 780 2436 nihil
798 2397 841 2436 nial
863 2400 974 2448 senatum,

142 2499 144 2504 ,
227 2461 283 2501 nihil
295 2460 339 2500 niel
351 2461 469 2502 honeetum
490 2464 512 2502 et
526 2463 579 2503 utile
593 2462 709 2513 procedere
728 2461 791 2502 debet
813 2464 912 2514 verbam,
936 2465 975 2516 qul

227 2527 273 2565 tam
294 2535 359 2576 saepe
378 2526 461 2567 christi
481 2528 562 2577 accipit
581 2528 751 2570 Sacramentum.
786 2527 848 2567 Oculi
861 2529 908 2569 eiua
922 2531 974 2572 eim-

227 2591 295 2641 pllees
310 2594 331 2631 et
345 2593 425 2642 pudici,
445 2593 483 2642 qui
496 2593 578 2634 (ihrieti
595 2593 680 2643 Oorpue
698 2593 770 2633 solent
783 2594 875 2643 intueri;
894 2605 975 2638 manae

227 2667 296 2706 purae
310 2660 332 2696 et
345 2658 368 2697 ln
382 2659 466 2699 eoelum
480 2658 586 2708 elevatae,
610 2668 667 2709 quae
681 2658 806 2699 creatorem
820 2657 881 2697 coeii
894 2661 917 2700 et
929 2664 975 2702 ter·

228 2733 266 2762 rae
286 2723 358 2764 eolent
377 2727 521 2768 contrectare.
556 2723 711 2766 Sacerdotibus
734 2722 860 2772 specialiter
878 2724 902 2764 in
924 2727 974 2778 iege

226 2789 317 2830 dicitur:
344 2791 415 2832 liceat
432 2795 501 2841 atala
520 2794 617 2842 pesam
634 2803 671 2841 eae
690 2793 773 2830 eneam
786 2799 838 2838 eum,
861 2791 971 2846 Dominae,

226 2854 283 2896 Deae
295 2857 381 2902 πάθη*
410 2856 481 2908 (Inrit.
496 2857 580 2899 (lhrleti
594 2855 634 2901 Π.
648 2853 691 2906 11.)
