2130 3242
170 159 215 204 m
348 163 381 202 De
395 161 587 229 mutorum
599 162 796 204 admmnmnona

172 262 270 320 divinis
295 279 355 320 cum
386 264 509 332 personis
537 280 554 319 a
580 265 702 320 Romano
731 263 860 320 Pontifice
889 267 975 322 nomi·

171 335 255 390 natim
271 336 505 392 excommunicatis
523 343 551 390 et
563 336 638 405 ipsos
655 337 684 392 in
697 335 788 402 officiis
802 337 976 405 recipientes.

225 431 268 475 ΙΙΙ.
281 429 522 502 Exeommnnlcsttonos
536 432 596 496 letne
611 433 734 474 sententiae
744 431 859 482 Episcoplr
872 434 920 474 elva

444 485 566 526 Ordinnms
579 488 710 530 reservatae.

207 549 482 608 Excommunicationi
500 550 571 604 latae
590 551 737 604 sententiae
751 549 896 620 Episcopis
915 553 978 610 sive
1059 575 1060 580 ¹

123 656 125 661 .
172 617 321 677 ordinariis
339 629 494 678 reservatae
513 622 652 676 subiacere
671 620 851 678 declaramus:

210 697 235 748 1.
255 693 373 748 Clericus
390 693 418 747 in
431 691 520 746 Sacris
534 693 693 748 constitutos
711 693 914 762 velRegulares
928 703 979 752 sut

170 763 305 819 Moniales
318 771 382 832 post
394 769 487 818 votum
496 763 614 818 solemne
632 764 761 819 castitatis
776 765 977 822 matrimonium
1059 761 1060 786 ¹

63 875 65 878 -
173 835 333 890 contrahere
351 839 569 903 praesumentes;
594 849 645 888 nec
661 850 717 890 non
735 850 825 892 omnes
847 843 908 890 cum
928 839 977 892 ali-

60 923 64 932 ·
170 921 225 974 qna
242 921 277 960 ex
295 905 439 973 praedictis
454 905 578 974 personis
598 905 794 961 matrimonium
813 908 977 966 contrahere

88 994 104 1034 ¹,
168 982 380 1046 praesumentes.

206 1053 231 1102 2.
250 1047 430 1101 Procurantes
449 1046 580 1116 abortum,
600 1045 698 1102 effectu
714 1054 838 1117 sequuto.

200 1117 361 1201 Ι3,..Ῑΐίιῖειὶιε
374 1118 534 1187 apostolicis
552 1117 628 1174 falsis
646 1120 761 1176 scienter
779 1126 903 1191 utentes,
930 1121 976 1176 vel

113 1255 117 1264 ι
170 1204 272 1242 cnmnn
290 1204 324 1244 ea
341 1205 368 1242 m
386 1204 416 1244 re
436 1198 621 1259 cooperantes.
884 1204 887 1210 ·

196 1277 235 1327 IV.
256 1278 499 1336 Excommnnicationes
513 1279 571 1320 latae
581 1281 702 1320 sententiae
715 1281 798 1320 nemlnl
811 1284 947 1324 reservatae.

74 1399 75 1408 ,
205 1341 479 1399 Exeommunicationi
496 1344 567 1399 latae
593 1345 741 1400 sententiae
765 1346 866 1402 nemini
883 1363 973 1404 reser·
1059 1365 1060 1376 ¹

169 1419 249 1468 ratae
269 1415 407 1470 subiacere
425 1414 605 1470 declaramus:

208 1487 232 1541 1.
250 1484 411 1542 Mandantes
429 1502 478 1542 seu
491 1494 617 1554 cogentes
626 1486 697 1542 tradi
707 1487 916 1544 Ecclesiasticae
927 1489 975 1546 Se·

170 1555 296 1624 pulturae
314 1557 465 1616 haereticos
484 1557 604 1614 octonos
627 1565 675 1612 aut
691 1559 848 1614 nominatim
867 1575 974 1618 excom·

169 1628 318 1684 municatos
335 1628 380 1682 vel
396 1627 560 1684 interdictos.

204 1701 231 1758 2.
249 1698 401 1756 Laedentes
433 1707 479 1754 aut
510 1698 762 1768 perterrefacientes
785 1700 974 1772 Inquisitores,

170 1767 373 1840 denuntiantes,
400 1777 501 1839 testes,
531 1769 632 1826 aliosve
658 1772 793 1828 ministros
821 1772 850 1828 S.
879 1772 974 1843 Officii,

171 1841 263 1896 eiusve
289 1842 364 1896 Sacri
389 1841 542 1897 Tribunalis
568 1842 715 1910 scripturas
741 1842 906 1912 diripientes,
925 1853 975 1900 aut

170 1913 369 1982 comburentes,
402 1913 447 1967 'vel
473 1911 618 1981 praedictis
647 1913 809 1980 quibuslibet
834 1916 974 1986 auxidam,

169 1983 316 2054 consillum,
335 1982 455 2040 favorem
471 1990 650 2053 praestantes.

207 2053 407 2110 damnantes
426 2061 454 2110 et
470 2055 591 2123 recipere
609 2061 812 2124 praesumentes
837 2054 911 2111 bona
930 2073 972 2112 ec·

171 2123 321 2180 clesiastica
334 2126 434 2196 absque
451 2125 791 2196 beneplacitoApostolico‚
811 2126 846 2180 ad
858 2127 973 2183 formam
1059 2167 1060 2170 η

169 2194 378 2319 Ειῐὲῗνᾶςεηιὶε
411 2198 578 2252 Ambitioace
603 2195 636 2252 de
659 2197 716 2252 reb.
741 2213 795 2255 ecc.
822 2214 877 2254 non
908 2200 974 2254 alie·

169 2281 223 2319 nan
251 2283 272 2321 s.

205 2339 232 2392 4.
249 2337 423 2408 Negligentes
441 2339 498 2394 sire
517 2337 685 2406 culpabiliter
699 2338 851 2395 omittentes
869 2337 972 2394 denun-

169 2405 238 2461 tiare
256 2408 327 2462 infra
344 2411 478 2464 mensem¹
517 2409 702 2468 Confessamos
727 2411 783 2465 sive
802 2409 972 2482 Sacerdotes,

170 2492 187 2531 a
205 2479 301 2546 quibus
321 2479 455 2535 sollicitati
472 2410 571 2535 inerint
598 2479 632 2534 ad
654 2481 744 2549 turpia
761 2481 789 2536 in
807 2481 973 2550 quibuslibet

172 2549 278 2606 casibus
293 2552 427 2619 expressis
442 2550 645 2607 aPraedecess.
654 2552 761 2608 Nostris
771 2552 902 2621 Gregorio
912 2553 971 2610 XV.

170 2617 283 2676 Gonstit.
313 2623 438 2677 Uolucres·
453 2625 496 2677 20.
519 2623 635 2692 Augusti
657 2625 745 2696 1622,
772 2630 799 2678 et
822 2623 972 2682 Benedicta

184 2760 206 2810 l)
220 2763 392 2804 Denuntlctlone
405 2763 472 2815 tacu,
487 2766 555 2806 etiam
568 2765 629 2806 ultre
641 2771 751 2819 mensem,
761 2771 834 2810 emeat
848 2779 971 2810 excommu-

221 2828 311 2873 mondo.
