2146 3234
348 154 381 194 De
395 153 535 194 sacramento
549 153 692 198 Matrimonii.
879 149 920 194 598

121 269 235 326 perraro
253 255 379 322 occurrit)
397 269 447 323 per
464 255 605 310 Oratorem
627 252 759 324 eligendo,
777 271 832 310 non
849 255 919 312 suffi-

122 328 167 396 cit,
186 333 217 381 nt
235 325 413 382 confessarius
432 327 467 381 sit
484 325 587 396 doctus,
612 333 659 380 aut
675 326 846 396 theologiam,
871 343 920 382 seu

120 399 164 454 ius
182 398 338 454 canonicum
357 397 460 466 doceat,
485 396 533 452 sed
558 403 672 466 oportet,
697 403 728 451 ut
749 397 784 451 ad
808 397 920 466 gradum

121 469 249 524 Doctoris
267 475 410 537 provectus
429 469 472 524 sit.
509 468 538 522 Si
555 469 637 536 igitur
660 469 801 536 poenitens
819 469 918 524 Docto·

122 555 179 595 rem
194 539 269 594 adire
278 539 352 610 nolit,
371 555 483 609 poscere
498 538 578 594 debet
584 540 726 594 'clausulae
737 540 918 594 mutationem.

123 611 152 668 si
170 610 319 679 dirigantur¹
337 611 371 665 ad
390 610 581 666 confessarium
598 625 648 678 per
662 611 802 666 Oratorem
821 611 889 679 elige

123 681 194 751 dum,
212 697 296 751 penes
316 697 376 738 eum
395 689 444 751 est,
463 697 542 750 quem
559 683 613 750 ipsi
630 683 746 752 libuerit,
765 682 872 752 eligere,
892 698 906 737 e

122 754 146 810 ai
172 753 352 809 confessarius
379 754 493 822 primum
518 754 618 808 electus
641 762 765 823 nequeat,
790 760 837 808 aut
853 742 932 809 nolitx

122 825 228 880 litteras
247 825 365 893 exsequi,
392 831 483 892 potest
507 825 587 879 alium
611 825 685 879 adire
711 841 745 879 ex
763 825 919 893 approbatis

121 896 150 950 in
167 896 293 951 Dioecesi
320 911 369 963 pro
394 895 539 950 earundem
568 897 748 952 exsecutione.
784 897 844 951 Hoc
870 911 920 964 per

121 973 209 1022 totum
239 967 332 1022 urbem
360 967 463 1022 servari
488 973 603 1023 testatur
629 968 748 1036 Pyrrhus
776 966 918 1024 Corradus.

123 1037 310 1094 Oonfeesarius
327 1045 438 1092 narrata
450 1038 478 1091 in
491 1038 587 1094 litteris
606 1038 812 1107 dispensationis
826 1044 919 1094 exacte

122 1109 248 1178 inspiciat
265 1116 293 1163 et
310 1109 361 1163 rite
380 1109 521 1178 examinet,
531 1109 549 1178 1)
573 1116 604 1164 nt
632 1109 727 1164 deinde
752 1112 780 1164 in
799 1117 860 1164 actu
878 1125 919 1165 sa·

124 1180 293 1236 eramentalis
317 1179 498 1235 Contentionis
521 1196 580 1234 cum
608 1179 722 1236 Oratore
745 1183 922 1250 interrogato·

122 1252 194 1306 rium
211 1252 263 1306 rite
280 1251 420 1306 instituere
439 1258 466 1306 et
477 1267 533 1319 pro
551 1266 640 1305 rerum
664 1259 762 1307 eventu
786 1253 923 1322 dispensa·

124 1323 227 1378 tionem
244 1323 295 1378 rite
313 1324 399 1390 possit
418 1322 582 1377 exsecutioni
599 1322 735 1377 mandare.

161 1393 247 1460 Quem
264 1395 292 1448 in
309 1391 389 1448 finem
408 1409 443 1447 ex
461 1393 493 1448 P.
513 1392 628 1447 Tiburtii
648 1393 748 1448 Novar.
773 1395 835 1449 olim
854 1395 923 1448 Poe-

123 1464 272 1520 nitentiarii
288 1466 316 1518 in
329 1465 445 1520 Basilica
453 1463 630 1518 Lateroncnsi
641 1465 731 1519 libello
741 1465 924 1519 Maaudactto

124 1535 164 1590 ad
176 1537 290 1604 prosim
308 1537 486 1590 metationis
504 1536 654 1589 litterarum
671 1551 765 1590 samue
782 1536 924 1590 Poenicae

124 1609 225 1662 ticrc'ae
243 1607 354 1674 aliisque
377 1607 499 1675 probatis
524 1606 676 1662 auctoribus
704 1606 788 1660 adieci
814 1607 924 1661 brevem

125 1678 328 1734 instructionem
346 1677 380 1732 de
398 1692 479 1734 seusu
494 1677 679 1747 clausularum,
698 1691 767 1746 quae
787 1678 815 1731 in
827 1677 924 1732 litteris

124 1749 288 1817 Apostolicis
306 1749 434 1804 obvenire
451 1748 547 1804 solent.

163 1819 244 1874 1·Si
262 1821 314 1874 ita
332 1826 401 1889 est,
419 1835 516 1888 nempe
542 1819 565 1875 si
589 1834 656 1873 vera
680 1820 734 1874 sint
759 1824 876 1887 narrata,
901 1818 925 1873 ei

123 1890 342 1958 impedimentum
360 1891 395 1946 sit
413 1891 553 1960 occultum,
571 1889 803 1946 siMatrimcnium
814 1890 843 1943 in
855 1888 924 1944 facie

125 1963 255 2017 ecclesiae
274 1963 309 2018 sit
326 1969 499 2031 econamum,
524 1962 548 2017 si
574 1977 608 2016 ex
626 1962 795 2030 separatione
814 1959 924 2016 scanda-

124 2033 180 2088 lum
198 2040 334 2102 sequatur,
353 2034 377 2089 si
396 2033 468 2088 aliud
487 2049 541 2088 non
559 2033 656 2102 obstet,
682 2033 705 2088 si
723 2033 843 2088 rationes
860 2033 924 2087 alla·

125 2110 170 2160 tae
190 2105 244 2160 sint
262 2105 403 2174 genuinae,
433 2105 457 2160 si
473 2111 566 2159 'causa
582 2103 697 2174 finalis2)
723 2103 866 2172 subsistat,
890 2102 924 2157 de

139 2235 159 2289 1)
174 2239 296 2278 Advertens
317 2237 340 2276 in
361 2237 461 2276 examine
480 2247 575 2275 errorem
594 2235 735 2276 commissum
756 2237 814 2276 circa
836 2247 925 2276 cansam

177 2302 265 2342 finalem
279 2303 313 2342 vel
328 2301 475 2346 conditloncm
489 2302 645 2350 necessariam,
666 2302 737 2340 denuo
756 2311 869 2340 recurrere
888 2301 925 2340 de·

178 2369 216 2410 bet
230 2369 258 2410 ad
272 2369 294 2412 Β.
309 2369 431 2412 Poenltent
445 2378 503 2418 resp.
519 2368 566 2409 Via.
579 2367 631 2411 Gen.
645 2378 686 2416 pre
699 2368 824 2408 obtinendis
836 2367 925 2415 littaris,

180 2445 234 2483 quas
248 2438 329 2474 vocant
340 2434 429 2485 perinde
448 2433 524 2472 colera.
550 2453 573 2462 ·-
598 2431 677 2472 Vallda
697 2434 731 2472 est
749 2433 892 2482 dispensatio,
905 2432 926 2472 sl

182 2511 244 2540 error
256 2501 393 2540 inveniretur
406 2499 429 2539 ln
438 2497 547 2548 rescripto
558 2499 677 2547 Pontlticte,
691 2500 746 2547 puta
755 2509 782 2538 ex
792 2499 856 2548 culpa
866 2510 925 2539 ama·

180 2567 278 2606 nuensls.
299 2567 355 2608 Item
370 2566 388 2606 si
402 2567 425 2606 in
440 2565 545 2614 petitione
560 2576 587 2605 ex
601 2575 674 2604 errore
688 2566 774 2614 positus
789 2565 869 2605 sulsset
881 2568 925 2604 ter·

180 2633 226 2672 tius
240 2633 322 2682 graden
336 2643 376 2682 pro
391 2633 477 2682 quarto,
493 2632 545 2680 qula
554 2631 688 2682 dispensatio
702 2632 725 2672 ia
738 2632 816 2671 maiori
829 2633 927 2672 continet

179 2697 364 2746 dispensationem
374 2699 397 2737 ta
406 2697 484 2738 minori
493 2697 589 2737 eiusdem
599 2697 687 2746 speciei.
711 2697 744 2744 (P.
759 2696 815 2748 (lurp
829 2709 850 2738 a.
864 2696 925 2740 1552.

181 2762 214 2802 ed.
228 2760 250 2804 2.
266 2761 356 2809 Batiai.)
897 2755 899 2757 ’

141 2824 163 2877 ²)
178 2826 202 2866 Sl
216 2837 284 2868 causa
297 2827 467 2876 dlspenaatlonls
482 2829 553 2867 cessat
573 2828 690 2876 antequam
711 2826 844 2876 dispensatio
862 2835 927 2876 expe·
