2152 3234
174 191 214 235 556
348 195 380 235 Do
395 195 584 235 sacramentorum
598 195 793 238 administratione.

173 295 413 364 promulgationem
442 294 502 350 fieri
528 295 614 350 voluit
638 297 666 350 in
691 296 802 365 singulis
826 296 977 364 parochiis.

174 368 249 422 Haec
268 374 356 421 autem
374 367 553 436 promulgatio
567 367 639 421 facta
648 368 835 437 praesumitur,
855 368 978 422 ubicum-

175 453 227 506 que
246 437 381 493 decrctum
399 437 465 492 illud
483 455 534 492 usu
551 445 689 506 receptum
708 445 757 494 est.
785 439 828 493 Ita
845 438 922 494 iussu
935 440 979 494 Pii

174 511 221 566 VI.
240 510 403 584 declaratum
420 509 558 577 Episcopo
582 510 743 564 Lucionensi
769 509 812 564 die
830 511 873 564 28.
893 510 978 567 Mart.

174 584 269 650 1793.;
300 581 380 648 idque
409 580 580 634 conformiter
605 579 639 634 ad
661 581 853 636 resolutionem
882 596 977 636 sacrae

175 651 395 722 congregationis
416 651 526 706 Concilii
545 651 570 705 d.
590 651 616 708 d.
634 655 678 706 26.
698 652 771 719 Sept.
793 653 881 719 1602,
905 667 976 720 quae

175 724 213 778 sic
234 729 327 778 sonat:
345 723 499 777 Publicotio
512 725 708 790 praesumitur,
726 723 775 777 abi
791 723 822 776 id
841 723 978 778 demetam

172 795 229 862 fait
247 795 339 864 aliquo
357 800 474 862 tempore
491 795 520 848 irc
537 795 670 862 parochia
687 800 818 863 tamquam
842 794 978 849 decretam

176 864 291 920 Ooocilii
308 866 482 920 obsecratum.
520 867 550 917 ln
569 865 628 919 aliis
645 881 711 920 vero
730 863 804 934 locis,
832 865 879 920 ubi
898 881 977 934 prae·

174 936 259 990 fatum
277 935 412 991 decretum
430 952 480 990 nec
497 936 669 1005 publicatum,
694 953 743 991 nec
768 953 820 990 usu
837 942 977 1005 receptum

176 1014 225 1075 cst,
250 1007 340 1061 valida
358 1005 445 1061 adhuc
469 1015 531 1062 sunt
548 1007 719 1062 Matrimonia
737 1007 904 1062 clandestina
921 1015 977 1062 tarn

174 1078 374 1147 catholicorum,
394 1094 473 1144 quam
491 1079 694 1132 haereticorum.
733 1079 878 1145 (Analecta
906 1080 976 1134 iuria

175 1149 314 1216 Pontificii
331 1165 356 1202 a.
375 1152 461 1218 1853,
480 1150 529 1203 col.
549 1153 645 1217 1066.‚·
669 1149 715 1204 cir.
734 1150 874 1205 Benedici.
894 1151 976 1208 XIV.

128 1226 132 1236 '
175 1219 208 1274 da
227 1219 292 1289 Spa.
312 1219 394 1275 dioec.
414 1221 458 1275 leh.
476 1224 519 1274 12.
539 1237 598 1288 cop.
618 1224 642 1274 5.
661 1239 688 1275 rr.
709 1224 745 1289 6.)

210 1290 275 1345 Cum
294 1293 365 1345 circa
382 1292 434 1346 hoc
452 1291 563 1346 Concilii
577 1291 726 1346 Tridentini
744 1293 882 1346 decretum
899 1293 976 1348 varia

174 1361 287 1418 dirersis
310 1363 476 1431 temporibus
504 1370 599 1418 exorta
628 1361 727 1418 iruerint
752 1363 841 1432 dubia,
870 1363 920 1418 abs
942 1378 971 1418 re

172 1449 226 1488 non
245 1435 303 1504 erit,
321 1435 466 1503 praecipua
483 1434 527 1488 hic
543 1449 692 1505 recensere,
716 1435 863 1504 paucisque
891 1434 975 1490 resol-

172 1520 245 1560 vere.

209 1578 246 1631 1⁰.
267 1576 334 1648 Quis
351 1575 497 1631 censendus
514 1578 551 1631 sit
562 1577 701 1645 parochus
713 1575 869 1646 proprius?

210 1647 291 1718 Resp.
310 1649 364 1702 Per
380 1648 526 1716 parochum
540 1649 677 1718 proprium
690 1648 847 1715 intelligitur
859 1647 914 1718 ille,
930 1647 975 1716 qui

178 1721 304 1788 proprius
322 1720 433 1774 alicuius
457 1733 590 1787 personae
607 1720 749 1788 parochus,
774 1734 824 1774 seu
849 1719 976 1775 sacerdos

179 1799 303 1846 censetur
320 1807 370 1860 pro
389 1790 579 1846 Communione
592 1790 727 1860 paschali3
745 1790 888 1859 parochus,
907 1791 976 1846 scili·
1060 1801 1061 1821 ¹

179 1870 222 1916 cet
240 1861 372 1931 domicilii,
392 1868 439 1916 aut
457 1862 679 1929 quasi-domicilii,
690 1863 708 1932 ¹)
733 1861 814 1928 idque
840 1862 899 1916 sive
916 1861 976 1930 viri,

178 1933 235 1987 siva
253 1934 371 1988 mulieris
391 1933 431 1999 (S.
452 1932 480 1988 0.
501 1933 529 1988 0.
547 1937 589 1988 16.
607 1933 688 1990 Febr.
707 1935 812 1999 1595.)‚·
830 1932 976 1987 Concilium
1057 1937 1060 1970 l

179 2003 248 2056 enim
266 2005 336 2058 circa
354 2005 405 2059 hoc
422 2005 488 2058 nihil
506 2003 699 2072 determinavit,
723 2004 763 2058 uti
779 2018 830 2058 nec
849 2004 921 2058 circa
938 2003 976 2059 lo·

179 2089 252 2142 cum,
270 2075 340 2130 unde
358 2074 476 2129 validum
494 2076 545 2130 erit
562 2075 768 2145 Matrimonium,
786 2073 866 2130 modo
885 2091 977 2130 coram

178 2145 332 2201 altemtrius
351 2147 443 2214 sponsi
460 2147 578 2215 parocho
593 2147 773 2214 contrahatur,
792 2146 849 2200 sire
867 2146 896 2199 in
914 2161 976 2214 pro-

177 2216 238 2283 pria
255 2218 391 2286 parochia,
411 2219 467 2272 sive
487 2219 558 2272 alibi.
584 2217 625 2284 (S.
644 2217 671 2274 0.
686 2217 714 2272 0.
729 2221 771 2271 16.
785 2217 867 2274 Febr.
885 2219 978 2285 1595„-

178 2285 224 2340 cir.
243 2285 409 2342 Lambertini
426 2290 515 2344 Iustit.
534 2292 589 2357 33.)

212 2358 283 2411 Dum
302 2361 489 2415 contrahentes
512 2361 541 2414 in
560 2360 673 2415 dirersis
691 2359 826 2428 parochiis
844 2358 976 2428 habitant,

177 2442 226 2482 seu
245 2428 413 2499 domicilium,
431 2432 474 2486 rel
493 2431 741 2498 quasi-domicilium
763 2431 872 2499 habent,
896 2446 977 2498 paro·

193 2539 212 2588 ¹)
229 2544 356 2591 Aequirltur
369 2545 456 2592 quidem
475 2546 681 2594 quui-domicilium
700 2547 776 2586 statim
793 2545 822 2586 ab
835 2545 899 2584 initio
914 2545 977 2584 habl-

229 2609 321 2646 tatlools
331 2608 378 2648 sola
392 2609 513 2650 intentione
528 2613 654 2650 rarnnnendi
668 2612 748 2651 alicubi
762 2623 802 2660 per
811 2615 898 2660 tempu·
913 2613 978 2650 noia·

229 2673 285 2721 hlle;
306 2677 403 2713 attamen
423 2687 493 2716 novus
507 2679 616 2726 parochus
631 2689 725 2727 sponsos
744 2679 876 2726 coniungere
890 2678 977 2728 nequit,

229 2743 347 2788 antequam
361 2751 480 2788 perunum
495 2744 574 2782 saltem
588 2756 683 2784 nueosem
702 2746 725 2784 ln
740 2755 781 2784 sna
794 2743 901 2794 parochia
913 2743 978 2784 habl-

230 2806 334 2844 tnrrrlnt.
350 2825 375 2834 -
390 2807 479 2852 (Bened.
493 2809 551 2851 ΧΠ,
564 2811 587 2848 ln
601 2811 693 2853 constit.
721 2811 798 2850 l'aucie
811 2811 886 2850 attice
899 2809 976 2850 tetdo·

229 2870 342 2919 moditor.)

929 2955 938 2988 i
