2146 3234
335 219 367 259 De
381 221 522 260 sacramento
535 219 677 260 Matrimonii.
867 217 908 260 615

101 374 102 378 ,
163 341 200 388 12.
220 343 296 389 Ritus
311 343 461 390 celebrandi
475 345 634 392 Matrimonii
648 346 851 392 Sacramentum.

395 438 439 488 (iix
452 440 497 479 Bit.
511 439 627 487 Romano)

149 535 174 588 1.
193 531 334 590 Paradene
350 531 559 586 Matrimonium
576 531 764 598 celebratanrs,
785 530 908 600 pattica-

110 603 230 658 tioneiins
245 603 328 670 factis
345 603 432 658 tribas
455 603 548 658 diebos
569 604 661 671 festis,
688 607 720 656 nt
742 602 908 670 dictumest,

109 675 136 729 si
151 674 256 728 nnllam
274 675 356 729 obsta
374 675 520 745 lepitimnm
537 674 763 744 impedimentum,
781 675 812 727 in
830 675 907 728 eccie-

108 747 152 800 sia
165 745 356 814 'superpelliceo
375 751 400 800 et
418 747 481 800 alba
494 747 565 800 stota
577 746 698 812 indutas,
717 745 838 799 adnibito
852 761 908 798 nno

109 816 204 871 saitem
222 817 316 871 elerico
343 817 533 886 superpelliceo
546 819 655 886 pariter
672 816 782 885 indata,
810 817 858 884 qni
876 817 906 869 ii·

110 887 187 942 tram
205 893 230 942 et
247 903 296 942 vas
319 904 407 957 aqnae
431 889 583 943 benedictae
610 905 670 943 cnm
694 889 845 956 aspersorio
864 887 908 941 de-

108 959 196 1028 ferat,
225 975 316 1013 eoram
333 960 420 1014 triens
437 965 486 1014 aat
503 960 609 1014 dnobus
626 959 747 1026 testatas,
777 959 865 1013 viram
884 963 909 1013 et

110 1031 255 1100 mutierem,
275 1045 342 1099 qnos
354 1037 501 1099 parentam
512 1033 554 1086 aei
568 1033 786 1100 propinpnornm
796 1045 908 1084 saornne

105 1103 265 1170 praesentia
283 1101 451 1156 cohonestari
468 1102 548 1169 decet,
569 1101 602 1156 de
619 1118 749 1156 consensa
765 1103 796 1155 in
808 1101 908 1155 Matri·

109 1174 230 1227 moniam
256 1173 400 1242 interropet
426 1177 568 1242 atramque
595 1173 753 1243 sinpdiatim
779 1174 810 1226 in
836 1173 908 1227 Inane

109 1243 219 1298 modam
236 1243 345 1312 palpari
360 1258 494 1297 sermone:

145 1314 179 1370 N.
197 1314 239 1368 vis
266 1314 387 1381 accipere
405 1313 439 1367 N.
456 1314 499 1367 hic
523 1320 695 1381 praesentem
719 1314 747 1367 in
771 1322 845 1368 tuam
869 1314 907 1368 le-

108 1384 228 1507 gitinpm
247 1399 358 1438 uxorem
375 1384 450 1438 iuxta
475 1384 555 1439 ritum
582 1390 689 1438 sauctae
713 1385 806 1440 matris
825 1386 908 1440 eccle·

108 1468 164 1510 erae

144 1523 318 1592 mordeat
334 1539 465 1592 spernas:
482 1525 561 1582 Volo.

145 1598 170 1650 2.
189 1595 260 1649 Mon
277 1595 402 1649 sacerdos
420 1611 547 1664 sponsam
564 1595 719 1664 interropet:
739 1593 774 1650 N.
783 1594 825 1648 vis
839 1595 906 1648 acci·

7 1689 12 1704 ¹
107 1679 174 1735 pere
192 1666 227 1722 N.
245 1666 289 1720 hie
302 1674 471 1734 praesentem
488 1667 515 1721 in
534 1673 609 1721 tuum
621 1666 768 1734 legitimum
784 1665 908 1719 maritum

7 1799 8 1804 η
107 1737 185 1792 iuxta
201 1737 282 1792 ritum
300 1745 408 1792 sanetae
426 1738 518 1793 matris
538 1737 687 1792 ecclesiae?

143 1808 332 1878 Respondeat:
349 1809 426 1863 Volo.

145 1881 205 1935 Nec
222 1880 323 1947 suspicit
341 1895 483 1934 consensns
498 1881 598 1947 anins;
621 1878 668 1933 sed
686 1877 761 1932 debet
778 1892 833 1932 esse
850 1893 906 1930 am·

108 1951 213 2019 boram,
232 1957 257 2006 et
275 1967 415 2020 ecpressm
433 1952 525 2020 aiipno
543 1952 619 2021 sipno
637 1949 763 2016 seomidi,
786 1949 841 2002 sive
858 1948 908 2015 fiat

103 2039 157 2093 per
174 2039 216 2092 se,
243 2024 299 2077 sine
313 2038 365 2092 per
378 2028 591 2091 procuratorem.
627 2021 727 2075 Mntno
744 2021 829 2090 ipitar
846 2035 907 2074 con-

109 2094 275 2149 trahentium
294 2109 424 2148 consensa
441 2095 587 2162 intellecto,
614 2092 739 2147 sacerdos
756 2091 847 2145 intent
864 2106 909 2145 eos

105 2166 219 2220 invicem
236 2167 346 2235 inopere
364 2165 495 2235 desinas,
515 2165 621 2219 dicens:
780 2165 783 2174 ¹

141 2236 202 2305 Ego
227 2237 358 2305 coniunge
384 2253 433 2292 vos
457 2237 486 2290 in
508 2235 714 2290 Matrimonium.
751 2234 783 2288 In
801 2232 907 2288 nomine

108 2307 198 2363 Putris
215 2309 242 2378 †,
268 2315 296 2363 et
312 2307 383 2376 Filii,
410 2316 437 2362 et
463 2307 577 2376 Spiritus
605 2307 698 2362 suncti.
725 2305 820 2359 Amen.
861 2303 908 2358 Vei

108 2379 171 2432 aliis
195 2385 289 2434 ntatnr
318 2379 405 2433 nabis
435 2380 514 2433 insta
538 2383 671 2447 receptam
698 2377 909 2444 aninseninspne

103 2451 264 2518 provinciae
280 2452 379 2517 n'tnm;
398 2455 495 2519 postea
519 2465 563 2504 eos
586 2453 712 2519 osperpot
736 2463 811 2517 apna
833 2447 908 2501 bene·

108 2519 198 2588 dida,-
214 2537 277 2576 mon
294 2522 432 2576 benedicat
450 2521 589 2576 annnam.
598 2521 620 2588 ¹)

123 2692 144 2742 ¹]
160 2695 259 2734 Annulus
273 2695 339 2735 etiam
357 2707 397 2746 pro
412 2696 513 2736 secundis
532 2696 615 2746 nuptiis
634 2694 777 2734 benedicitur.
801 2692 826 2742 (S
845 2693 870 2736 B.
885 2691 907 2732 0.

162 2759 198 2801 27.
212 2763 267 2812 Ana.
282 2761 354 2811 1886.)
366 2783 388 2792 -
401 2763 493 2810 Quando
507 2764 582 2812 plures
591 2761 656 2802 simul
665 2761 802 2811 copulantur,
817 2761 907 2807 eccepto

163 2827 259 2876 primum
272 2827 409 2876 singulorum
420 2839 527 2868 consensu
541 2832 563 2867 et
576 2827 619 2866 rite
629 2826 745 2865 celebratis
760 2823 852 2873 singulis
862 2823 909 2862 Mu·

162 2893 288 2941 trimanus,
308 2894 409 2943 dictuque
423 2905 464 2944 pro
483 2894 576 2944 singuiis
590 2903 604 2932 a
617 2891 714 2942 parocho
731 2891 803 2930 forma
816 2889 861 2939 Bao
875 2899 910 2926 aas
