2152 3234
322 201 355 240 De
368 200 510 246 §aemio
523 199 665 244 munuli.
852 201 897 246 est

58 301 183 372 'possit
205 299 277 356 idam
308 300 398 357 Maior
421 302 663 371 Poenitentiarius‚
691 303 715 359 si
740 305 836 373 copula
858 307 894 362 sii

97 371 184 428 adhue
203 379 321 440 secreta,
348 370 500 428 huiusmodi
518 373 758 444 dispensationem,
786 391 833 432 seu
850 392 893 432 re·

96 443 215 513 spective
232 443 451 500 revalidationem
469 445 497 499 iu
514 445 574 500 foro
593 445 770 502 conscientiae
789 453 893 503 tautum

97 513 261 583 concedere;
275 514 354 584 lacta,
369 514 474 582 quando
485 517 573 584 agitur
586 515 619 570 de
632 517 718 584 primo
729 522 757 571 et
767 517 892 588 secundo,

95 585 377 644 velsecuadotantum
439 586 482 655 du,
501 588 893 656 compositionequinquaginta

96 655 251 712 ducatorum
265 657 324 712 auri
338 657 370 712 de
408 673 498 712 amera
512 657 547 712 ad
559 659 699 714 Datariam
711 661 892 715 transmitten-

96 727 205 796 dorum,
230 727 264 782 ad
283 727 406 784 effectum
431 731 470 798 (ut
487 730 637 785 inconcussi
654 731 735 785 moris
754 731 804 800 est)
832 745 892 786 cro·

94 798 175 925 ffindi
198 799 226 852 in
251 799 446 869 eleemosynas3
473 801 524 856 nisi
553 801 628 870 prior
657 801 743 869 gratia
766 801 892 870 expedita

125 871 190 926 'sset
213 869 242 924 in
266 870 353 925 forma
369 886 532 940 pauperum:
556 887 609 939 quo
638 887 702 926 casu
726 872 806 928 etiam
823 873 891 928 haee

93 942 181 1041 gratia
198 941 319 996 similiter
344 943 445 1010 absque
469 942 525 996 uilla
549 943 741 1012 compositione
766 944 891 1012 expedia·

130 1083 173 1153 „§.
192 1085 236 1138 42.
273 1082 366 1150 siqui
383 1097 448 1138 vero
467 1083 603 1153 Oratores,
628 1085 737 1140 obtenta
754 1084 891 1154 dispensa·

94 1154 168 1209 tione
194 1153 341 1208 aDataria
365 1169 446 1223 super
470 1155 659 1224 impedimento
682 1156 775 1225 primi,
804 1163 831 1212 et
848 1172 891 1216 se·

94 1225 189 1294 eundi,
216 1226 273 1281 sive
300 1225 409 1280 secundi
434 1225 571 1282 dumtaxat
588 1225 687 1294 medus
705 1228 890 1296 consanguini-

94 1297 167 1366 tatis,
187 1295 236 1351 seir
253 1295 389 1352 affinitatis
408 1313 467 1352 cum
484 1299 655 1366 expressione
674 1298 781 1364 quidem
798 1315 890 1353 carna·

93 1367 127 1422 lis
141 1367 262 1436 copulae,
284 1367 332 1422 sed
345 1368 427 1422 tacita
441 1369 544 1424 occulta
557 1375 586 1422 et
598 1363 731 1426 malitiosa
743 1369 890 1426 intentione

92 1438 121 1492 in
133 1439 199 1506 ,ipsa
212 1439 309 1507 copula
322 1439 415 1493 habita
432 1438 467 1493 ad
481 1439 586 1494 facilius
600 1439 769 1494 obtinendam
784 1440 890 1508 dispeu-

93 1510 232 1577 sationem,
249 1526 299 1577 pro
312 1510 504 1564 resolidatione
519 1509 671 1566 huiusmodi
684 1510 890 1578 dispensationis

92 1579 244 1636 addictam
268 1581 504 1637 Poenitentiariam
525 1588 679 1649 recurrant,
707 1582 793 1649 possit
819 1581 889 1636 idem

91 1651 183 1706 Maior
200 1652 423 1708 Poenitentiarius
452 1652 568 1720 desuper
594 1653 715 1707 absolute
733 1652 889 1719 dispensare

94 1737 156 1776 cum
173 1723 368 1778 miserabilibus
395 1725 517 1791 personis
544 1724 666 1792 explicite
691 1722 889 1793 affirmantibus,

93 1808 132 1860 se,
151 1794 191 1847 uti
208 1795 285 1864 tales,
304 1801 331 1849 et
344 1795 393 1849 s'ub
407 1795 454 1848 illa
467 1810 595 1862 expressa
607 1794 744 1863 qualitate,
763 1802 791 1849 et
802 1793 889 1850 forma

93 1863 293 1934 miserabilium,
318 1864 531 1934 dispensationes
559 1881 575 1920 a
596 1865 709 1920 Dataria
733 1865 889 1923 obtinuisse.

93 1935 161 1990 Cum
179 1936 213 1990 iis
230 1952 304 2004 vero,
332 1937 378 2004 qui
394 1953 449 1991 non
470 1945 597 2004 tanquam
614 1951 756 2005 pauperes,
784 1936 832 1990 sed
850 1935 889 1992 uti

91 2021 126 2061 ex
144 2007 266 2062 honestis
283 2007 398 2076 familiis,
424 2009 480 2062 sive
503 2009 543 2062 uti
560 2007 671 2076 nobiles,
699 2007 755 2061 sive
773 2008 812 2062 uti
829 2007 888 2062 illu·

88 2083 171 2147 stres,
191 2079 225 2132 ab
245 2078 338 2132 eadem
351 2079 464 2133 Dataria
482 2079 603 2134 similiter
621 2077 766 2146 dispensati
780 2077 894 2148 fuerint,-

89 2165 145 2203 uon
165 2148 310 2219 dispenset,
328 2150 380 2205 nisi
394 2151 481 2204 soluta
499 2150 574 2218 prius
592 2150 620 2203 in
632 2149 754 2216 Dataria,
772 2149 807 2202 ad
825 2148 888 2204 effe-

88 2226 161 2274 ctum
170 2221 273 2287 pariter
282 2220 410 2289 erogandi
418 2221 447 2274 iu
459 2221 648 2289 eleemosynas,
662 2225 726 2273 taxa
738 2219 889 2276 definienda

87 2290 200 2345 arbitrio
219 2291 337 2347 eiusdem
351 2291 462 2346 Maioris
476 2291 685 2359 Poeniteutiarii,
703 2291 823 2358 pensatis
838 2291 887 2346 cir-

88 2361 255 2416 cumstantiis
274 2363 462 2429 cuiuscumque
487 2379 573 2431 casus,
602 2368 629 2416 et
652 2369 777 2428 respectu
795 2361 887 2416 habito

88 2430 124 2484 ad
141 2432 334 2499 praeiudicium
352 2433 567 2501 componendae,
600 2439 628 2486 et
645 2431 679 2485 ad
697 2432 769 2487 vires
787 2431 887 2500 suppli·

89 2503 214 2558 cautium.
245 2504 274 2559 Si
291 2513 381 2558 tamen
398 2505 443 2558 isti
456 2519 590 2572 pauperes
609 2509 699 2558 essent
715 2503 761 2570 ita,
780 2509 810 2557 ut
822 2517 887 2558 vere

86 2579 115 2626 et
131 2573 242 2628 realiter
259 2576 392 2644 integram
410 2591 537 2630 summam
555 2581 681 2641 taxatam,
708 2574 752 2626 vel
771 2573 887 2640 aliquam

87 2643 146 2698 eius
164 2651 268 2710 partem
286 2647 391 2702 solvere
414 2662 469 2700 non
493 2653 617 2714 possent,
643 2643 781 2712 praefatus
798 2644 892 2698 Maior

85 2713 314 2772 Paenitentiarius
342 2724 492 2786 opportune
517 2717 545 2770 in
571 2717 624 2770 hoc
650 2731 714 2770 casu
738 2714 891 2784 provideat,

82 2784 159 2912 gasto
173 2787 309 2886 verbo,‘si
322 2788 466 2857 peculiaris
480 2787 619 2844 difficultas
637 2785 666 2840 id
678 2786 804 2856 postulet,
827 2802 889 2840 cum

103 2857 285 2912 unctissimo.‘
886 2885 892 2897 =

724 2951 797 3008 161*
