2138 3226
161 143 202 186 288
410 145 488 186 Preces
504 155 544 206 pro
558 145 714 188 sacerdotibus.

164 255 228 316 tem,
246 247 409 302 consolotn'x
427 246 583 303 afflictorum
593 253 620 302 et
633 248 706 304 solus
719 245 891 317 infirmorum,
909 265 966 304 una

165 334 225 374 cum
244 333 343 386 sponso
361 325 417 386 luo,
436 327 528 373 sancto
551 319 681 388 docenio,
698 319 834 374 intercede
852 335 902 387 pro
920 335 966 376 me

163 397 191 444 ei
208 389 306 444 misero
331 389 431 444 famulo
457 397 514 459 tuo,
539 406 555 444 o
581 390 705 459 clemens,
730 391 819 460 opio,
843 406 859 446 o
879 391 966 447 dulcio

159 460 243 530 Virgo
262 461 357 516 Murio.

236 589 238 592 ’
342 589 417 636 Omlic
430 593 479 642 noel
492 591 633 635 vielielionem
647 591 784 635 infirmorum.

200 675 315 730 Domine
333 672 576 729 misericordiarum
595 681 623 728 ei
637 674 753 728 omnium
766 674 897 728 bonorum
910 674 965 728 lar·

164 745 245 815 gitur,
263 745 526 814 dignorepropitiuu
544 751 575 799 ιιι
596 743 711 800 famulus
729 753 800 813 tuus,
819 760 899 812 quem
912 761 964 814 ego

163 833 234 872 nunc
252 816 357 885 reliqui,
378 823 438 870 ute
455 831 510 870 non
527 816 644 884 relicino,
664 815 825 871 sedinternu
842 817 965 873 console·

163 889 244 956 tione,
264 902 333 955 qnae
351 887 608 942 omnemhumunam
623 887 831 942 consolationem
849 887 965 958 excedit,

163 958 281 1014 refectus
300 959 342 1014 sit.
360 957 485 1026 Remitte,
511 957 583 1024 quod
608 972 642 1011 ex
659 957 800 1026 tepiditate
817 959 861 1012 vel
879 958 965 1013 imbe-

164 1030 274 1085 cillitate
300 1028 407 1098 deliqui,
434 1035 461 1084 et
486 1044 562 1097 auge,
595 1028 668 1096 quod
691 1030 790 1083 bonum
817 1036 883 1083 erat.
919 1030 964 1085 Ne

164 1101 245 1168 eines,
263 1105 294 1155 ιιι
312 1108 438 1168 aegrotus
462 1100 490 1153 in
513 1101 631 1168 peccatis
649 1101 785 1169 moriatur,
804 1099 852 1155 sed
871 1099 913 1169 de,
932 1109 965 1158 ιιι

164 1178 337 1226 convertatur
355 1179 382 1226 et
400 1172 481 1226 vivut.
509 1172 561 1240 Du,
580 1171 656 1225 utin
674 1173 795 1226 omnibns
820 1187 880 1226 cum
898 1187 965 1240 gen·

164 1242 209 1297 dio
228 1243 393 1298 volunlatem
410 1250 484 1298 tuum
503 1243 626 1310 excipiet,
651 1243 708 1297 sivo
725 1243 790 1312 vitu,
815 1243 871 1298 sive
889 1259 964 1300 more

164 1313 190 1368 ei
210 1314 344 1369 destinata
362 1315 405 1370 sii.
432 1314 474 1367 Tu
493 1321 590 1381 autem,
607 1314 730 1384 Domine,
749 1329 784 1368 nc
803 1329 863 1368 eum
882 1313 964 1369 desti·
1054 1365 1055 1368 ,

164 1393 227 1440 tuas
246 1385 345 1440 auxilio
359 1392 415 1454 tuo,
435 1385 497 1440 dum
516 1400 577 1440 eum
594 1383 686 1440 videas
702 1386 772 1439 inter
789 1385 892 1440 beatos.
911 1385 963 1440 Be·
1054 1371 1055 1466 l

163 1455 272 1511 nedicte
281 1457 334 1513 sinc
343 1455 495 1512 dulcissime
503 1453 628 1511 nominas
638 1457 729 1526 iesus,
738 1456 833 1526 Morio,
843 1457 963 1525 Josephl
