2108 3226
195 194 311 236 Secundus
323 195 400 236 ιιιιιοι
413 195 518 236 visitandi
533 194 570 236 Sd
584 197 755 242 sacamentum
836 195 875 241 151

69 295 129 365 Fili,
147 295 322 366 Redemptor
339 297 438 368 mundi,
456 297 540 368 Dens,

68 337 188 436 Spiritus
209 374 310 437 sancte,
328 368 412 438 Deus,

68 437 170 494 Sancta
189 439 321 508 Trinitas,
339 455 408 495 nnus
426 439 511 509 Deus,

69 507 149 564 Panis
167 511 243 579 vivs,
263 511 310 578 qui
328 509 361 564 de
380 511 456 566 coelo
475 510 644 582 descendisti,

69 577 143 636 Deus
163 581 340 637 absconditus
360 589 387 636 et
405 582 537 652 Salvator,

70 648 251 707 Frumentum
269 652 422 722 electorum,

70 719 169 777 Vinum
189 723 343 807 germinans
360 725 486 794 virgines,
553 745 556 750 ·

71 789 151 849 Panis
170 795 281 862 pingms
300 801 328 849 et
346 794 457 850 deliciae
473 810 575 865 regum,

70 861 138 932 Juge
158 863 331 936 sacrificium,
482 899 483 902 =
638 875 640 880 ’

71 931 180 991 Oblatio
200 935 309 1006 munda,

72 1004 146 1074 Agns
167 1007 287 1090 absque·
292 1007 405 1077 macula,

71 1073 169 1134 Mensa
187 1078 341 1148 purissima,

72 1146 241 1217 Angelorum
259 1164 330 1218 esca,

72 1215 176 1276 Manna
195 1219 389 1291 absconditum,

72 1287 209 1348 Memoria
225 1292 386 1346 mirabilium
402 1291 463 1361 Dei,

72 1357 154 1419 Panis
173 1363 399 1432 superstantialis,

72 1429 196 1489 Verbum
214 1449 277 1488 caro
295 1433 402 1505 iactum,
420 1431 570 1489 habitans
562 1447 591 1486 ιιι
608 1432 694 1501 nobis,

72 1500 171 1560 Hostia
190 1511 292 1574 sancta,

74 1572 152 1630 Galix
170 1575 376 1660 benedictionis,

73 1641 103 1698 M
102 1648 235 1714 ysterium
253 1645 325 1717 fidei,

74 1662 250 1773 Praecelsum
269 1724 297 1772 st
314 1687 468 1772 venerabile
487 1717 694 1801 Sacramentum,

74 1785 242 1844 Sacrificium
261 1789 378 1843 omnium
396 1789 598 1858 sanctissimum,

74 1856 242 2000 Sscfirluicium
259 1875 324 1914 vare
345 1860 561 1929 propitiatorium
575 1875 626 1928 pro
643 1857 712 1913 vivis
731 1861 760 1912 et
776 1854 822 1911 do·

157 1932 209 1986 ctis

74 1999 199 2058 coeleste
210 1972 373 2071 antidotum,
385 2016 439 2084 quo
449 2016 466 2055 a
476 2001 594 2069 peccatis
606 2015 819 2070 pracservamur,

74 2069 243 2142 stupendum
261 2088 344 2140 supra
361 2072 450 2127 omnia
471 2072 634 2142 miraculum,

73 2140 428 2200 SacratissimaDominicae
440 2143 577 2198 Passionis
596 2143 820 2213 commemoratio,

74 2211 183 2270 Donum
200 2214 406 2270 transscendens
426 2229 530 2268 omnem
546 2213 746 2284 plenitudinem,

74 2282 233 2341 Memoriale
251 2286 426 2355 praecipuum
444 2284 527 2339 divini
544 2285 651 2355 amoris,

74 2353 190 2412 Divinae
209 2356 345 2412 affluentia
361 2356 501 2426 largitatis,

76 2425 281 2484 Sacrosanctum
300 2435 327 2482 et
344 2427 560 2496 augustissimum
577 2427 739 2498 mysterium,

77 2495 255 2554 Pharmacum
272 2499 488 2566 immortalitatis,

77 2566 256 2626 Tremendum
274 2585 306 2624 ac
323 2569 457 2624 vivificum
475 2569 682 2640 Sacramentum,

77 2637 246 2696 Ιιιιιιιιιιιιιιι
264 2639 429 2724 sacrificium,

78 2709 155 2768 cibus
175 2719 204 2766 et
222 2712 358 2795 conviva,

77 2779 265 2849 Dulcissimum
282 2782 440 2853 convivium,
459 2782 503 2837 cui
520 2782 648 2838 assistunt
658 2780 755 2850 Angcli
772 2780 820 2834 mi·

110 2855 266 2923 nisti-antes,
