2124 3230
262 173 327 214 eum
342 148 467 214 arcemn
482 173 575 214 urum
587 173 706 223 penum
842 173 884 218 trs

75 273 137 329 dine
154 275 268 345 Missae,
294 281 323 330 et
339 277 512 344 prosequitur
537 275 632 332 eodem
650 276 730 332 modo
749 285 824 333 stans
841 279 882 334 in·

76 346 200 415 clinnum,
220 347 305 402 donec
323 363 340 402 a
357 348 478 402 ministro
503 348 547 402 vel
573 348 702 402 ministris
729 347 829 403 dictum
847 351 882 407 sit

77 417 244 472 Mdcrconor
261 423 309 474 etc.
328 419 395 474 llum
412 419 538 488 incipitur
556 434 572 472 a
589 419 717 474 ministris
739 419 880 489 Ooafiuor,

78 504 106 543 so
124 490 214 558 erigit
252 489 325 544 (lum
336 489 400 544 dicit
417 506 478 544 mea
495 491 584 558 culpo,
611 496 655 544 ter
671 497 766 558 pectus
786 490 882 547 dextra

76 575 156 616 manu
174 561 300 628 percutit,
320 561 427 618 sinistra
444 560 514 616 infra
533 568 627 629 pectus
645 562 741 628 posita.

111 631 199 686 Facta
225 648 243 686 a
274 633 504 688 circumstantibus
538 631 714 701 confessione,
743 631 882 690 celebrans

76 708 150 758 stans
174 703 283 772 (iunctis
307 703 438 773 manibus)
461 703 620 772 respondet:
649 703 814 758 Miser-catur
840 719 882 759 oc·
950 763 954 772 ,

74 775 128 828 stri
144 780 195 828 etc.
231 774 338 828 Deinde
361 774 513 843 producens
537 791 617 829 manu
643 774 738 829 dextra
756 791 773 830 a
791 773 881 830 fronte

76 843 226 968 {dipem
245 846 349 914 signum
366 847 452 900 crucis
471 846 548 901 dicit:
567 846 778 916 Iadalpcotiom,
802 846 878 900 obco-

91 987 148 1043 :Et
172 995 250 1043 stans
269 987 411 1043 inclinatus
434 988 531 1042 iunctis
548 989 671 1043 manibus
690 989 876 1057 prosequitur:

76 1057 159 1128 Deras,
177 1065 210 1114 tu
228 1074 371 1112 ooaocroaa
388 1064 435 1113 cto.
455 1065 483 1113 et
494 1075 563 1126 quae
580 1067 727 1128 sequuntur
738 1061 767 1115 in
778 1059 879 1116 Ordine

76 1127 185 1200 Missae,
205 1129 279 1188 clara
297 1145 363 1184 voce
382 1145 467 1197 usque
486 1129 521 1185 ad
529 1129 684 1186 Orationem
694 1132 783 1198 Aacscr
796 1147 815 1185 a
827 1147 875 1186 oo·
896 1158 901 1166 ·

76 1199 116 1254 oe
133 1207 200 1269 cto.‚·
216 1207 244 1255 et
263 1216 323 1256 cum
341 1200 405 1261 dicit
423 1201 507 1268 (clara
523 1203 599 1272 voce)
620 1202 739 1271 Oramus,
758 1203 880 1258 extendit

77 1278 104 1324 et
119 1271 208 1340 iungit
226 1287 329 1327 manus.

110 1345 137 1396 4.
155 1344 204 1398 De
223 1343 395 1412 Introitu,
413 1344 518 1412 Kyrie
538 1345 682 1400 eleison
700 1352 733 1398 et
751 1344 880 1400 Gloria

77 1411 111 1466 in
128 1415 294 1470 excelsis.
330 1415 403 1469 Dum
420 1414 485 1470 dicit
502 1416 590 1482 Auser
608 1431 627 1469 a
643 1415 721 1469 cobis
738 1421 786 1471 etc.
805 1416 878 1470 cele·

78 1482 157 1540 brans
167 1485 185 1556 ¹)
204 1486 302 1540 iunctis
320 1486 442 1541 menibus
461 1487 580 1542 ascendit
598 1485 633 1540 ad
651 1485 766 1540 medium
785 1486 878 1542 oltaris

74 1562 106 1632 ¹et
121 1556 167 1624 ibi,
185 1556 329 1612 inclinatus
343 1557 376 1627 (si
386 1557 434 1612 SS.
448 1557 650 1612 Sacramentum
663 1557 814 1624 expositum
828 1564 878 1627 est,

78 1627 274 1696 genuflectitur,
292 1629 374 1682 Mem.
397 1629 466 1696 Illi.)
492 1629 667 1696 manibusque
691 1628 756 1682 item
782 1628 879 1683 iunctis

80 1712 159 1766 super
177 1714 212 1753 eo
231 1699 335 1768 positis,
353 1701 392 1755 ita
408 1707 439 1754 ut
457 1699 533 1767 digiti
557 1699 633 1767 perri
651 1698 790 1752 dumtaxat
807 1697 880 1753 fron·

80 1772 140 1837 tom,
159 1785 211 1826 seu
228 1769 344 1824 medium
362 1771 504 1826 anterioris
522 1771 607 1839 partis
624 1770 731 1824 tabulae
760 1775 880 1839 tangant,

81 1840 189 1896 residuo
208 1857 333 1896 manuum
350 1842 421 1896 inter
439 1843 525 1896 altere
544 1848 619 1896 etse
644 1847 758 1909 retento,
783 1840 880 1909 pollice

81 1908 174 1968 dextro
195 1927 277 1980 super
291 1913 426 1968 sinituum
443 1914 472 1967 in
485 1912 594 1968 modum
603 1913 689 1967 crucis
698 1913 795 1982 posito,
811 1927 880 1980 quae

83 1984 168 2038 omnia
178 1998 286 2051 semper
299 1985 483 2053 observantur,
504 2001 563 2039 cnm
574 2000 669 2038 manns
677 1984 784 2038 iunctae
798 1999 880 2052 super

83 2051 164 2110 altare
190 2062 335 2124 ponuntur,
360 2063 464 2110 secreto
483 2055 548 2110 dicit
568 2055 683 2110 &amca
700 2061 733 2122 te,
761 2055 880 2110 Domlm

84 2128 127 2178 co.
145 2133 173 2180 et
193 2141 253 2180 oum
271 2125 334 2181 dicit
347 2142 460 2194 qaorum
477 2127 608 2194 reliquiae
625 2127 669 2180 llo
686 2132 757 2204 sapt,
777 2127 881 2182 osculu-

83 2198 124 2248 tur
138 2198 234 2251 altare
260 2198 288 2250 in
312 2197 409 2266 medio,
435 2198 557 2252 manibus
582 2198 700 2253 extensis
732 2198 881 2265 aequaliter

82 2262 222 2322 hincinde
241 2283 323 2337 super
347 2284 379 2323 eo
403 2269 507 2337 positis,
533 2268 605 2336 quod
625 2283 731 2336 semper
749 2276 880 2338 servatur,

86 2338 188 2402 quando
207 2340 344 2394 osculatur
363 2340 456 2409 altare,
485 2339 534 2395 sed
559 2347 621 2408 post
646 2340 881 2394 Consecrationem

85 2408 191 2472 pollices
220 2410 254 2464 ab
279 2408 410 2466 indicibus
437 2427 492 2465 non
518 2410 712 2479 disiunguntur.
754 2412 785 2464 In
810 2411 898 2464 omni·

86 2478 161 2536 etiem
179 2481 380 2536 deosculatione
399 2482 456 2536 sire
477 2483 577 2550 altaris,
604 2483 660 2536 sive
679 2482 748 2551 libri,
768 2483 823 2537 sive
843 2481 881 2536 al·

84 2551 163 2608 terius
182 2553 222 2607 rei
240 2569 295 2607 non
312 2551 468 2622 producitur
496 2554 601 2622 signum
619 2553 704 2608 crucis
722 2553 819 2622 pollice
837 2551 882 2606 vel

87 2664 243 2678 *nr——

99 2723 119 2778 ¹)
133 2729 210 2770 Finita
219 2729 356 2771 confessione
365 2730 478 2770 celebrans
486 2729 596 2780 (exposito
604 2730 638 2771 ss.
647 2728 797 2778 sacramanto)
808 2737 885 2766 ascen·

135 2795 168 2835 ott
182 2796 211 2834 od
224 2797 296 2834 altore
312 2795 360 2836 stne
375 2795 534 2844 genuflexione.
549 2805 616 2844 qnam
630 2792 698 2843 aliqui
707 2793 777 2842 gratia
791 2791 885 2833 raduni.

134 2859 281 2908 (daedalini.)
