2098 3222
96 165 97 168 ’
165 173 207 218 836
506 173 628 226 appendix.

165 285 197 332 ut
216 278 322 346 asserit,
340 291 476 346 nunqnam
495 277 611 332 animum
625 275 751 331 babuerit
763 275 906 332 deserendi
921 292 965 346 pa·

165 349 286 404 roobiam
304 365 404 418 meam,
432 349 480 403 sed
505 349 609 418 asylum
634 347 772 402 dumtaxat
794 347 823 401 in
841 348 966 417 parocbia

164 427 257 476 vestra
287 420 439 488 quaesierit.
484 419 538 474 Sed
564 435 623 473 curn
646 419 674 472 vi
692 418 842 474 Tridentini
860 419 967 473 Decreti

166 492 217 560 (uti
245 492 407 546 Reverentia
433 498 526 546 vestra
552 490 635 559 novit)
660 490 825 545 Matrimonii
852 490 967 546 valore

166 564 269 632 proprii
286 563 398 631 parochi
424 563 577 617 assistentia
602 560 767 631 dependeat,
794 561 862 615 nibil
878 563 967 616 incon
1030 569 1031 612 t

167 635 239 688 sulta
256 633 419 688 Reverentia
443 641 536 688 vestra
559 633 603 687 bic
628 632 701 688 volui
726 639 875 700 attentare3
901 649 966 701 rogo

166 705 258 773 itaque
270 705 459 759 Reverentiam
473 710 599 772 vestram,
617 711 655 772 ut,
668 719 718 772 pro
729 704 800 758 omni
813 705 965 773 securitate,

166 791 209 830 me
228 775 263 830 ad
281 775 459 831 assistendum
472 773 595 844 praelato
609 775 779 829 Matrimonio
797 775 966 830 authorizure

168 847 306 917 dignetur,
334 855 415 915 prout
438 847 466 900 in
483 845 633 901 istiusmodi
658 846 763 902 casibus
780 844 841 900 fieri
859 846 967 915 assolet,

168 917 231 972 dum
245 917 278 973 de
297 917 422 973 domicilii
435 918 581 972 mutatione
600 916 709 971 dubium
727 924 872 984 utcunque
891 919 969 973 subo·

167 989 243 1044 ritus.
278 989 310 1043 ld
335 1005 399 1058 ergo
425 987 589 1044 confidenter
614 995 789 1058 exspectans,
817 989 892 1042 omni
911 1005 968 1043 curn

166 1061 339 1116 veneratione
358 1061 511 1116 subscribor
529 1068 580 1114 etc.

167 1175 205 1217 34.
225 1169 349 1216 Formula
363 1169 515 1216 consulendi
534 1169 690 1225 Episcopum
708 1169 779 1214 circa
797 1170 969 1226 sepulturum.

168 1258 194 1327 a)
213 1257 293 1326 illiue,
323 1258 370 1325 qui
387 1274 442 1313 non
460 1256 752 1382 sabsfeclitahpraecepto
771 1256 970 1316 Communionie
1030 1277 1031 1332 3

493 1344 559 1397 pasc
615 1345 636 1384 s.

213 1398 474 1524 allReverendissime
497 1416 528 1454 ac
546 1399 728 1456 illustrissime
747 1399 903 1456 vicariatus
921 1401 971 1456 Ge·

163 1485 213 1524 ner
241 1470 276 1525 'sl
1030 1505 1031 1532 ,

202 1541 299 1598 Petrus
312 1541 356 1610 N,
378 1541 557 1610 parochianus
573 1557 657 1612 mens,
678 1547 765 1596 morte
778 1542 925 1598 subitanea
937 1558 972 1598 ex
1030 1557 1031 1580 ³

166 1613 217 1668 hac
235 1614 291 1668 vita
309 1620 417 1680 ereptus
436 1619 478 1668 est
496 1613 539 1668 die
557 1613 702 1682 hodierna3
730 1612 778 1668 sed
803 1629 864 1667 cnm
882 1613 971 1670 dicun
1030 1587 1031 1676 l

164 1683 262 1740 Petrus
281 1684 334 1738 iam
352 1698 402 1752 per
421 1684 523 1751 aliquot
541 1699 635 1753 annos,
659 1700 713 1738 non
731 1685 903 1740 obstantibus
921 1686 970 1741 ite·
1030 1711 1031 1788 p

164 1756 231 1810 ratis
250 1755 438 1810 monitionibus
463 1762 490 1809 et
517 1755 746 1810 adhortationibus
775 1755 844 1810 meis
862 1756 971 1812 satista-
1030 1795 1031 1808 t

165 1841 227 1881 cere
244 1827 417 1895 pertinaciter
434 1826 551 1881 noluerit
567 1831 712 1896 praecepto
731 1826 917 1882 ecclesiastico
938 1827 972 1883 de

142 1945 146 1958 ,
166 1913 256 1952 annua
274 1897 474 1966 Communione,
493 1913 605 1965 cumque
624 1896 754 1954 eiusmodi
770 1897 890 1954 rebelles
909 1915 973 1968 pec·
1030 1959 1031 1964 χ

166 1976 272 2024 catores
298 1970 374 2024 iuxta
399 1985 537 2024 sacromm
568 1983 699 2024 canonum
726 1975 828 2024 statuta
852 1969 975 2026 debeant

166 2040 312 2096 christiana
324 2040 469 2109 sepultura
486 2041 600 2108 privari,
626 2039 762 2094 humiliter
779 2041 924 2110 supplico,
942 2051 974 2098 ut

165 2110 415 2167 Reverendissimus
433 2111 585 2166 vicariatus
604 2110 743 2166 Generalis
760 2111 826 2166 mibi
843 2111 974 2168 intimare

167 2182 300 2262 dignetur,
319 2182 383 2250 quid
400 2183 428 2235 in
445 2183 498 2237 boc
516 2198 580 2238 casu
599 2183 648 2252 agi.
659 2182 733 2238 velit.

166 2323 193 2392 b)
211 2311 292 2395 illiu's,
310 2325 356 2393 qui
372 2331 501 2392 tanquam
518 2324 640 2393 publicus
652 2329 780 2392 peccator
797 2325 857 2380 sine
876 2329 977 2396 poeni·

410 2397 496 2450 tentia
513 2395 653 2451 defunctus
671 2401 719 2450 est

237 2478 470 2536 Reverendiusime
488 2480 639 2534 vicariatus
657 2479 811 2536 Generalis!

202 2548 299 2604 Petrus
317 2550 360 2619 N,
372 2551 564 2619 ,parochianus
581 2565 670 2619 meus,
696 2551 751 2606 iam
768 2567 786 2606 a
802 2551 887 2622 longo
906 2561 980 2610 tem·

166 2635 233 2688 pore
251 2621 346 2675 vivens
363 2622 391 2674 in
410 2621 587 2678 concubinatu
611 2621 645 2676 de
668 2621 751 2678 totius
768 2623 885 2680 viciniae
904 2627 982 2682 noti·

166 2691 212 2758 tio,
233 2698 260 2745 et
278 2707 337 2744 curn
355 2692 463 2758 publico
483 2693 599 2748 omnium
617 2692 752 2762 scandalo,
770 2695 871 2762 spretis
890 2697 981 2753 etism

166 2761 270 2815 iteratis
284 2761 474 2818 monitionibus
488 2765 564 2834 meis,
581 2772 660 2820 nocte
674 2763 854 2832 praecedente
873 2767 905 2822 in
924 2769 982 2824 boc

165 2830 282 2898 lugendo
301 2838 382 2901 statu,
406 2834 464 2890 sine
482 2835 544 2890 ullis
561 2835 743 2904 poenitentiae
761 2836 853 2908 signis,
870 2837 982 2910 impro-
