2130 3242
171 181 213 224 tta
346 184 378 224 De
392 185 584 226 §momentorum
597 185 794 225 sdministratione.

172 287 283 354 odones,
299 287 422 354 superbis
431 287 587 342 humilitatis
598 285 690 354 officia,
701 285 843 342 desidiosis
852 286 976 343 deuotio-

173 358 215 413 nis
234 357 331 413 studia.
348 358 448 412 Rarius
460 365 549 412 autern
560 358 605 412 vel
619 358 705 414 serius
719 356 916 428 confitentibus,
929 360 976 414 vel

173 429 202 483 in
232 437 344 497 peccota
373 428 452 484 iecile
483 428 665 483 recidentibus
694 429 863 484 utilissimum
894 430 978 486 fuerit

173 501 321 569 consulere,
339 507 370 554 ut
388 515 479 572 saepe,
497 507 564 568 puta
573 501 656 555 semel
672 501 701 554 in
718 515 817 569 mense,
836 501 882 555 vel
895 503 977 558 certis

173 571 267 626 diebus
286 571 447 626 solemnibus
466 569 650 640 confiteantur,
669 578 697 626 et
715 572 738 626 si
751 571 885 642 expediat,
905 589 977 628 com·

171 644 314 697 municent.
404 651 407 658 ’

208 717 251 768 20.
270 713 454 768 Poenitentias
471 713 639 781 pecuniarias
665 713 716 768 sibi
733 713 800 780 ipsis
818 713 978 770 confessarii

172 800 227 839 non
241 785 383 853 applicent,
401 799 489 851 neque
504 799 520 838 a
532 783 731 852 poenitentibus
747 784 893 851 quidquam
907 793 977 841 tanr-

172 871 252 925 quam
260 855 404 918 ministerii
424 856 466 910 sui
482 856 630 924 praemium
640 856 786 923 petautvel
804 857 947 924 accipiant.
957 858 977 928 ¹)

208 931 250 981 21.
269 927 322 980 Pro
348 927 466 995 peccatis
493 927 611 995 occultis,
640 927 809 994 quantumvis
836 929 975 1000 gravibus,

132 1004 136 1013 “
172 997 340 1052 manifestem
358 998 550 1065 poenitentiam
567 1014 623 1052 non
639 998 785 1065 imponant.

208 1071 251 1122 22.
270 1067 368 1122 Videat
385 1074 475 1122 autem
493 1069 634 1138 diligenter
658 1069 791 1138 sacerdos,
811 1069 928 1140 quando,
948 1077 978 1127 et

173 1139 269 1207 quibus
287 1139 457 1208 conferendo,
476 1139 520 1196 vel
543 1139 674 1209 negando,
699 1141 742 1194 vel
767 1139 917 1195 differenda
940 1143 978 1198 sit

172 1210 313 1279 absolutio,
332 1226 366 1264 ne
385 1210 507 1266 absolvet
529 1227 584 1279 eos,
611 1212 657 1279 qui
680 1211 742 1266 talis
768 1211 891 1266 beneficii
909 1220 976 1268 sunt

170 1282 330 1350 incapaces;
349 1282 442 1350 quales
461 1290 523 1338 sunt
541 1283 587 1350 qui
604 1283 678 1336 nulla
696 1282 760 1337 dant
773 1283 849 1350 signa
863 1283 975 1354 doloris,

172 1353 218 1422 qui
237 1353 299 1408 odia
318 1361 345 1408 et
362 1353 513 1408 inimicitias
531 1354 675 1422 deponere,
694 1361 741 1408 aut
755 1355 849 1423 ebena,
869 1356 894 1410 si
911 1371 976 1424 pos·

171 1431 241 1492 sunt,
259 1424 409 1493 restituere,
428 1432 476 1479 aut
492 1427 642 1494 proximam
659 1425 788 1493 peccandi
806 1427 975 1482 occasionem

172 1493 305 1566 deserere,
324 1504 371 1551 aut
389 1497 441 1550 elio
459 1495 540 1550 modo
558 1503 671 1564 peccata
684 1496 877 1564 derelinquere,
898 1498 975 1552 etvi-

171 1571 227 1620 tam
244 1568 273 1621 in
290 1568 384 1622 melius
403 1567 545 1622 emendare
560 1568 671 1636 nolunt3
699 1574 746 1622 aut
771 1569 817 1635 qui
838 1568 975 1636 publicum
1052 1575 1053 1578 ’

172 1639 326 1694 scandalum
336 1638 536 1707 dederuntnisi
548 1635 654 1706 publice
664 1637 837 1708 satisfaciant,
852 1646 880 1694 et
898 1655 975 1694 scen·
1052 1665 1053 1690 ;

172 1709 263 1764 delum
280 1711 388 1778 tollant3
416 1724 503 1777 neque
529 1711 609 1764 etiam
634 1725 682 1765 eos
706 1709 836 1778 absolvat,
860 1725 975 1778 quorum
1052 1775 1053 1778 Ἴ

171 1789 284 1850 peccata
302 1789 363 1836 sunt
382 1780 570 1849 Superioribus
587 1787 734 1839 reservata
903 1790 905 1796 '
1052 1787 1053 1798 ¹

206 1855 249 1906 23.
287 1852 316 1906 Si
334 1867 400 1906 vero
420 1853 481 1920 quis
497 1851 656 1907 confiteatur
681 1852 709 1906 in
736 1852 856 1920 periculo
879 1853 974 1908 mortis

170 1923 330 1978 constitutus
349 1923 527 1978 absolvendus
551 1931 593 1978 est
618 1923 652 1978 ab
671 1924 793 1978 omnibus
810 1924 929 1992 peccatis
947 1929 975 1978 et

171 1995 299 2062 censuris,
325 1995 494 2061 quantumvis
519 1995 664 2050 reservatis
695 1995 794 2064 (emeat
816 1996 887 2050 enim
910 2003 974 2049 tunc

172 2065 257 2119 omnis
275 2065 447 2135 reservatio);
473 2065 521 2120 sed
539 2067 623 2134 prius,
650 2067 673 2121 si
695 2073 793 2134 potest,
820 2067 863 2120 cui
881 2066 970 2134 debet,
1052 2131 1053 2142 χ

171 2135 329 2204 satisfaciam
350 2151 382 2190 ac
400 2137 423 2190 si
440 2137 588 2204 periculum
602 2139 718 2192 evaserit
731 2143 758 2191 et
768 2137 859 2204 aliqua
865 2137 971 2192 ratione

172 2206 318 2276 Superiori,
337 2223 425 2275 equo
444 2208 510 2262 alias
530 2216 602 2262 esset
620 2207 807 2278 absolvendus,
827 2223 857 2262 se
876 2209 972 2263 sistere

171 2283 303 2346 teneatur,
330 2293 389 2332 cum
407 2279 521 2346 primunr
539 2281 648 2350 poterit,
676 2295 766 2334 coram
784 2295 817 2334 eo
836 2293 866 2334 se
886 2279 974 2348 sistat,
1052 2315 1053 2352 3

171 2347 300 2418 quidquid
318 2349 407 2419 debet,
424 2349 611 2417 praestiturus.

188 2535 210 2588 ¹)
224 2537 375 2586 „commoni
388 2539 411 2578 ln
430 2511 605 2580 condensioribus
626 2540 738 2580 audiendis
756 2541 876 2580 Missurum
891 2540 973 2590 supen-
1052 2539 1053 2596 l

224 2603 262 2644 dia
277 2615 318 2644 nec
331 2606 447 2654 imponant
465 2608 488 2645 ln
502 2607 667 2658 poenitentiam,
689 2619 729 2648 nec
751 2617 777 2647 ea
799 2610 877 2656 sponte
899 2607 976 2648 oblato
1052 2617 1053 2656 l

222 2669 337 2720 recipiant,
352 2680 379 2710 ne
393 2671 466 2720 turpis
479 2671 534 2710 lucri
554 2671 701 2721 suspicionem
721 2673 836 2712 incurrant
850 2675 873 2712 et
886 2671 974 2722 pusillis
1052 2675 1053 2738 l

224 2737 322 2777 scandali
337 2737 623 2787 occmcnsmpmbcsntf‘
638 2737 706 2789 (Ocno.
723 2739 857 2791 provoces
878 2751 897 2784 a,
912 2737 973 2784 1860.
1052 2741 1053 2790 l

219 2813 269 2852 pop.
284 2801 329 2842 114.
344 2803 421 2845 Besed.
436 2803 469 2842 XI
473 2803 497 2845 V.
512 2803 539 2842 ds
551 2803 600 2853 soa
615 2805 681 2848 dioec
695 2805 730 2849 tib.
745 2805 765 2845 5.
781 2817 827 2856 cup.
842 2803 873 2848 10.
887 2815 943 2848 mos
953 2801 973 2845 d.

222 2872 244 2908 st
257 2869 365 2908 imbuta
378 2865 425 2918 98)
