2108 3226
352 191 430 233 Altera
443 193 565 242 gratteram
578 193 642 238 aetio.
858 189 898 233 las

87 293 149 361 tibi,
167 292 269 360 ipsum,
287 291 405 360 inquam,
424 293 470 360 qui
483 299 623 362 peccatum
640 307 694 347 non
712 292 785 359 fecit,
804 299 832 347 et
849 299 891 348 tu·

87 363 117 418 lit
134 371 251 432 peccata
266 361 368 432 mundi,
394 369 422 417 et
438 364 581 432 languores
599 371 706 418 nostros
730 379 779 418 suo
807 364 892 420 livore

90 435 206 490 sanavit.
251 433 365 502 Suaeipe
382 435 472 504 igitrrr,
496 451 512 490 o
536 442 627 490 sancte
651 435 747 503 Pater,
775 443 894 490 sanctam

88 505 157 560 banc
176 513 206 559 et
222 505 422 559 immaculatam
444 506 561 561 hostiam
578 505 641 559 Filii
667 506 707 560 tui
731 506 760 558 in
786 505 893 560 laudem

91 583 119 631 et
136 577 251 645 gloriam
269 577 384 631 nominis
402 577 456 645 tui,
483 577 511 631 in
530 577 675 645 gratiarum
693 577 826 631 actionem
843 593 893 646 pro

11 640 12 704 l
92 648 216 702 omnibus
234 646 372 702 benefieiis
394 649 447 702 tuis
465 649 493 701 in
511 663 553 702 me
571 649 689 716 collatis,
717 649 746 701 in
764 647 893 714 expiatio·

92 733 152 772 nem
171 733 281 786 quoque
298 724 470 788 peccatorum
495 735 615 773 meorum
634 727 661 774 et
679 719 707 774 in
725 719 894 787 supplemen-

91 796 148 844 tum
166 791 286 844 omnium
304 788 456 844 defectuum
474 805 602 845 meorum.

126 861 203 915 Deua
221 861 387 928 misericors,
410 861 515 930 patiens
534 869 562 916 et
578 862 677 916 multae
694 860 894 917 misericordiae

92 938 119 986 et
135 947 236 1001 verax,
265 932 311 1000 qui
330 931 378 987 dae
397 947 486 987 escam
512 932 666 988 timentibus
690 939 732 1002 te,
763 932 893 990 fortitudo

91 1018 158 1072 mea,
178 1018 260 1070 quem
276 1004 367 1056 inveni
384 1011 412 1058 et
429 1011 517 1058 teneo.
537 1035 570 1044 ·-
591 1004 656 1071 Quia
681 1005 746 1058 mibi
770 1005 822 1059 hoc
847 1005 895 1060 tri-

92 1073 156 1144 buit,
174 1082 207 1128 nt
223 1074 324 1142 iugiter
342 1073 449 1143 diligam
466 1082 502 1143 te,
528 1075 574 1142 qui
591 1076 670 1145 ultra,
696 1091 775 1144 quam
800 1076 891 1132 facere

93 1144 242 1214 debueras,
266 1144 372 1199 fecisti?
409 1146 508 1200 Pereat
532 1161 705 1215 cormeum,
737 1147 760 1202 ai
784 1147 891 1204 desinat

92 1231 182 1270 amare
201 1223 238 1285 te,
257 1216 304 1284 qui
322 1231 428 1285 semper
447 1224 474 1271 et
486 1217 657 1272 ineffabiliter
670 1218 765 1272 amasti
783 1221 840 1273 met
855 1247 890 1260 —

93 1286 250 1342 ODomine
269 1288 349 1342 Jesul
369 1303 385 1341 o
404 1287 500 1342 dilecte
518 1290 567 1342 mil
590 1288 654 1356 quid
672 1303 714 1342 me
732 1289 773 1344 vis
791 1289 890 1360 facere,

91 1366 121 1413 ut
132 1359 257 1426 placeam
269 1359 319 1412 tibi
333 1359 453 1413 omnibus
468 1358 561 1414 diebus
574 1361 646 1414 vitae
656 1361 752 1414 meae?
762 1361 837 1415 Doce
847 1375 890 1415 me

91 1427 181 1484 iacere
200 1430 366 1484 voluntatem
383 1437 465 1499 tuam,
483 1431 617 1499 abnegare
633 1447 675 1485 me
692 1433 781 1499 ipsum
800 1441 827 1486 et
845 1431 891 1486 ad-

91 1500 205 1555 haerere
218 1501 276 1554 tibi.
287 1499 309 1554 0
320 1501 576 1567 quambonummilri
585 1501 724 1556 illuderit!
734 1531 767 1542 -
780 1501 891 1557 OJesul

92 1572 254 1626 oamormil
272 1571 315 1640 de,
334 1579 364 1626 ut
379 1571 486 1640 diligam
502 1580 530 1627 te
540 1580 641 1628 extoto
652 1572 732 1628 corde
742 1573 892 1640 meo;nihil

92 1643 164 1697 aliud
173 1659 274 1711 posco,
289 1643 345 1698 scio
355 1644 425 1698 enim
436 1645 561 1712 quoniam
579 1643 750 1712 diligentibus
766 1650 794 1697 te
805 1645 893 1698 omnia

92 1714 433 1783 cooperanturinbonum3
451 1715 549 1770 etlioet
558 1729 662 1783 pauper
672 1716 722 1769 eim
731 1721 759 1768 et
767 1721 893 1782 tanquam

92 1785 282 1852 nibilhabens,
303 1786 391 1839 omnia
405 1786 564 1855 possideb03
585 1793 615 1840 tu
631 1800 661 1840 ee
674 1786 749 1840 Deus
766 1801 850 1854 meus,
865 1794 893 1841 et

92 1857 191 1911 omnia.
204 1885 239 1896 —
254 1855 392 1926 „Sueoipe,
405 1858 528 1927 Domine,
545 1858 698 1912 universam
715 1872 802 1911 meam
814 1857 893 1912 liber-

91 1934 193 1995 tatem3
212 1928 304 1995 accipe
318 1929 481 1997 memoriam,
499 1929 662 1983 intellectum
675 1935 756 1996 atque
770 1929 891 1984 voluuta-

91 2005 146 2054 tem
155 2013 281 2066 omnem;
296 1998 424 2066 quidquid
433 2000 520 2054 habeo
530 2001 574 2054 rel
582 1999 716 2069 possideo,
728 2007 757 2054 tu
766 2000 831 2053 mihi
839 2001 892 2054 lar·

92 2071 163 2138 gitus
178 2085 225 2137 εει
247 2069 276 2123 id
290 2069 339 2123 tibi
351 2077 438 2124 totum
454 2071 575 2139 restituo,
595 2087 626 2125 ao
640 2078 703 2126 tuae
722 2087 833 2141 prorsus
845 2088 891 2127 vo·

90 2141 189 2196 luntati
207 2140 287 2195 trado
307 2141 522 2209 gubernandum
540 2157 657 2196 amorem
670 2143 711 2196 tui
728 2143 814 2197 solum
832 2159 892 2197 cum

91 2214 181 2280 gratia
197 2218 247 2266 tua
264 2212 329 2264 mihi
348 2211 440 2281 dones,
458 2220 486 2266 et
500 2212 575 2266 dives
587 2230 647 2268 snm
662 2214 736 2282 satis,
754 2229 804 2268 nec
818 2213 891 2268 alind

91 2283 239 2351 quidquem
256 2283 328 2337 ultra
344 2283 454 2352 posoo.“
475 2283 515 2350 (S.
533 2285 659 2353 Iynottus
676 2285 801 2354 Loyoio.)

125 2354 150 2409 0
170 2353 376 2409 clementissime
391 2354 530 2410 Salvator!
564 2355 634 2422 Quid
651 2357 717 2409 mihi
729 2372 799 2410 nunc
812 2355 891 2410 dene·

91 2425 175 2495 gabis,
202 2432 347 2493 postquam
363 2426 535 2494 temetipsum
556 2425 689 2481 tradidisti
712 2427 740 2480 in
759 2427 846 2481 cibum
865 2433 892 2481 et

91 2504 186 2563 potum
205 2505 234 2551 et
251 2497 280 2549 in
297 2497 394 2566 pignus
411 2496 517 2551 futurae
536 2497 656 2564 gloriae?
684 2496 706 2551 0
726 2505 826 2565 quanto
840 2498 891 2552 erit

91 2565 190 2622 fiducia
208 2582 278 2636 meo,
297 2569 340 2621 oui
352 2569 457 2636 cognita
472 2575 513 2622 eet
530 2575 606 2622 touta
619 2569 705 2636 pietas
718 2571 780 2624 tuat
810 2569 891 2623 Mise-

91 2653 150 2694 rere
175 2639 260 2708 igitur
283 2639 336 2692 mei
367 2639 513 2694 secundum
536 2654 658 2707 magnam
683 2639 892 2694 misericordiam

91 2715 179 2779 tusm3
207 2710 230 2764 si
248 2709 402 2777 iniquitates
415 2711 610 2779 observaveris,
627 2711 750 2779 Domine,
768 2711 893 2779 Domine,

91 2782 150 2848 quis
168 2781 334 2838 sustinebit?
363 2782 396 2834 ab
422 2781 532 2836 occultis
557 2783 625 2836 meis
642 2780 742 2834 munda
758 2797 809 2849 me,
836 2781 891 2834 Do-

90 2853 169 2923 mine,
200 2858 228 2908 et
256 2851 290 2906 ab
309 2852 402 2906 adenis
426 2867 507 2920 perce
533 2866 612 2906 servo
636 2859 699 2918 tuo,
727 2851 892 2918 ignorantias
