2128 3228
267 185 299 226 De
313 185 461 231 functionibus
474 185 601 226 Dominicis
615 187 746 232 Palinurum.
866 183 907 228 735

89 306 133 344 Ιιι.
152 291 188 343 Ia
206 289 298 356 abaco,
316 303 363 342 cca
381 287 517 343 credentia
531 288 628 342 altam
641 288 761 344 maaria
788 288 812 356 1)
829 287 905 342 Galix

105 376 156 430 pro
169 360 254 414 Missa
267 376 327 413 cum
346 360 467 414 omnibus
486 360 648 414 ornamentis
666 359 763 413 coloris
781 359 905 415 violacei.

105 432 132 501 2)
151 432 305 499 Manipulus
323 438 351 486 et
368 431 477 499 planeta
495 431 593 485 coloris
611 430 731 486 violacei.
763 429 789 498 3)
809 429 905 484 Thuri·

105 503 198 558 bulum
216 511 244 556 et
261 502 383 557 navicula
401 518 460 556 cum
478 503 565 556 thure.
602 501 628 570 4)
656 501 745 554 Pelvis
764 507 792 554 et
809 515 905 556 urceus

105 589 157 642 pro
173 573 273 628 lotione
292 589 425 628 manuum.
452 574 478 642 5)
497 573 703 640 Manutergium.
723 572 749 640 6)
768 570 904 628 Pelvicula

106 661 167 700 oum
185 645 308 713 ampullis
325 645 381 698 vini
399 651 426 700 et
444 659 539 714 aquae,
567 651 595 698 et
613 642 740 713 mappula
758 641 792 696 ad
811 657 904 698 manus

104 716 257 784 tergendas.
286 716 312 786 7)
330 715 503 784 Exemplaria
519 715 599 771 huius
612 714 777 770 Memorialis
794 728 846 781 pro
862 729 904 768 re·

105 786 219 842 citandis
237 788 266 840 iu
284 788 463 855 processione.

142 859 165 913 b.
192 860 228 913 Ia
246 859 336 912 altori.
375 860 399 928 1)
418 858 531 912 Pallium
550 856 706 912 violaceum.
739 857 765 925 2)
793 855 903 910 Missale

104 929 133 984 in
151 945 235 984 cornu
252 930 391 997 Epistulae
410 945 492 998 super
515 929 624 997 pulvino
643 929 778 997 violaceo,
806 927 850 981 vel
867 927 904 981 le·

103 1001 160 1069 gili.
196 1003 224 1068 3)
242 1001 320 1055 Rani
337 1001 500 1070 palmarum,
525 1000 585 1056 loco
603 999 699 1055 florum
717 999 787 1054 inter
806 997 903 1052 cande·

102 1073 187 1129 labra

140 1159 161 1196 c.
190 1143 281 1210 Prope
303 1157 387 1226 aalma
404 1143 547 1210 Epdtolao
571 1144 608 1196 c'a·
624 1143 718 1210 plano.
754 1143 781 1208 1)
804 1140 901 1224 Mensa

103 1221 233 1338 litati*
250 1212 900 1353 titillantia}tzitltttltil

103 1360 132 1408 et
150 1355 216 1438 vitta
240 1354 361 1408 violacea
386 1371 436 1423 pro
461 1355 568 1424 liganda
590 1356 679 1423 palma
702 1356 731 1409 in
749 1356 900 1410 summitate

103 1439 198 1480 crucis.

140 1495 167 1552 d.
194 1497 230 1550 Iu
248 1496 381 1550 succidia.
418 1499 444 1565 1)
463 1496 527 1550 Tria
545 1496 739 1564 superpellicea
755 1513 806 1564 pro
825 1498 902 1552 cleri·

103 1565 151 1621 cis.
188 1567 214 1635 2)
233 1567 360 1636 Amictus,
389 1566 458 1635 alba,
486 1568 627 1636 cingulum,
653 1567 722 1622 stola
740 1575 768 1621 et
784 1568 902 1635 pluviale

103 1638 217 1692 violacei
246 1637 343 1693 coloris
368 1654 417 1706 pro
443 1639 602 1695 celebrante.
648 1639 674 1707 3)
700 1638 817 1692 Foculus
842 1655 902 1693 cum

102 1709 165 1792 igne
180 1716 207 1763 et
220 1707 329 1777 forcipe.
355 1709 382 1778 4)
396 1709 451 1764 Vas
466 1725 552 1778 equae
567 1709 722 1764 benedictae
736 1725 797 1763 cum
810 1724 901 1777 asper·

103 1796 184 1836 sono.

138 1854 208 1905 Art.
222 1853 250 1905 2.
270 1853 317 1904 De
331 1853 548 1905 benedictione
562 1854 747 1918 palmarum.
768 1851 793 1921 l)
812 1849 901 1904 Omni·

100 1921 153 1978 bus
171 1938 220 1977 suo
238 1922 298 1977 loco
317 1921 462 1992 dispositis,
480 1922 577 1978 festivo
596 1939 785 1991 campanarum
803 1923 900 1991 sonitu,

99 1993 169 2048 hora
187 2009 306 2062 congrua
323 2001 485 2049 convocatur
502 1996 626 2064 populus,
659 1994 685 2063 2)
706 1993 850 2049 Celebrans
869 1993 898 2048 in

7 2099 8 2120 2
100 2065 230 2134 sacristia,
250 2064 437 2121 adiuvantibus
451 2065 567 2121 secundo
588 2081 620 2120 ao
639 2066 719 2120 tertio
734 2065 839 2134 clerico,
859 2065 898 2118 in·

7 2141 8 2162 ³
100 2136 159 2191 duit
172 2151 253 2204 super
266 2143 365 2191 cottam
378 2137 509 2205 amictum,
524 2137 619 2207 albam,
640 2137 781 2206 cingulum,
800 2136 898 2191 stolam

101 2214 129 2262 et
151 2208 268 2276 pluviale
293 2208 448 2266 violaceum.
492 2209 518 2277 3)
536 2207 612 2262 idem
636 2207 772 2262 benedicit
793 2221 898 2274 aquam,

101 2284 132 2333 ut
148 2280 177 2332 in
194 2279 312 2348 Missali,
338 2286 366 2334 et
382 2279 488 2334 interim
514 2280 615 2347 primus
640 2280 752 2334 clericus
779 2277 900 2346 accendit

101 2364 194 2405 cereos
212 2351 240 2404 in
258 2350 343 2404 altari.
380 2350 407 2419 4)
432 2350 585 2420 celebrans,
608 2349 787 2419 praecedente
812 2349 898 2417 primo

102 2419 198 2474 oleiico
212 2428 336 2489 portante
356 2437 404 2478 vas
422 2438 482 2475 cum
494 2438 565 2489 aqua
577 2437 663 2490 nuper
677 2420 824 2489 benedicta,
844 2434 899 2473 me·

8 2505 9 2524 t
103 2490 163 2545 dius
179 2493 249 2546 inter
266 2492 411 2548 secundnm
430 2500 457 2548 et
474 2494 582 2548 tertium
600 2493 739 2561 clericum,
765 2499 837 2546 teoto
856 2506 900 2545 oa·

102 2561 173 2630 pite,
198 2563 318 2629 procedit
337 2563 371 2619 ad
389 2565 486 2632 altare,
513 2570 540 2619 et
558 2563 712 2632 genuflectit
736 2564 764 2617 in
783 2564 841 2617 eius
859 2562 898 2615 in·
990 2631 992 2636 Ι

101 2629 164 2686 fimo
183 2633 268 2700 gradu
281 2650 330 2703 pro
344 2636 499 2703 aspersione
513 2651 598 2704 aquae
610 2634 775 2690 benedictae.
809 2635 835 2702 5)
854 2632 900 2686 Fit

102 2733 264 2748 —

157 2802 242 2832 sumere
251 2795 428 2841 parochialibusl
443 2795 462 2839 fl.
473 2797 499 2837 li.
509 2797 532 2838 (i.
541 2796 576 2836 dic
585 2793 618 2840 10.
628 2797 729 2837 Deccmb.
740 2791 800 2836 llos.
810 2805 900 2845 respon·

156 2858 201 2897 dit:
217 2858 323 2906 Napaeae.
