<?xml version="1.0" encoding="UTF-8"?>
<!DOCTYPE html PUBLIC "-//W3C//DTD XHTML 1.0 Transitional//EN"
    "http://www.w3.org/TR/xhtml1/DTD/xhtml1-transitional.dtd">
<html xmlns="http://www.w3.org/1999/xhtml" xml:lang="en" lang="en">
 <head>
  <title>
</title>
<meta http-equiv="Content-Type" content="text/html;charset=utf-8" />
  <meta name='ocr-system' content='tesseract 3.04.00' />
  <meta name='ocr-capabilities' content='ocr_page ocr_carea ocr_par ocr_line ocrx_word'/>
</head>
<body>
  <div class='ocr_page' id='page_1' title='image "./manualesacerdot00schngoog_0512.png"; bbox 0 0 2152 3234; ppageno 0'>
   <div class='ocr_carea' id='block_1_1' title="bbox 62 140 768 198">
    <p class='ocr_par' dir='ltr' id='par_1_1' title="bbox 62 140 768 198">
     <span class='ocr_line' id='line_1_1' title="bbox 62 140 768 198; baseline 0.003 -14"><span class='ocrx_word' id='word_1_1' title='bbox 62 187 67 198; x_wconf 64' lang='lat'>‚</span> <span class='ocrx_word' id='word_1_2' title='bbox 143 140 185 184; x_wconf 75' lang='lat'><strong>482</strong></span> <span class='ocrx_word' id='word_1_3' title='bbox 319 143 352 182; x_wconf 87' lang='lat' dir='ltr'><strong>De</strong></span> <span class='ocrx_word' id='word_1_4' title='bbox 366 144 557 184; x_wconf 68' lang='lat' dir='ltr'><strong>sacramentorum</strong></span> <span class='ocrx_word' id='word_1_5' title='bbox 569 141 768 186; x_wconf 65' lang='lat' dir='ltr'><strong>administratione.</strong></span> 
     </span>
    </p>
   </div>
   <div class='ocr_carea' id='block_1_2' title="bbox 231 240 857 368">
    <p class='ocr_par' dir='ltr' id='par_1_2' title="bbox 231 240 857 368">
     <span class='ocr_line' id='line_1_2' title="bbox 231 240 857 298; baseline 0.002 -10"><span class='ocrx_word' id='word_1_6' title='bbox 231 241 268 288; x_wconf 88' lang='grc'><strong>16.</strong></span> <span class='ocrx_word' id='word_1_7' title='bbox 282 241 374 288; x_wconf 72' lang='lat' dir='ltr'><strong>Modus</strong></span> <span class='ocrx_word' id='word_1_8' title='bbox 387 241 544 288; x_wconf 78' lang='lat' dir='ltr'><strong>restituendi</strong></span> <span class='ocrx_word' id='word_1_9' title='bbox 556 240 599 288; x_wconf 88' lang='lat' dir='ltr'><strong>ius</strong></span> <span class='ocrx_word' id='word_1_10' title='bbox 611 241 719 298; x_wconf 82' lang='lat' dir='ltr'><strong>petendi</strong></span> <span class='ocrx_word' id='word_1_11' title='bbox 732 241 857 290; x_wconf 80' lang='lat' dir='ltr'><strong>debitum.</strong></span> 
     </span>
     <span class='ocr_line' id='line_1_3' title="bbox 272 317 810 368; baseline 0.004 -12"><span class='ocrx_word' id='word_1_12' title='bbox 272 317 296 368; x_wconf 83' lang='lat' dir='ltr'><strong>o)</strong></span> <span class='ocrx_word' id='word_1_13' title='bbox 310 317 334 358; x_wconf 80' lang='lat' dir='ltr'><strong>Si</strong></span> <span class='ocrx_word' id='word_1_14' title='bbox 347 319 447 358; x_wconf 69' lang='lat' dir='ltr'><strong>ommim</strong></span> <span class='ocrx_word' id='word_1_15' title='bbox 458 318 503 367; x_wconf 77' lang='lat' dir='ltr'><strong>suit</strong></span> <span class='ocrx_word' id='word_1_16' title='bbox 513 329 555 368; x_wconf 82' lang='lat' dir='ltr'><strong>per</strong></span> <span class='ocrx_word' id='word_1_17' title='bbox 567 318 693 368; x_wconf 60' lang='lat' dir='ltr'><strong>officum</strong></span> <span class='ocrx_word' id='word_1_18' title='bbox 707 318 810 358; x_wconf 74' lang='lat' dir='ltr'><strong>illicitans.</strong></span> 
     </span>
    </p>
   </div>
   <div class='ocr_carea' id='block_1_3' title="bbox 95 394 952 1246">
    <p class='ocr_par' dir='ltr' id='par_1_3' title="bbox 95 394 952 532">
     <span class='ocr_line' id='line_1_4' title="bbox 95 394 952 464; baseline 0.002 -15"><span class='ocrx_word' id='word_1_19' title='bbox 95 431 98 436; x_wconf 85' lang='lat'>·</span> <span class='ocrx_word' id='word_1_20' title='bbox 179 395 248 449; x_wconf 83' lang='lat' dir='ltr'><strong>Post</strong></span> <span class='ocrx_word' id='word_1_21' title='bbox 265 394 459 448; x_wconf 75' lang='lat' dir='ltr'><strong>absolutionem</strong></span> <span class='ocrx_word' id='word_1_22' title='bbox 478 409 497 448; x_wconf 85' lang='lat' dir='ltr'><strong>o</strong></span> <span class='ocrx_word' id='word_1_23' title='bbox 515 396 635 449; x_wconf 71' lang='lat' dir='ltr'><strong>censuris</strong></span> <span class='ocrx_word' id='word_1_24' title='bbox 647 400 673 450; x_wconf 84' lang='lat' dir='ltr'><strong>ct</strong></span> <span class='ocrx_word' id='word_1_25' title='bbox 680 397 802 464; x_wconf 80' lang='lat' dir='ltr'><strong>pcccatis</strong></span> <span class='ocrx_word' id='word_1_26' title='bbox 813 396 845 450; x_wconf 75' lang='lat' dir='ltr'><strong>ic</strong></span> <span class='ocrx_word' id='word_1_27' title='bbox 855 395 952 462; x_wconf 72' lang='lat' dir='ltr'><strong>form</strong></span> 
     </span>
     <span class='ocr_line' id='line_1_5' title="bbox 143 465 645 532; baseline 0 -12"><span class='ocrx_word' id='word_1_28' title='bbox 143 465 225 520; x_wconf 81' lang='lat' dir='ltr'><strong>solito</strong></span> <span class='ocrx_word' id='word_1_29' title='bbox 242 465 430 520; x_wconf 64' lang='lat' dir='ltr'><strong>(intermicet</strong></span> <span class='ocrx_word' id='word_1_30' title='bbox 447 466 645 532; x_wconf 68' lang='lat' dir='ltr'><strong>confessorias:</strong></span> 
     </span>
    </p>

    <p class='ocr_par' dir='ltr' id='par_1_4' title="bbox 143 534 952 960">
     <span class='ocr_line' id='line_1_6' title="bbox 179 534 951 606; baseline 0.004 -16"><span class='ocrx_word' id='word_1_31' title='bbox 179 536 217 590; x_wconf 85' lang='lat' dir='ltr'><strong>Et</strong></span> <span class='ocrx_word' id='word_1_32' title='bbox 234 536 345 604; x_wconf 86' lang='lat' dir='ltr'><strong>insuper</strong></span> <span class='ocrx_word' id='word_1_33' title='bbox 363 534 522 592; x_wconf 78' lang='lat' dir='ltr'><strong>auctoritate</strong></span> <span class='ocrx_word' id='word_1_34' title='bbox 535 537 693 605; x_wconf 82' lang='lat' dir='ltr'><strong>Apostolics</strong></span> <span class='ocrx_word' id='word_1_35' title='bbox 706 575 750 594; x_wconf 85' lang='grc'><strong>...</strong></span> <span class='ocrx_word' id='word_1_36' title='bbox 763 536 829 590; x_wconf 86' lang='lat' dir='ltr'><strong>mihi</strong></span> <span class='ocrx_word' id='word_1_37' title='bbox 843 538 951 606; x_wconf 77' lang='lat' dir='ltr'><strong>specis·</strong></span> 
     </span>
     <span class='ocr_line' id='line_1_7' title="bbox 143 607 950 679; baseline 0.001 -17"><span class='ocrx_word' id='word_1_38' title='bbox 143 607 205 662; x_wconf 84' lang='lat' dir='ltr'><strong>liter</strong></span> <span class='ocrx_word' id='word_1_39' title='bbox 224 607 363 677; x_wconf 45' lang='lat' dir='ltr'><strong>delegatas</strong></span> <span class='ocrx_word' id='word_1_40' title='bbox 375 607 500 676; x_wconf 85' lang='lat' dir='ltr'><strong>dispenso</strong></span> <span class='ocrx_word' id='word_1_41' title='bbox 518 615 614 679; x_wconf 85' lang='lat' dir='ltr'><strong>tecum,</strong></span> <span class='ocrx_word' id='word_1_42' title='bbox 632 615 735 663; x_wconf 91' lang='lat' dir='ltr'><strong>utnon</strong></span> <span class='ocrx_word' id='word_1_43' title='bbox 753 607 876 663; x_wconf 68' lang='lat' dir='ltr'><strong>obstante</strong></span> <span class='ocrx_word' id='word_1_44' title='bbox 891 609 950 664; x_wconf 82' lang='lat' dir='ltr'><strong>uffi-</strong></span> 
     </span>
     <span class='ocr_line' id='line_1_8' title="bbox 144 679 952 749; baseline 0 -15"><span class='ocrx_word' id='word_1_45' title='bbox 144 679 237 749; x_wconf 77' lang='lat' dir='ltr'><strong>nitate,</strong></span> <span class='ocrx_word' id='word_1_46' title='bbox 257 695 336 747; x_wconf 84' lang='lat' dir='ltr'><strong>qusm</strong></span> <span class='ocrx_word' id='word_1_47' title='bbox 354 679 511 734; x_wconf 72' lang='lat' dir='ltr'><strong>contraxisti</strong></span> <span class='ocrx_word' id='word_1_48' title='bbox 529 695 588 734; x_wconf 87' lang='lat' dir='ltr'><strong>cum</strong></span> <span class='ocrx_word' id='word_1_49' title='bbox 611 686 659 734; x_wconf 89' lang='lat' dir='ltr'><strong>tus</strong></span> <span class='ocrx_word' id='word_1_50' title='bbox 684 694 770 734; x_wconf 79' lang='lat' dir='ltr'><strong>uxore</strong></span> <span class='ocrx_word' id='word_1_51' title='bbox 795 694 830 733; x_wconf 83' lang='lat' dir='ltr'><strong>ex</strong></span> <span class='ocrx_word' id='word_1_52' title='bbox 855 681 952 736; x_wconf 78' lang='lat' dir='ltr'><strong>illicita</strong></span> 
     </span>
     <span class='ocr_line' id='line_1_9' title="bbox 145 750 949 821; baseline 0.002 -17"><span class='ocrx_word' id='word_1_53' title='bbox 145 751 243 818; x_wconf 77' lang='lat' dir='ltr'><strong>copula</strong></span> <span class='ocrx_word' id='word_1_54' title='bbox 261 766 278 804; x_wconf 83' lang='lat' dir='ltr'><strong>s</strong></span> <span class='ocrx_word' id='word_1_55' title='bbox 296 757 323 805; x_wconf 90' lang='lat' dir='ltr'><strong>te</strong></span> <span class='ocrx_word' id='word_1_56' title='bbox 339 750 433 806; x_wconf 77' lang='lat' dir='ltr'><strong>habito</strong></span> <span class='ocrx_word' id='word_1_57' title='bbox 451 766 511 804; x_wconf 90' lang='lat' dir='ltr'><strong>cum</strong></span> <span class='ocrx_word' id='word_1_58' title='bbox 529 751 587 806; x_wconf 90' lang='lat' dir='ltr'><strong>eius</strong></span> <span class='ocrx_word' id='word_1_59' title='bbox 605 765 698 806; x_wconf 90' lang='lat' dir='ltr'><strong>sorore</strong></span> <span class='ocrx_word' id='word_1_60' title='bbox 718 751 771 820; x_wconf 88' lang='lat' dir='ltr'><strong>(vei</strong></span> <span class='ocrx_word' id='word_1_61' title='bbox 783 751 889 821; x_wconf 75' lang='lat' dir='ltr'><strong>metue),</strong></span> <span class='ocrx_word' id='word_1_62' title='bbox 901 751 949 806; x_wconf 91' lang='lat' dir='ltr'><strong>de·</strong></span> 
     </span>
     <span class='ocr_line' id='line_1_10' title="bbox 144 821 951 890; baseline 0.002 -14"><span class='ocrx_word' id='word_1_63' title='bbox 144 821 230 876; x_wconf 89' lang='lat' dir='ltr'><strong>bitum</strong></span> <span class='ocrx_word' id='word_1_64' title='bbox 249 822 387 890; x_wconf 79' lang='lat' dir='ltr'><strong>coniugale</strong></span> <span class='ocrx_word' id='word_1_65' title='bbox 412 837 429 876; x_wconf 84' lang='lat' dir='ltr'><strong>a</strong></span> <span class='ocrx_word' id='word_1_66' title='bbox 452 829 500 877; x_wconf 80' lang='lat' dir='ltr'><strong>tus</strong></span> <span class='ocrx_word' id='word_1_67' title='bbox 524 837 609 876; x_wconf 77' lang='lat' dir='ltr'><strong>uxore</strong></span> <span class='ocrx_word' id='word_1_68' title='bbox 634 822 715 878; x_wconf 82' lang='lat' dir='ltr'><strong>etium</strong></span> <span class='ocrx_word' id='word_1_69' title='bbox 742 822 850 890; x_wconf 79' lang='lat' dir='ltr'><strong>exigere</strong></span> <span class='ocrx_word' id='word_1_70' title='bbox 875 823 951 878; x_wconf 78' lang='lat' dir='ltr'><strong>licite</strong></span> 
     </span>
     <span class='ocr_line' id='line_1_11' title="bbox 144 893 803 960; baseline 0 -12"><span class='ocrx_word' id='word_1_71' title='bbox 144 893 234 960; x_wconf 87' lang='lat' dir='ltr'><strong>possis</strong></span> <span class='ocrx_word' id='word_1_72' title='bbox 255 900 282 947; x_wconf 89' lang='lat' dir='ltr'><strong>et</strong></span> <span class='ocrx_word' id='word_1_73' title='bbox 300 894 400 948; x_wconf 83' lang='lat' dir='ltr'><strong>vsleos.</strong></span> <span class='ocrx_word' id='word_1_74' title='bbox 436 893 468 946; x_wconf 87' lang='lat' dir='ltr'><strong>iu</strong></span> <span class='ocrx_word' id='word_1_75' title='bbox 485 894 592 948; x_wconf 89' lang='lat' dir='ltr'><strong>nomine</strong></span> <span class='ocrx_word' id='word_1_76' title='bbox 609 893 698 948; x_wconf 86' lang='lat' dir='ltr'><strong>Patris</strong></span> <span class='ocrx_word' id='word_1_77' title='bbox 716 896 735 959; x_wconf 92' lang='lat'><strong>†</strong></span> <span class='ocrx_word' id='word_1_78' title='bbox 753 901 803 948; x_wconf 88' lang='lat' dir='ltr'><strong>etc.</strong></span> 
     </span>
    </p>

    <p class='ocr_par' dir='ltr' id='par_1_5' title="bbox 142 963 947 1246">
     <span class='ocr_line' id='line_1_12' title="bbox 179 963 947 1034; baseline -0.003 -16"><span class='ocrx_word' id='word_1_79' title='bbox 179 964 217 1018; x_wconf 88' lang='lat' dir='ltr'><strong>Et</strong></span> <span class='ocrx_word' id='word_1_80' title='bbox 236 965 338 1032; x_wconf 80' lang='lat' dir='ltr'><strong>puriter</strong></span> <span class='ocrx_word' id='word_1_81' title='bbox 356 964 449 1018; x_wconf 85' lang='lat' dir='ltr'><strong>ecdem</strong></span> <span class='ocrx_word' id='word_1_82' title='bbox 467 964 627 1019; x_wconf 74' lang='lat' dir='ltr'><strong>auctoritate</strong></span> <span class='ocrx_word' id='word_1_83' title='bbox 645 963 761 1034; x_wconf 81' lang='lat' dir='ltr'><strong>declaro,</strong></span> <span class='ocrx_word' id='word_1_84' title='bbox 779 971 807 1018; x_wconf 89' lang='lat' dir='ltr'><strong>te</strong></span> <span class='ocrx_word' id='word_1_85' title='bbox 825 977 880 1018; x_wconf 88' lang='lat' dir='ltr'><strong>non</strong></span> <span class='ocrx_word' id='word_1_86' title='bbox 899 963 947 1019; x_wconf 90' lang='lat' dir='ltr'><strong>ob-</strong></span> 
     </span>
     <span class='ocr_line' id='line_1_13' title="bbox 145 1034 947 1104; baseline 0.001 -15"><span class='ocrx_word' id='word_1_87' title='bbox 145 1041 233 1090; x_wconf 75' lang='lat' dir='ltr'><strong>stante</strong></span> <span class='ocrx_word' id='word_1_88' title='bbox 250 1034 375 1102; x_wconf 78' lang='lat' dir='ltr'><strong>praefato</strong></span> <span class='ocrx_word' id='word_1_89' title='bbox 392 1035 518 1090; x_wconf 71' lang='lat' dir='ltr'><strong>affinitate</strong></span> <span class='ocrx_word' id='word_1_90' title='bbox 537 1036 751 1104; x_wconf 84' lang='lat' dir='ltr'><strong>superveniente,</strong></span> <span class='ocrx_word' id='word_1_91' title='bbox 765 1035 794 1089; x_wconf 91' lang='lat' dir='ltr'><strong>iu</strong></span> <span class='ocrx_word' id='word_1_92' title='bbox 805 1034 947 1090; x_wconf 85' lang='lat' dir='ltr'><strong>Mstrimo·</strong></span> 
     </span>
     <span class='ocr_line' id='line_1_14' title="bbox 143 1105 947 1174; baseline 0.001 -16"><span class='ocrx_word' id='word_1_93' title='bbox 143 1105 188 1160; x_wconf 92' lang='lat' dir='ltr'><strong>nio</strong></span> <span class='ocrx_word' id='word_1_94' title='bbox 207 1121 267 1159; x_wconf 89' lang='lat' dir='ltr'><strong>cum</strong></span> <span class='ocrx_word' id='word_1_95' title='bbox 285 1112 332 1160; x_wconf 82' lang='lat' dir='ltr'><strong>tus</strong></span> <span class='ocrx_word' id='word_1_96' title='bbox 350 1121 434 1161; x_wconf 77' lang='lat' dir='ltr'><strong>uxore</strong></span> <span class='ocrx_word' id='word_1_97' title='bbox 451 1121 591 1162; x_wconf 80' lang='lat' dir='ltr'><strong>remouere</strong></span> <span class='ocrx_word' id='word_1_98' title='bbox 608 1106 699 1174; x_wconf 88' lang='lat' dir='ltr'><strong>illique</strong></span> <span class='ocrx_word' id='word_1_99' title='bbox 719 1105 838 1160; x_wconf 87' lang='lat' dir='ltr'><strong>debitum</strong></span> <span class='ocrx_word' id='word_1_100' title='bbox 854 1105 947 1160; x_wconf 89' lang='lat' dir='ltr'><strong>coniu-</strong></span> 
     </span>
     <span class='ocr_line' id='line_1_15' title="bbox 142 1175 947 1246; baseline 0.005 -16"><span class='ocrx_word' id='word_1_101' title='bbox 142 1176 203 1244; x_wconf 82' lang='lat' dir='ltr'><strong>gsle</strong></span> <span class='ocrx_word' id='word_1_102' title='bbox 216 1175 330 1232; x_wconf 85' lang='lat' dir='ltr'><strong>reddere</strong></span> <span class='ocrx_word' id='word_1_103' title='bbox 344 1193 425 1246; x_wconf 88' lang='lat' dir='ltr'><strong>posse</strong></span> <span class='ocrx_word' id='word_1_104' title='bbox 438 1183 467 1232; x_wconf 90' lang='lat' dir='ltr'><strong>et</strong></span> <span class='ocrx_word' id='word_1_105' title='bbox 480 1176 588 1237; x_wconf 84' lang='lat' dir='ltr'><strong>debere.</strong></span> <span class='ocrx_word' id='word_1_106' title='bbox 605 1178 638 1232; x_wconf 90' lang='lat' dir='ltr'><strong>In</strong></span> <span class='ocrx_word' id='word_1_107' title='bbox 650 1177 756 1232; x_wconf 89' lang='lat' dir='ltr'><strong>nomine</strong></span> <span class='ocrx_word' id='word_1_108' title='bbox 765 1177 855 1232; x_wconf 83' lang='lat' dir='ltr'><strong>Patris</strong></span> <span class='ocrx_word' id='word_1_109' title='bbox 865 1180 884 1243; x_wconf 92' lang='lat'><strong>†</strong></span> <span class='ocrx_word' id='word_1_110' title='bbox 893 1183 947 1235; x_wconf 77' lang='lat' dir='ltr'><strong>etc.</strong></span> 
     </span>
    </p>
   </div>
   <div class='ocr_carea' id='block_1_4' title="bbox 301 1281 781 1336">
    <p class='ocr_par' dir='ltr' id='par_1_6' title="bbox 301 1281 781 1336">
     <span class='ocr_line' id='line_1_16' title="bbox 301 1281 781 1336; baseline -0.002 -13"><span class='ocrx_word' id='word_1_111' title='bbox 301 1281 324 1336; x_wconf 80' lang='lat' dir='ltr'><strong>b)</strong></span> <span class='ocrx_word' id='word_1_112' title='bbox 336 1285 360 1325; x_wconf 71' lang='grc' dir='ltr'><strong>δι’</strong></span> <span class='ocrx_word' id='word_1_113' title='bbox 372 1285 471 1324; x_wconf 69' lang='lat' dir='ltr'><strong>amotum</strong></span> <span class='ocrx_word' id='word_1_114' title='bbox 481 1284 527 1334; x_wconf 72' lang='lat' dir='ltr'><strong>fuit</strong></span> <span class='ocrx_word' id='word_1_115' title='bbox 538 1297 579 1336; x_wconf 83' lang='lat' dir='ltr'><strong>per</strong></span> <span class='ocrx_word' id='word_1_116' title='bbox 591 1288 660 1325; x_wconf 71' lang='lat' dir='ltr'><strong>oottom</strong></span> <span class='ocrx_word' id='word_1_117' title='bbox 673 1285 781 1324; x_wconf 65' lang='lat' dir='ltr'><strong>motato.</strong></span> 
     </span>
    </p>
   </div>
   <div class='ocr_carea' id='block_1_5' title="bbox 141 1361 948 1856">
    <p class='ocr_par' dir='ltr' id='par_1_7' title="bbox 143 1361 946 1503">
     <span class='ocr_line' id='line_1_17' title="bbox 179 1361 946 1430; baseline -0.003 -14"><span class='ocrx_word' id='word_1_118' title='bbox 179 1362 296 1416; x_wconf 84' lang='lat' dir='ltr'><strong>Peracto</strong></span> <span class='ocrx_word' id='word_1_119' title='bbox 315 1361 486 1430; x_wconf 69' lang='lat' dir='ltr'><strong>Confessioee</strong></span> <span class='ocrx_word' id='word_1_120' title='bbox 503 1366 528 1417; x_wconf 82' lang='lat' dir='ltr'><strong>et</strong></span> <span class='ocrx_word' id='word_1_121' title='bbox 546 1362 613 1416; x_wconf 82' lang='lat' dir='ltr'><strong>data</strong></span> <span class='ocrx_word' id='word_1_122' title='bbox 630 1361 797 1416; x_wconf 81' lang='lat' dir='ltr'><strong>absolutione</strong></span> <span class='ocrx_word' id='word_1_123' title='bbox 815 1375 834 1414; x_wconf 86' lang='lat' dir='ltr'><strong><em>a</em></strong></span> <span class='ocrx_word' id='word_1_124' title='bbox 851 1375 946 1414; x_wconf 71' lang='lat' dir='ltr'><strong>cessu-</strong></span> 
     </span>
     <span class='ocr_line' id='line_1_18' title="bbox 143 1433 678 1503; baseline -0.002 -16"><span class='ocrx_word' id='word_1_125' title='bbox 143 1434 183 1487; x_wconf 72' lang='lat' dir='ltr'><strong>tis</strong></span> <span class='ocrx_word' id='word_1_126' title='bbox 201 1437 226 1486; x_wconf 84' lang='lat' dir='ltr'><strong>et</strong></span> <span class='ocrx_word' id='word_1_127' title='bbox 239 1435 359 1503; x_wconf 79' lang='lat' dir='ltr'><strong>peccatis</strong></span> <span class='ocrx_word' id='word_1_128' title='bbox 377 1433 464 1488; x_wconf 74' lang='lat' dir='ltr'><strong>addat</strong></span> <span class='ocrx_word' id='word_1_129' title='bbox 481 1434 678 1501; x_wconf 71' lang='lat' dir='ltr'><strong>confessarius:</strong></span> 
     </span>
    </p>

    <p class='ocr_par' dir='ltr' id='par_1_8' title="bbox 141 1501 948 1856">
     <span class='ocr_line' id='line_1_19' title="bbox 178 1501 946 1574; baseline -0.001 -16"><span class='ocrx_word' id='word_1_130' title='bbox 178 1504 246 1559; x_wconf 89' lang='lat' dir='ltr'><strong>Item</strong></span> <span class='ocrx_word' id='word_1_131' title='bbox 260 1505 418 1560; x_wconf 83' lang='lat' dir='ltr'><strong>auctoritate</strong></span> <span class='ocrx_word' id='word_1_132' title='bbox 431 1505 589 1574; x_wconf 80' lang='lat' dir='ltr'><strong>Apostolica</strong></span> <span class='ocrx_word' id='word_1_133' title='bbox 599 1545 605 1558; x_wconf 91' lang='lat'><strong>.</strong></span> <span class='ocrx_word' id='word_1_134' title='bbox 617 1545 640 1558; x_wconf 92' lang='lat'><strong>..</strong></span> <span class='ocrx_word' id='word_1_135' title='bbox 655 1501 720 1557; x_wconf 90' lang='lat' dir='ltr'><strong>mihi</strong></span> <span class='ocrx_word' id='word_1_136' title='bbox 734 1501 887 1570; x_wconf 76' lang='lat' dir='ltr'><strong>specialiter</strong></span> <span class='ocrx_word' id='word_1_137' title='bbox 899 1502 946 1558; x_wconf 86' lang='lat' dir='ltr'><strong>de·</strong></span> 
     </span>
     <span class='ocr_line' id='line_1_20' title="bbox 142 1573 947 1645; baseline -0.001 -16"><span class='ocrx_word' id='word_1_138' title='bbox 142 1575 233 1645; x_wconf 75' lang='lat' dir='ltr'><strong>legato</strong></span> <span class='ocrx_word' id='word_1_139' title='bbox 249 1583 346 1644; x_wconf 89' lang='lat' dir='ltr'><strong>tecum,</strong></span> <span class='ocrx_word' id='word_1_140' title='bbox 364 1583 395 1630; x_wconf 91' lang='lat' dir='ltr'><strong>ut</strong></span> <span class='ocrx_word' id='word_1_141' title='bbox 411 1592 466 1630; x_wconf 88' lang='lat' dir='ltr'><strong>non</strong></span> <span class='ocrx_word' id='word_1_142' title='bbox 485 1575 608 1632; x_wconf 80' lang='lat' dir='ltr'><strong>obstante</strong></span> <span class='ocrx_word' id='word_1_143' title='bbox 626 1582 689 1630; x_wconf 91' lang='lat' dir='ltr'><strong>voto</strong></span> <span class='ocrx_word' id='word_1_144' title='bbox 709 1573 848 1642; x_wconf 81' lang='lat' dir='ltr'><strong>castitatis,</strong></span> <span class='ocrx_word' id='word_1_145' title='bbox 872 1573 947 1642; x_wconf 88' lang='lat' dir='ltr'><strong>quod</strong></span> 
     </span>
     <span class='ocr_line' id='line_1_21' title="bbox 144 1644 948 1718; baseline -0.001 -17"><span class='ocrx_word' id='word_1_146' title='bbox 144 1647 262 1718; x_wconf 79' lang='lat' dir='ltr'><strong>emisisti,</strong></span> <span class='ocrx_word' id='word_1_147' title='bbox 280 1649 309 1702; x_wconf 92' lang='lat' dir='ltr'><strong>in</strong></span> <span class='ocrx_word' id='word_1_148' title='bbox 327 1647 498 1703; x_wconf 81' lang='lat' dir='ltr'><strong>Matrimonio</strong></span> <span class='ocrx_word' id='word_1_149' title='bbox 515 1661 655 1701; x_wconf 84' lang='lat' dir='ltr'><strong>remouere</strong></span> <span class='ocrx_word' id='word_1_150' title='bbox 674 1652 702 1700; x_wconf 93' lang='lat' dir='ltr'><strong>et</strong></span> <span class='ocrx_word' id='word_1_151' title='bbox 718 1644 837 1699; x_wconf 86' lang='lat' dir='ltr'><strong>debitum</strong></span> <span class='ocrx_word' id='word_1_152' title='bbox 855 1645 948 1700; x_wconf 85' lang='lat' dir='ltr'><strong>coniu-</strong></span> 
     </span>
     <span class='ocr_line' id='line_1_22' title="bbox 142 1715 947 1788; baseline -0.005 -14"><span class='ocrx_word' id='word_1_153' title='bbox 142 1719 202 1786; x_wconf 79' lang='lat' dir='ltr'><strong>gale</strong></span> <span class='ocrx_word' id='word_1_154' title='bbox 216 1719 288 1774; x_wconf 92' lang='lat' dir='ltr'><strong>licite</strong></span> <span class='ocrx_word' id='word_1_155' title='bbox 308 1719 415 1788; x_wconf 79' lang='lat' dir='ltr'><strong>exigere</strong></span> <span class='ocrx_word' id='word_1_156' title='bbox 433 1718 532 1788; x_wconf 88' lang='lat' dir='ltr'><strong>possis,</strong></span> <span class='ocrx_word' id='word_1_157' title='bbox 551 1717 688 1786; x_wconf 89' lang='lat' dir='ltr'><strong>dispenso.</strong></span> <span class='ocrx_word' id='word_1_158' title='bbox 719 1716 751 1770; x_wconf 91' lang='lat' dir='ltr'><strong>In</strong></span> <span class='ocrx_word' id='word_1_159' title='bbox 768 1716 876 1771; x_wconf 89' lang='lat' dir='ltr'><strong>nomine</strong></span> <span class='ocrx_word' id='word_1_160' title='bbox 894 1715 947 1770; x_wconf 79' lang='lat' dir='ltr'><strong>Pe·</strong></span> 
     </span>
     <span class='ocr_line' id='line_1_23' title="bbox 141 1791 296 1856; baseline 0.039 -12"><span class='ocrx_word' id='word_1_161' title='bbox 141 1791 190 1846; x_wconf 90' lang='lat' dir='ltr'><strong>tris</strong></span> <span class='ocrx_word' id='word_1_162' title='bbox 209 1793 228 1856; x_wconf 92' lang='lat'>†</span> <span class='ocrx_word' id='word_1_163' title='bbox 246 1797 296 1849; x_wconf 88' lang='lat' dir='ltr'><strong>eto.</strong></span> 
     </span>
    </p>
   </div>
   <div class='ocr_carea' id='block_1_6' title="bbox 249 1896 830 1948">
    <p class='ocr_par' dir='ltr' id='par_1_9' title="bbox 249 1896 830 1948">
     <span class='ocr_line' id='line_1_24' title="bbox 249 1896 830 1948; baseline -0.009 -8"><span class='ocrx_word' id='word_1_164' title='bbox 249 1901 269 1948; x_wconf 81' lang='lat' dir='ltr'><strong>e)</strong></span> <span class='ocrx_word' id='word_1_165' title='bbox 282 1899 307 1940; x_wconf 72' lang='lat' dir='ltr'><strong>Si</strong></span> <span class='ocrx_word' id='word_1_166' title='bbox 319 1899 417 1940; x_wconf 79' lang='lat' dir='ltr'><strong>omissum</strong></span> <span class='ocrx_word' id='word_1_167' title='bbox 427 1898 473 1948; x_wconf 75' lang='lat' dir='ltr'><strong>fuit</strong></span> <span class='ocrx_word' id='word_1_168' title='bbox 483 1909 524 1948; x_wconf 82' lang='lat' dir='ltr'><strong>per</strong></span> <span class='ocrx_word' id='word_1_169' title='bbox 537 1898 679 1947; x_wconf 78' lang='lat' dir='ltr'><strong>oopcationom</strong></span> <span class='ocrx_word' id='word_1_170' title='bbox 692 1896 830 1948; x_wconf 59' lang='lat' dir='ltr'><strong>spirituatem</strong></span> 
     </span>
    </p>
   </div>
   <div class='ocr_carea' id='block_1_7' title="bbox 141 1973 948 2396">
    <p class='ocr_par' dir='ltr' id='par_1_10' title="bbox 141 1973 948 2116">
     <span class='ocr_line' id='line_1_25' title="bbox 179 1973 948 2042; baseline -0.001 -13"><span class='ocrx_word' id='word_1_171' title='bbox 179 1974 297 2030; x_wconf 81' lang='lat' dir='ltr'><strong>Peracta</strong></span> <span class='ocrx_word' id='word_1_172' title='bbox 315 1973 488 2042; x_wconf 77' lang='lat' dir='ltr'><strong>Confessione</strong></span> <span class='ocrx_word' id='word_1_173' title='bbox 505 1980 531 2030; x_wconf 84' lang='lat' dir='ltr'><strong>ct</strong></span> <span class='ocrx_word' id='word_1_174' title='bbox 549 1975 617 2029; x_wconf 81' lang='lat' dir='ltr'><strong>doto</strong></span> <span class='ocrx_word' id='word_1_175' title='bbox 633 1973 800 2028; x_wconf 74' lang='lat' dir='ltr'><strong>absolutione</strong></span> <span class='ocrx_word' id='word_1_176' title='bbox 817 1987 837 2026; x_wconf 81' lang='lat' dir='ltr'><strong><em>a</em></strong></span> <span class='ocrx_word' id='word_1_177' title='bbox 854 1988 948 2028; x_wconf 77' lang='lat' dir='ltr'><strong>censo·</strong></span> 
     </span>
     <span class='ocr_line' id='line_1_26' title="bbox 141 2046 736 2116; baseline -0.005 -16"><span class='ocrx_word' id='word_1_178' title='bbox 141 2047 182 2101; x_wconf 80' lang='lat' dir='ltr'><strong>ris</strong></span> <span class='ocrx_word' id='word_1_179' title='bbox 200 2051 225 2100; x_wconf 82' lang='lat' dir='ltr'><strong>et</strong></span> <span class='ocrx_word' id='word_1_180' title='bbox 239 2048 358 2114; x_wconf 79' lang='lat' dir='ltr'><strong>peccatis</strong></span> <span class='ocrx_word' id='word_1_181' title='bbox 375 2047 522 2116; x_wconf 64' lang='lat' dir='ltr'><strong>miocpet</strong></span> <span class='ocrx_word' id='word_1_182' title='bbox 540 2046 736 2113; x_wconf 70' lang='lat' dir='ltr'><strong>confessarios:</strong></span> 
     </span>
    </p>

    <p class='ocr_par' dir='ltr' id='par_1_11' title="bbox 141 2114 948 2396">
     <span class='ocr_line' id='line_1_27' title="bbox 177 2114 948 2186; baseline 0 -16"><span class='ocrx_word' id='word_1_183' title='bbox 177 2116 246 2171; x_wconf 89' lang='lat' dir='ltr'><strong>item</strong></span> <span class='ocrx_word' id='word_1_184' title='bbox 264 2117 422 2172; x_wconf 72' lang='lat' dir='ltr'><strong>auctoritate</strong></span> <span class='ocrx_word' id='word_1_185' title='bbox 448 2117 604 2186; x_wconf 84' lang='lat' dir='ltr'><strong>Apostolice</strong></span> <span class='ocrx_word' id='word_1_186' title='bbox 623 2155 630 2168; x_wconf 91' lang='lat'><strong>.</strong></span> <span class='ocrx_word' id='word_1_187' title='bbox 650 2158 657 2174; x_wconf 89' lang='lat'><strong>.</strong></span> <span class='ocrx_word' id='word_1_188' title='bbox 676 2155 685 2171; x_wconf 86' lang='lat'><strong>.</strong></span> <span class='ocrx_word' id='word_1_189' title='bbox 703 2114 769 2170; x_wconf 91' lang='lat' dir='ltr'><strong>mihi</strong></span> <span class='ocrx_word' id='word_1_190' title='bbox 792 2115 948 2184; x_wconf 79' lang='lat' dir='ltr'><strong>specialiter</strong></span> 
     </span>
     <span class='ocr_line' id='line_1_28' title="bbox 144 2185 946 2256; baseline 0 -14"><span class='ocrx_word' id='word_1_191' title='bbox 144 2187 269 2256; x_wconf 79' lang='lat' dir='ltr'><strong>delegata</strong></span> <span class='ocrx_word' id='word_1_192' title='bbox 285 2188 398 2243; x_wconf 87' lang='lat' dir='ltr'><strong>restituo</strong></span> <span class='ocrx_word' id='word_1_193' title='bbox 416 2189 466 2242; x_wconf 90' lang='lat' dir='ltr'><strong>tibi</strong></span> <span class='ocrx_word' id='word_1_194' title='bbox 483 2190 526 2244; x_wconf 87' lang='lat' dir='ltr'><strong>ius</strong></span> <span class='ocrx_word' id='word_1_195' title='bbox 538 2185 650 2256; x_wconf 87' lang='lat' dir='ltr'><strong>petendi</strong></span> <span class='ocrx_word' id='word_1_196' title='bbox 664 2185 783 2242; x_wconf 89' lang='lat' dir='ltr'><strong>debitum</strong></span> <span class='ocrx_word' id='word_1_197' title='bbox 796 2187 946 2255; x_wconf 75' lang='lat' dir='ltr'><strong>coniugale,</strong></span> 
     </span>
     <span class='ocr_line' id='line_1_29' title="bbox 142 2257 947 2329; baseline 0 -17"><span class='ocrx_word' id='word_1_198' title='bbox 142 2258 214 2326; x_wconf 88' lang='lat' dir='ltr'><strong>quod</strong></span> <span class='ocrx_word' id='word_1_199' title='bbox 232 2258 360 2314; x_wconf 77' lang='lat' dir='ltr'><strong>omiseras</strong></span> <span class='ocrx_word' id='word_1_200' title='bbox 378 2274 428 2328; x_wconf 91' lang='lat' dir='ltr'><strong>per</strong></span> <span class='ocrx_word' id='word_1_201' title='bbox 446 2261 632 2329; x_wconf 82' lang='lat' dir='ltr'><strong>cognationem</strong></span> <span class='ocrx_word' id='word_1_202' title='bbox 651 2258 825 2328; x_wconf 77' lang='lat' dir='ltr'><strong>spiritualem.</strong></span> <span class='ocrx_word' id='word_1_203' title='bbox 847 2257 880 2312; x_wconf 90' lang='lat' dir='ltr'><strong>In</strong></span> <span class='ocrx_word' id='word_1_204' title='bbox 897 2273 947 2312; x_wconf 91' lang='lat' dir='ltr'><strong>no·</strong></span> 
     </span>
     <span class='ocr_line' id='line_1_30' title="bbox 141 2329 525 2396; baseline 0.003 -12"><span class='ocrx_word' id='word_1_205' title='bbox 141 2329 212 2384; x_wconf 90' lang='lat' dir='ltr'><strong>mine</strong></span> <span class='ocrx_word' id='word_1_206' title='bbox 230 2329 318 2385; x_wconf 82' lang='lat' dir='ltr'><strong>Patris</strong></span> <span class='ocrx_word' id='word_1_207' title='bbox 337 2333 355 2396; x_wconf 89' lang='lat'>†</span> <span class='ocrx_word' id='word_1_208' title='bbox 373 2337 425 2386; x_wconf 90' lang='lat' dir='ltr'><strong>etc.</strong></span> <span class='ocrx_word' id='word_1_209' title='bbox 523 2369 525 2374; x_wconf 68' lang='lat'>,</span> 
     </span>
    </p>
   </div>
   <div class='ocr_carea' id='block_1_8' title="bbox 139 2439 946 2887">
    <p class='ocr_par' dir='ltr' id='par_1_12' title="bbox 139 2439 946 2887">
     <span class='ocr_line' id='line_1_31' title="bbox 222 2439 862 2498; baseline -0.006 -12"><span class='ocrx_word' id='word_1_210' title='bbox 222 2441 251 2486; x_wconf 79' lang='grc'><strong>13.</strong></span> <span class='ocrx_word' id='word_1_211' title='bbox 269 2441 348 2486; x_wconf 70' lang='lat' dir='ltr'><strong>um</strong></span> <span class='ocrx_word' id='word_1_212' title='bbox 360 2440 503 2486; x_wconf 64' lang='lat' dir='ltr'><strong>motationis</strong></span> <span class='ocrx_word' id='word_1_213' title='bbox 515 2441 620 2498; x_wconf 76' lang='lat' dir='ltr'><strong>psumiis</strong></span> <span class='ocrx_word' id='word_1_214' title='bbox 633 2453 673 2494; x_wconf 76' lang='lat' dir='ltr'><strong>per</strong></span> <span class='ocrx_word' id='word_1_215' title='bbox 685 2439 862 2498; x_wconf 62' lang='lat' dir='ltr'><strong>interceptiones</strong></span> 
     </span>
     <span class='ocr_line' id='line_1_32' title="bbox 467 2507 615 2552; baseline 0 0"><span class='ocrx_word' id='word_1_216' title='bbox 467 2507 615 2552; x_wconf 76' lang='lat' dir='ltr'><strong>instituendos.</strong></span> 
     </span>
     <span class='ocr_line' id='line_1_33' title="bbox 139 2582 946 2657; baseline -0.01 -9"><span class='ocrx_word' id='word_1_217' title='bbox 139 2642 143 2648; x_wconf 84' lang='lat'>.</span> <span class='ocrx_word' id='word_1_218' title='bbox 177 2588 256 2644; x_wconf 86' lang='lat' dir='ltr'><strong>Prius</strong></span> <span class='ocrx_word' id='word_1_219' title='bbox 282 2587 353 2644; x_wconf 81' lang='lat' dir='ltr'><strong>diest</strong></span> <span class='ocrx_word' id='word_1_220' title='bbox 376 2587 525 2657; x_wconf 89' lang='lat' dir='ltr'><strong>poenitens,</strong></span> <span class='ocrx_word' id='word_1_221' title='bbox 550 2601 619 2654; x_wconf 79' lang='lat' dir='ltr'><strong>quoe</strong></span> <span class='ocrx_word' id='word_1_222' title='bbox 644 2586 707 2655; x_wconf 85' lang='lat' dir='ltr'><strong>scit,</strong></span> <span class='ocrx_word' id='word_1_223' title='bbox 731 2585 784 2642; x_wconf 86' lang='lat' dir='ltr'><strong>nisi</strong></span> <span class='ocrx_word' id='word_1_224' title='bbox 806 2582 946 2652; x_wconf 81' lang='lat' dir='ltr'><strong>prseterst</strong></span> 
     </span>
     <span class='ocr_line' id='line_1_34' title="bbox 143 2655 946 2726; baseline -0.006 -12"><span class='ocrx_word' id='word_1_225' title='bbox 143 2659 234 2714; x_wconf 80' lang='lat' dir='ltr'><strong>stetim</strong></span> <span class='ocrx_word' id='word_1_226' title='bbox 251 2659 419 2726; x_wconf 79' lang='lat' dir='ltr'><strong>interrogari</strong></span> <span class='ocrx_word' id='word_1_227' title='bbox 455 2658 526 2714; x_wconf 79' lang='lat' dir='ltr'><strong>Ante</strong></span> <span class='ocrx_word' id='word_1_228' title='bbox 552 2657 642 2714; x_wconf 83' lang='lat' dir='ltr'><strong>omnio</strong></span> <span class='ocrx_word' id='word_1_229' title='bbox 663 2655 890 2725; x_wconf 75' lang='lat' dir='ltr'><strong>interrogandum,</strong></span> <span class='ocrx_word' id='word_1_230' title='bbox 909 2671 946 2710; x_wconf 83' lang='lat' dir='ltr'><strong>sn</strong></span> 
     </span>
     <span class='ocr_line' id='line_1_35' title="bbox 143 2725 931 2798; baseline -0.004 -13"><span class='ocrx_word' id='word_1_231' title='bbox 143 2729 180 2785; x_wconf 90' lang='lat' dir='ltr'><strong>sit</strong></span> <span class='ocrx_word' id='word_1_232' title='bbox 195 2729 338 2798; x_wconf 88' lang='lat' dir='ltr'><strong>poenitens</strong></span> <span class='ocrx_word' id='word_1_233' title='bbox 354 2729 526 2784; x_wconf 71' lang='lat' dir='ltr'><strong>matrimonio</strong></span> <span class='ocrx_word' id='word_1_234' title='bbox 543 2729 649 2784; x_wconf 87' lang='lat' dir='ltr'><strong>iunctus</strong></span> <span class='ocrx_word' id='word_1_235' title='bbox 667 2729 712 2784; x_wconf 86' lang='lat' dir='ltr'><strong>vel</strong></span> <span class='ocrx_word' id='word_1_236' title='bbox 728 2743 797 2796; x_wconf 84' lang='lat' dir='ltr'><strong>uon3</strong></span> <span class='ocrx_word' id='word_1_237' title='bbox 819 2725 931 2782; x_wconf 87' lang='lat' dir='ltr'><strong>deiude:</strong></span> 
     </span>
     <span class='ocr_line' id='line_1_36' title="bbox 177 2796 944 2887; baseline 0 -31"><span class='ocrx_word' id='word_1_238' title='bbox 177 2801 198 2856; x_wconf 92' lang='grc' dir='ltr'><strong>Ι.</strong></span> <span class='ocrx_word' id='word_1_239' title='bbox 236 2801 282 2887; x_wconf 77' lang='lat' dir='ltr'><strong>Au¹</strong></span> <span class='ocrx_word' id='word_1_240' title='bbox 296 2801 372 2857; x_wconf 83' lang='lat' dir='ltr'><strong>nutis</strong></span> <span class='ocrx_word' id='word_1_241' title='bbox 389 2801 532 2858; x_wconf 77' lang='lat' dir='ltr'><strong>contento</strong></span> <span class='ocrx_word' id='word_1_242' title='bbox 550 2800 712 2870; x_wconf 77' lang='lat' dir='ltr'><strong>storiispsi</strong></span> <span class='ocrx_word' id='word_1_243' title='bbox 738 2815 773 2856; x_wconf 87' lang='lat' dir='ltr'><strong>un</strong></span> <span class='ocrx_word' id='word_1_244' title='bbox 798 2796 944 2867; x_wconf 74' lang='lat' dir='ltr'><strong>aiqusmo</strong></span> 
     </span>
    </p>
   </div>
   <div class='ocr_carea' id='block_1_9' title="bbox 0 0 1080 3234">
    <p class='ocr_par' dir='ltr' id='par_1_13' title="bbox 0 0 1080 3234">
     <span class='ocr_line' id='line_1_37' title="bbox 0 0 1080 3234; baseline 0 0"><span class='ocrx_word' id='word_1_245' title='bbox 0 0 1080 3234; x_wconf 95' lang='lat' dir='ltr'><strong> </strong></span> 
     </span>
    </p>
   </div>
  </div>
 </body>
</html>
