2130 3242
325 173 359 216 bo
372 173 514 214 §commento
528 173 687 214 Poeolmntlae.
867 174 908 216 451

104 276 171 331 beat
188 276 305 330 animum
322 275 425 331 vitandi
441 281 616 346 reservatum,
634 275 678 330 vel
696 277 824 346 implendi
841 294 906 346 poe·

104 348 262 415 nitentiam;
281 354 345 402 tunc
364 349 433 402 enim
450 363 505 402 non
522 355 613 416 potest
631 350 746 416 supponi
764 351 907 404 conniven-

105 420 146 474 tia
165 419 327 486 superioris;
346 419 376 472 2⁰
395 419 418 473 si
436 425 531 486 agatur
549 418 583 472 de
600 419 734 488 iubilaeo,
763 420 826 486 quia
843 427 907 474 tunc

104 490 222 544 facultas
240 489 396 545 absolvendi
415 505 431 542 a
447 490 592 544 reservatis
606 505 661 545 non
674 489 836 560 conceditur,
855 492 907 545 nisi

106 561 143 616 ad
162 576 224 614 eum
241 559 329 628 finem
348 568 379 616 ut
395 559 489 620 fideles
507 561 651 615 iubilaeum
668 561 831 620 lucrentur..

144 631 198 699 Qui
215 633 286 686 bona
303 632 357 698 fide
375 631 508 687 sacerdoti
526 632 638 700 simplici
660 632 749 687 valide
768 631 910 686 confitetur

105 709 220 772 peccata
237 710 384 770 reservata,
402 702 530 757 indirecte
549 704 705 771 absolvitur,
724 705 748 758 si
764 703 827 759 talis
846 719 907 758 con·

106 775 237 830 fessardus
256 773 291 828 ad
308 775 517 829 reservationem
535 789 590 830 non
608 774 735 844 attendit,
761 776 826 829 item
843 774 911 828 indi-

108 852 182 902 recte
202 846 363 913 absolvitur,
387 847 433 912 qui
451 846 550 913 absque
567 847 649 914 nabeo
666 847 832 900 obliviscitur
849 861 911 914 pec·

110 917 164 972 cati
181 917 327 985 reservati,
351 917 414 971 licet
432 915 611 971 confessarius
629 925 721 972 careat
737 917 865 972 facultate
883 918 910 971 in

107 988 163 1042 tale
177 994 335 1056 peccatum3
354 987 468 1054 denique
482 987 611 1043 indirecte
625 988 773 1044 absolvitur
786 1004 803 1043 a
816 1004 910 1057 pecca-

107 1060 143 1114 tis
161 1060 316 1126 reservatis,
335 1060 381 1126 qui
399 1058 434 1112 ad
446 1058 584 1112 vitandum
597 1059 760 1129 scandalum,
779 1069 827 1115 ant
843 1059 885 1114 inf
900 1089 911 1100 ·

107 1131 189 1184 miam
207 1146 243 1186 ss.
262 1130 478 1184 Communionem
498 1131 619 1198 accipere
638 1130 726 1200 debet,
746 1139 773 1186 et
792 1131 827 1185 ad
848 1147 912 1186 con·

107 1200 251 1256 fossarium
264 1200 391 1256 facultate
406 1200 497 1256 debita
506 1201 657 1268 praeditum
667 1202 795 1257 accedere
808 1204 910 1270 nequit.
1001 1195 1005 1204 “

108 1273 140 1326 In
150 1273 237 1326 tribus
251 1273 324 1326 hisce
338 1273 444 1326 casibus
457 1272 653 1326 observandum
666 1281 715 1342 est,
726 1274 751 1342 a)
764 1274 910 1328 absolutio·

108 1359 170 1398 nem
189 1343 354 1398 solummodo
374 1343 408 1397 ad
426 1351 550 1411 peccata,
574 1359 629 1397 non
646 1359 712 1398 vero
731 1344 766 1398 ad
783 1360 911 1419 censuras

108 1415 260 1483 pertinere;
278 1415 307 1482 b)
326 1415 374 1468 tali
391 1413 470 1468 modo
489 1414 620 1480 indirecte
642 1415 793 1469 absolutum
812 1415 910 1470 debere

109 1486 215 1541 sublato
234 1485 422 1553 impedimento
441 1501 471 1540 se
490 1486 585 1540 sistere
604 1485 744 1554 superiori,
763 1493 793 1539 ut
811 1487 845 1540 ab
865 1503 909 1541 eo-

111 1557 173 1612 dem
192 1557 274 1610 etiam
292 1557 390 1612 diocte
408 1557 570 1612 absolvatur.
608 1555 673 1625 (Cfr.
692 1556 720 1611 S.
740 1557 801 1626 [rip.
820 1557 864 1611 lab.
884 1561 909 1612 6.

112 1645 140 1682 a.
162 1630 235 1694 596.)

150 1699 305 1766 Posuimus,
322 1699 368 1766 qui
376 1706 515 1753 reservata
524 1697 670 1753 declaravit
679 1705 706 1752 et
716 1696 913 1752 absolutionem

114 1771 227 1838 accepit,
245 1785 417 1838 praesumere
431 1777 529 1839 potest,
548 1768 741 1824 confessarium
754 1769 854 1822 habere
872 1768 911 1822 fa·

115 1843 242 1896 cultatem
255 1841 288 1895 ab
302 1841 335 1896 iis
350 1840 514 1897 absolvendi.
543 1841 572 1895 Si
587 1856 652 1894 vero
666 1846 864 1894 reservatorum
878 1841 913 1894 sit

114 1913 222 1980 oblitus,
247 1927 419 1980 praesumere
439 1911 527 1981 debet,
553 1911 745 1966 confessarium
762 1910 914 1966 huiusmodi

114 1983 244 2038 facultate
263 1999 363 2050 carere,
381 1984 433 2038 nisi
451 1984 612 2038 contrarium
630 1989 742 2038 constet.

150 2054 269 2122 Quilibet
286 2054 464 2109 confessarius
489 2055 630 2109 absolvere
652 2061 743 2122 potest
761 2069 777 2106 a
795 2053 912 2120 peccatis

114 2133 142 2180 et
160 2126 279 2180 censuris
298 2125 324 2195 (a
341 2125 408 2195 iure)
426 2141 481 2178 non
499 2127 650 2194 specialiter
667 2125 820 2180 reservatis.

151 2197 201 2264 Qui
216 2195 369 2250 facultatem
383 2196 534 2266 generalem
549 2198 652 2264 accepit
668 2198 701 2250 ab
716 2197 851 2264 Episcopo
866 2194 912 2249 ab·

113 2266 236 2323 solvendi
254 2267 374 2322 subditos
392 2268 476 2335 ipsius
499 2269 534 2321 ab
553 2269 674 2322 omnibus
699 2267 831 2336 peccatis,
860 2282 914 2320 non

115 2346 204 2407 potest
223 2353 256 2394 eo
273 2339 333 2406 ipso
348 2339 487 2392 absolvere
506 2354 523 2392 a
540 2339 699 2406 reservatis,
718 2355 779 2391 com
792 2339 821 2390 ia
834 2353 910 2406 peae-

113 2410 170 2463 rcli
187 2412 353 2464 concessione
375 2410 426 2462 elle
448 2424 504 2462 asoa
528 2411 653 2476 veniant,
682 2425 750 2477 qaae
774 2424 830 2462 aaa
848 2412 914 2462 esset

115 2481 176 2550 qaas
192 2481 377 2534 amommiliter
394 2482 425 2534 ia
442 2481 528 2548 specie
546 2495 726 2534 concessuros.

152 2551 179 2608 Si
196 2552 349 2620 Episcopus
367 2551 446 2606 alicui
472 2549 547 2606 daret
564 2551 698 2605 licentiam
716 2549 869 2618 generalem
887 2549 914 2602 in

113 2637 207 2678 omnes
227 2638 304 2678 casus
324 2623 375 2678 sibi
392 2630 560 2690 reservatos,
585 2621 699 2677 facultas
716 2621 763 2675 illa
781 2619 913 2689 generalis

114 2701 142 2749 et
171 2692 310 2748 indefinita
336 2710 391 2748 non
422 2693 612 2748 extenderetur
646 2692 681 2746 ad
716 2708 799 2751 casua
828 2690 915 2745 eidem

112 2766 250 2834 Episcopo
267 2765 418 2832 specialiter
434 2772 595 2833 reservatos,
614 2764 678 2832 quia
695 2763 848 2830 specialiter
867 2777 912 2815 ex-

113 2845 193 2905 cepta
210 2837 350 2903 requirunt
368 2836 513 2904 specialem
531 2835 738 2890 concessionem.
