2146 3234
14 1 36 131 i.

152 177 231 216 Medus
245 177 364 226 recipiendi
378 187 548 218 neo-couversos
562 180 585 219 ln
599 180 706 228 gremium
720 148 832 221 ecclesiae.
853 179 894 222 685

96 297 127 336 oo
140 281 214 349 iur03
239 281 277 336 sie
290 296 333 336 me
346 281 421 336 Deus
436 281 481 336 ed·
510 282 594 338 titubet
620 285 706 338 meroe.
755 283 815 338 mos
840 295 893 338 oers

97 354 171 407 iuvet
189 361 216 407 et
234 353 301 407 haee
319 359 413 420 saneto
430 353 482 408 Dei
509 353 604 422 tortile,
630 353 710 421 gelule
728 356 778 409 uno
796 355 894 424 immite

95 424 253 492 Evangelio.
508 423 540 490 io]
566 425 601 480 it.
627 425 670 492 lt,
700 426 724 492 io
752 426 819 492 molor
844 425 894 480 otio

509 493 571 552 &ott
584 495 650 564 little,
668 497 719 550 ooo
738 495 811 561 histes
825 496 894 552 &cio

508 565 607 636 heiligeo
622 565 800 636 &ooooeliuotl

130 636 275 692 Adoeobo
292 637 358 692 illo:
383 651 443 705 ego
469 637 478 691 i
511 653 558 691 em
583 637 756 706 spondeo,
781 652 893 692 voveo

98 724 136 763 oo
154 709 233 764 iuro
253 715 302 763 eto.
321 723 526 762 ooo-comosus
544 713 597 763 tres
615 709 714 778 dmitos
722 709 831 777 peiores
843 725 894 777 po·

97 781 139 834 oit
156 795 238 849 simeo·
263 779 380 834 codicem
397 780 550 849 Eooooelo'o',
578 780 619 834 oei
636 795 718 848 super
734 779 831 833 oerbo:
853 781 895 834 Io

91 851 287 920 principio
305 856 381 904 erat
398 851 537 905 verboso
555 855 602 905 ete.

135 923 205 1022 Tuom
222 922 347 976 sacerdos
364 924 520 992 oeousleous
538 922 604 976 dieii
617 921 757 976 Psalmwm
774 921 894 989 „Mise-

94 1009 171 1048 rere
195 1035 201 1047 .

130 1064 262 1120 Miserere
280 1064 341 1133 mei,
360 1065 443 1133 Deus,
462 1067 475 1092 ¹*
489 1065 634 1119 seeundum
652 1078 775 1132 magnum
792 1063 894 1119 miseri·

94 1135 212 1192 cordiam
229 1142 311 1190 tuam.
606 1169 607 1175 κ

131 1207 169 1261 Et
183 1206 328 1261 seeundum
341 1205 537 1260 multitudinem
550 1205 750 1261 miserationum
762 1212 869 1260 tuorum
882 1207 895 1232 *

96 1277 155 1334 dele
174 1277 341 1344 iniquitatem
358 1291 452 1330 meam.

134 1348 257 1415 Amplius
282 1347 345 1400 love
361 1361 404 1400 me
423 1347 458 1400 sb
475 1346 615 1414 iniquitate
633 1361 704 1402 mea:
723 1350 736 1375 *
755 1355 782 1404 et
799 1364 816 1403 a
833 1364 895 1417 pec·

97 1426 158 1474 esto
176 1429 236 1473 meo
255 1417 354 1471 mundo
371 1431 423 1473 me.
868 1478 869 1482 ἵ

136 1488 268 1555 Quoniam
292 1488 458 1556 iniquitatem
487 1502 573 1543 meum
600 1504 650 1557 ego
678 1505 818 1559 cognosco,
838 1491 896 1546 *et

11 1581 13 1586 ·
98 1565 239 1629 peceatum
256 1573 345 1613 meum
363 1565 456 1612 eontra
473 1574 515 1613 me
535 1566 576 1615 est
594 1575 707 1628 semper.

135 1630 196 1683 Tibi
203 1631 253 1685 soli
261 1630 379 1698 peccavi,
396 1637 423 1684 et
430 1631 529 1684 molum
541 1647 630 1686 eoram
642 1639 670 1686 te
684 1631 749 1686 feei:
760 1634 771 1658 ⁴
781 1636 812 1684 ut
819 1631 894 1684 iusti·

97 1700 187 1756 ficeris
205 1702 233 1754 in
252 1701 417 1756 sermonibus
435 1702 503 1756 tuis:
530 1708 558 1756 et
575 1703 665 1758 vineas
684 1719 743 1756 eum
759 1701 893 1756 iudiceris.

134 1773 206 1826 Eece
225 1773 295 1827 enim
313 1773 340 1826 in
357 1773 541 1840 iniquitatibus
559 1780 703 1842 conceptus
721 1789 780 1829 sum
797 1775 809 1800 *
828 1779 855 1827 et
866 1773 894 1826 in

97 1844 216 1914 peccatis
235 1845 357 1912 concepit
373 1859 415 1898 me
433 1851 519 1899 mater
531 1859 604 1902 meo.

134 1916 206 1970 Ecce
225 1916 295 1970 enim
312 1915 453 1970 veritatem
467 1915 591 1986 dilexisti,
605 1918 618 1943 *
631 1917 733 1970 ineerta
749 1922 777 1971 et
790 1914 895 1970 occulte

97 1987 247 2056 sapientiae
265 1994 328 2042 tuae
346 1986 521 2042 manifestasti
538 1988 611 2045 mihi.

135 2059 272 2127 Asperges
290 2073 333 2113 me
351 2058 477 2128 hyssopo,
496 2066 524 2114 et
543 2057 693 2114 mundabor
706 2061 718 2086 *
731 2057 834 2112 levabis
851 2071 894 2110 me

97 2136 126 2184 et
144 2144 226 2197 super
243 2129 331 2184 nivem
349 2128 501 2184 dealbabor.

133 2200 322 2256 Audituimeo
342 2200 417 2256 debis
431 2201 558 2269 goudium
572 2206 599 2255 et
612 2198 755 2255 laetitiam:
773 2202 785 2228 *
805 2206 832 2253 et
850 2215 895 2253 ex·

97 2272 237 2327 sultebunt
254 2288 317 2328 osse
333 2272 481 2327 humiliate.

133 2343 236 2398 Averte
254 2343 349 2398 faciem
366 2349 439 2397 tuom
458 2359 475 2398 s
492 2341 610 2410 peoootis
628 2341 708 2396 meis:
728 2343 740 2368 *
759 2347 787 2395 et
804 2355 896 2396 omnes

97 2414 252 2481 iniquitates
269 2430 344 2470 meos
363 2413 430 2468 dele.

136 2484 189 2540 Cor
205 2485 332 2539 mundum
359 2484 474 2539 cresin
500 2499 555 2552 me,
577 2483 667 2551 Deus,
693 2485 705 2510 *
731 2489 759 2537 et
776 2482 898 2551 spiritum

98 2561 201 2610 rectum
219 2557 318 2611 innova
335 2556 364 2610 in
380 2555 528 2611 visceribus
545 2554 621 2610 meis.

128 2625 176 2681 'Ne
194 2628 319 2696 proiieies
337 2641 380 2681 me
399 2643 415 2680 s
432 2625 501 2681 faeie
519 2633 580 2680 tuo:
606 2625 619 2650 ¹*
645 2631 673 2680 et
698 2624 819 2694 spiritum
838 2639 898 2680 san·

98 2703 170 2752 otum
188 2705 264 2753 tuum
282 2713 316 2752 ne
335 2697 442 2752 auferes
461 2713 478 2752 o
494 2711 546 2750 me.

132 2769 226 2825 Redde
253 2769 318 2823 mihi
342 2768 471 2822 laetitiam
490 2765 616 2826 solutoris
633 2765 687 2822 tui:
713 2769 725 2794 *
752 2772 780 2821 et
803 2765 899 2834 spiritu

96 2840 240 2910 principali
258 2838 384 2895 oonfiuma
401 2854 452 2897 me.
