2138 3226
214 193 247 233 De
260 193 361 242 partibus
374 191 492 233 mobilibus
506 191 589 231 Missae
602 191 674 231 officio
688 192 813 234 coniormis.
860 189 901 232 249

102 294 181 350 Idem
200 300 324 350 servetur
341 293 367 347 in
387 293 502 348 Secretis
521 299 549 346 et
567 291 738 347 Orationibus
756 294 903 360 postOom·

102 367 267 421 munionem.
288 365 385 431 (Baba.
403 380 462 433 poa.
481 364 606 418 Massalia
624 365 663 418 ot.
687 364 750 418 VH.
769 379 798 421 a.
815 367 852 432 8.)

136 437 163 507 g)
185 436 280 491 Oratio
290 436 328 488 ad
337 436 449 503 tabitam,
460 435 480 505 ²)
493 451 562 502 quae
571 435 651 489 tertio
664 435 724 489 loco
733 435 762 488 in
771 434 857 490 Missa
865 436 903 489 di·

100 508 189 564 cenda
205 506 398 576 praescribitur
416 506 450 560 ab
469 515 565 561 octava
577 506 752 561 Pentecosten
764 521 849 573 usque
868 507 903 562 ad

100 579 257 634 Adventum
276 586 304 632 et
323 594 339 631 a
355 577 545 632 Pruiiicatione
563 592 649 644 usque
672 576 707 631 ad
726 577 904 645 Quadragesi·

102 667 176 705 mam
189 667 243 718 per
260 649 369 702 modam
381 651 523 718 praecepti
539 649 757 718 etobiipatioac'a,
763 649 785 718 ²)
798 663 905 716 semper

100 721 203 776 dictet
228 736 364 787 nunquam
387 721 472 775 omitti
498 719 585 788 debet,
610 720 661 774 nisi
688 720 903 775 commemoratio

103 791 230 861 specialis
250 798 390 860 occurrat3
408 806 458 845 neo
471 799 561 866 potest
575 806 625 860 pro
638 791 685 844 illa
698 791 823 846 substitui
837 790 903 845 Ora·

99 865 140 919 tio
158 865 298 932 imperata,
317 876 367 918 nec
385 861 419 916 de
431 862 594 931 Venerabili,
619 862 725 931 quando
752 862 904 918 celebratur

99 950 193 990 coram
212 935 334 1002 exposito
354 934 534 1002 Sacramenta,
561 941 589 988 et
616 933 650 990 de
675 933 769 988 eodem
788 950 822 988 ex
839 949 902 988 mox

100 1005 192 1076 (adh)
219 1005 339 1059 dicendis
373 1005 427 1058 iam
452 1003 575 1058 iacienda
602 1011 645 1060 est
668 1006 900 1074 commemoratio;

99 1076 150 1132 sed
167 1077 276 1131 recitari
304 1075 385 1131 debet
409 1077 488 1130 tertio
517 1076 585 1144 loco,
614 1085 642 1130 et
669 1084 764 1144 quarto
783 1077 842 1132 loco
861 1092 903 1146 ea,
958 1081 963 1091 '

99 1163 171 1217 qnae
189 1148 265 1202 inraso
284 1146 384 1200 Summi
393 1145 530 1202 Pontificio
548 1147 592 1200 vel
605 1147 734 1219 Episcopi
748 1148 801 1202 dici
815 1147 902 1204 debet.

101 1219 142 1286 (S.
161 1219 196 1273 R.
218 1219 246 1273 0.
267 1221 310 1272 17.
328 1220 400 1288 Any.
419 1220 510 1285 1709.)

137 1290 167 1357 b)
188 1289 284 1344 Oratio
303 1290 337 1344 dc
358 1290 512 1345 Veaeeabata'
527 1290 556 1343 in
574 1289 696 1346 omnibus
707 1291 904 1346 Mnotaaoiem·

99 1361 182 1415 arbace
199 1377 255 1430 acu,
275 1375 345 1428 quac
363 1366 510 1416 constanter
527 1376 618 1414 coram
636 1360 683 1417 SS.
704 1359 903 1430 Sacramentoii

100 1433 129 1486 in
149 1432 230 1486 altari
249 1433 382 1501 exposito,
400 1430 460 1486 fieri
478 1431 559 1486 debet
575 1438 638 1499 post
656 1447 747 1487 omnes
761 1432 902 1488 abasOra-

122 1549 144 1600 ¹)
159 1551 250 1599 Quoties
269 1552 337 1592 tertia
355 1552 432 1591 Oratio
451 1553 483 1589 ast
500 1551 529 1589 ad
547 1551 643 1599 libitam,
666 1552 740 1598 potest
758 1562 805 1590 esse
828 1553 862 1592 vei
878 1554 904 1592 de

146 1619 269 1666 Pordona,
283 1618 310 1656 do
325 1617 394 1658 Graue
409 1620 449 1659 etc.
464 1615 495 1666 (S.
510 1617 535 1659 lt,
550 1615 572 1655 Ο.
586 1615 608 1656 2.
623 1615 678 1666 Sept.
698 1614 769 1664 1711);
793 1628 837 1656 non
850 1629 904 1658 varo

155 1683 182 1722 de
196 1683 272 1731 aliqua
285 1682 408 1730 Dominica,
427 1682 461 1720 vel
485 1681 512 1720 de
532 1682 606 1729 aliqua
618 1681 680 1725 teria.
699 1681 734 1720 vel
752 1683 778 1722 de
791 1684 860 1722 Beato
875 1683 904 1734 (O.

155 1749 181 1788 ll.
197 1748 221 1788 0,
234 1747 256 1787 4.
271 1748 336 1787 biart.
349 1745 413 1796 1866)
427 1757 497 1796 neque
511 1747 538 1786 de
553 1748 651 1794 Sanctis,
674 1757 767 1796 quorum
779 1747 803 1788 in
816 1759 904 1798 praece·

154 1813 259 1852 dentibus
275 1813 418 1853 Orationibus
432 1823 537 1860 expressa
550 1812 610 1852 sacta
623 1814 658 1852 est
671 1812 760 1850 mentio.
789 1813 904 1854 Orationes

157 1879 186 1918 od
206 1879 290 1917 libitam
309 1878 420 1926 eligantur
437 1878 523 1917 ratione
540 1877 646 1928 temporis
664 1878 748 1918 habits.
776 1879 852 1919 Oratio
863 1893 904 1930 pra

155 1955 177 1982 se
195 1944 243 1993 ipso
263 1943 369 1984 scandata
392 1943 455 1983 valde
479 1943 566 1991 quidem
585 1943 701 1992 conuenit,
724 1954 768 1984 non
786 1949 861 1986 tamen
880 1947 904 1986 in

156 2009 227 2052 stass
240 2009 384 2050 conventuali
397 2012 419 2048 et
432 2010 557 2060 principali.
584 2010 610 2050 ln
619 2010 761 2050 Orationibus
776 2013 803 2052 ad
816 2012 905 2053 libitum

154 2085 221 2114 voces
232 2086 303 2113 maana
313 2076 335 2114 at
343 2075 404 2115 bodie
412 2075 492 2115 debent
502 2076 587 2124 omitti;
596 2086 661 2114 voces
670 2086 722 2115 vero
731 2078 835 2125 natalitio,
842 2079 905 2128 scati-

155 2142 217 2190 astas,
231 2141 350 2181 aabnass'tas
359 2141 438 2180 debent
450 2142 531 2180 mutari
539 2142 562 2180 in
573 2143 736 2182 conmemoratio
746 2153 784 2182 sen
797 2146 904 2186 memmio.

158 2207 249 2255 Quando
272 2207 353 2246 dicitur
376 2205 451 2246 Oratio
471 2207 491 2246 A
511 2209 589 2248 cunctis
610 2217 650 2257 pro
669 2209 736 2248 tertia
753 2210 857 2250 Oratione
875 2210 905 2250 ad

156 2275 253 2322 libitam,
275 2272 311 2312 vel
325 2272 377 2321 quia
396 2273 516 2322 imperata,
540 2273 592 2323 poni
611 2277 684 2324 potest
703 2276 780 2316 Oratio
799 2277 905 2316 molestae

158 2345 213 2390 tuae,
227 2350 284 2389 quaa
298 2340 357 2378 circa
366 2340 431 2378 flnsm
445 2340 468 2378 in
478 2341 551 2381 verbis
565 2342 695 2390 comprima
709 2353 764 2392 pena
778 2344 903 2387 concordat.

156 2407 185 2457 (a
201 2408 227 2447 11.
242 2406 263 2450 0.
277 2405 314 2446 29.
329 2406 394 2449 Mart.
408 2405 477 2454 1851.)

124 2469 147 2526 ¹)
161 2475 223 2514 llaec
237 2472 314 2512 Oratio
327 2482 373 2512 nou
392 2473 425 2512 its
444 2475 479 2513 est
497 2473 525 2512 ad
539 2473 639 2522 libitum,
661 2476 687 2514 ut
707 2475 820 2516 celebrans
833 2477 906 2524 possit

155 2550 197 2590 pro
210 2538 295 2588 placito
310 2548 358 2578 eam
371 2538 444 2578 dicare
457 2538 492 2578 val
507 2540 616 2588 omittere,
638 2540 676 2580 sad
690 2541 834 2590 solummodo,
852 2542 905 2590 quis

155 2616 223 2646 uuam
236 2605 322 2653 potius,
345 2614 411 2652 qnam
430 2605 496 2644 aliam
517 2605 545 2644 ad
559 2605 676 2645 arbitrium
694 2609 716 2645 at
734 2616 775 2655 pro
789 2606 905 2646 devotione

156 2681 197 2711 sua
211 2673 285 2719 potest
298 2671 376 2710 dicere.

117 2734 140 2789 ⁸)
155 2738 253 2787 „liiism
267 2747 340 2776 coram
355 2747 384 2777 ss.
400 2735 543 2776 Sacramenta
562 2737 662 2786 exposito
681 2748 725 2776 non
739 2738 905 2787 permittuntur,

156 2803 200 2843 nisi
214 2803 291 2844 stricta
306 2804 424 2844 secundum
444 2804 582 2853 praescripta
601 2813 710 2844 canonum
723 2807 745 2843 et
759 2815 835 2845 samaa
849 2806 905 2846 Oan-

158 2868 296 2918 gragatlouis
317 2869 399 2908 rituum
418 2868 562 2912 decisiones.“
596 2867 665 2918 (em.
684 2879 741 2917 pror.
756 2867 799 2908 Col.
811 2880 835 2917 p.
850 2868 906 2918 100.)
