2106 3228
281 197 392 238 Materiae
406 195 564 236 nouandarum
576 195 749 238 meditationum.
890 192 917 237 49

108 301 144 354 ait
160 299 191 356 S.
209 299 365 368 Anselmus‚
393 299 492 353 decena
511 306 577 368 erat,
605 305 636 354 ut
654 315 687 353 ea
703 300 830 368 puritate,
858 315 912 368 qua

109 371 191 425 maior
210 371 262 424 sub
280 370 341 424 Deo
367 371 462 438 nequit
478 371 598 438 intelligi,
624 371 708 438 Virgo
735 371 782 424 illa
805 372 910 429 niteret.

110 442 237 510 Advorte,
257 449 388 508 quantum
402 443 477 496 Deus
492 441 568 496 adid
582 441 710 510 attendat,
730 441 802 510 quod
817 457 846 496 se
866 442 911 498 de-

40 534 57 548 f
112 519 160 567 cet.
179 511 201 566 0
222 513 246 568 si
264 520 293 566 et
310 519 341 566 tu
359 511 523 582 attenderes,
541 512 605 580 quid
623 521 659 581 te,
684 513 749 580 quid
767 521 866 568 statum
885 521 913 570 et

112 584 279 638 decadonem
296 589 372 636 tuum
391 583 502 638 deceat!

147 655 181 708 11.
211 655 282 708 Tota
295 655 415 722 pulcloru
433 671 468 720 ea,
493 656 582 708 amico
599 671 667 722 meo,
687 661 712 708 et
729 654 839 708 macula
856 671 912 710 oon

115 731 153 780 cat
168 727 197 779 in
215 731 249 779 tc.
269 725 358 791 (Cant
377 726 413 796 4.)
431 726 494 781 Non
510 733 614 780 tantum
630 735 771 794 peccatum
788 741 843 780 non
861 725 912 781 fuit

115 797 143 850 in
157 797 188 850 Β.
202 797 324 864 Virgine,
344 797 394 852 aed
410 813 498 864 neque
510 797 603 865 tomes,
621 813 709 866 neque
723 799 914 865 concupiscen-

114 868 164 935 tia,
188 883 278 936 neque
296 884 382 936 prava
398 868 550 935 inclinati03
575 868 623 922 sed
641 886 701 922 cum
719 885 822 923 summe
840 877 912 924 tran·

115 939 245 1006 quillitate
260 955 323 993 caro
344 945 373 992 et
392 955 487 994 sensus
501 941 628 994 suberant
641 941 738 995 rationi
752 948 780 994 et
797 941 911 1008 spiritui.

115 1010 169 1064 Sed
186 1010 271 1064 sentis
285 1010 364 1064 aliam
377 1010 465 1078 legem
476 1011 505 1064 in
518 1012 642 1065 membris
656 1012 721 1066 tuisl
751 1013 849 1066 Pacem
862 1013 910 1066 ha·

112 1081 197 1149 bebis‚
216 1083 240 1136 si
257 1083 486 1149 concupiscentias
505 1089 532 1136 et
551 1082 736 1138 inclinationes
757 1082 909 1151 mortifices,

113 1153 224 1206 siratio
244 1159 271 1206 et
289 1153 398 1219 spiritus
416 1160 537 1221 regnent,
555 1169 610 1206 non
627 1169 690 1208 caro
709 1161 736 1208 et
754 1169 857 1211 sensus.
877 1155 911 1210 ss·

112 1223 260 1277 seeundum
277 1239 385 1278 caraem
402 1225 532 1292 ommes,
551 1231 600 1278 etc.
766 1225 769 1231 '

147 1295 196 1348 ΠΙ.
222 1295 258 1348 Ira
266 1297 407 1364 meprutc'u
416 1297 503 1348 omnis
515 1296 575 1348 ciue
590 1294 844 1362 etumtotifflcel.
854 1298 910 1362 44.)

110 1366 141 1419 In
159 1367 246 1434 primo
272 1367 381 1420 instanti
405 1367 516 1420 contidit
532 1366 606 1421 Deus
624 1367 779 1435 B.·Virgini
797 1367 910 1435 gratiam

110 1437 275 1491 habitualem
292 1453 376 1506 supra
393 1453 486 1492 omnes
503 1437 625 1492 homines
645 1443 672 1492 et
686 1438 814 1506 Angelos,
831 1438 909 1492 intel·

109 1507 195 1562 lectus
209 1508 318 1576 plenum
331 1525 418 1577 usum,
437 1516 465 1562 et
478 1509 654 1577 cognitionem
667 1509 728 1578 Dei,
746 1509 912 1563 voluntatem

110 1579 198 1647 ipsum
213 1587 347 1634 amantem
361 1595 444 1648 supra
458 1595 548 1634 omnes
564 1581 719 1649 Seraphim3
739 1580 840 1648 gratias
859 1579 912 1633 etii·

114 1666 200 1719 oaces,
220 1667 280 1704 eum
292 1652 390 1718 quibus
404 1651 494 1704 statim
507 1651 651 1705 seeundum
672 1667 779 1705 omnem
791 1651 914 1705 intentio·

116 1737 178 1776 nem
196 1728 310 1790 operata
328 1729 377 1776 est
414 1723 484 1776 Hinc
501 1721 590 1790 vides,
619 1730 733 1791 quantas
751 1737 915 1790 congregare

116 1792 240 1848 debuerit
257 1793 411 1861 spirituales
430 1793 548 1848 divitias!
568 1794 622 1847 Sed
640 1792 747 1861 quando
765 1799 796 1846 tu
812 1793 915 1848 intelle-

115 1872 187 1918 ctum
206 1872 288 1932 atque
301 1864 466 1918 voluntatem
479 1864 538 1918 Deo
553 1865 705 1932 applicuisti
719 1871 747 1918 et
760 1864 915 1931 quomodo?

114 1937 158 1990 An
176 1942 339 2004 cooperatus
364 1951 394 1990 es
419 1936 530 2003 gratiis?
562 1936 605 1989 An
628 1935 836 2003 cooperaberis?
868 1937 915 2004 ita,

115 2015 145 2062 ut
163 2007 254 2061 dicere
272 2007 361 2074 possis
380 2023 439 2060 eum
456 2006 601 2074 Apostolo:
630 2007 729 2062 Gratia
753 2008 811 2061 eius
827 2008 858 2060 ab
875 2023 917 2060 aree

114 2093 205 2133 vacua
222 2078 358 2144 nonfuit.
391 2077 428 2144 (1.
447 2077 508 2132 Gor.
530 2079 582 2148 15.)

157 2205 207 2258 48.
226 2205 408 2257 Meditatic:
433 2204 476 2258 De
494 2204 646 2258 Nativitute
663 2203 701 2258 D.
720 2203 758 2258 N.
777 2203 805 2258 J.
826 2202 874 2257 Cb.

150 2293 174 2347 Ι.
200 2292 321 2346 Factum
339 2297 377 2346 cst
395 2298 497 2360 uotam,
521 2309 581 2348 eum
599 2298 684 2346 essent
701 2293 754 2359 tbi,
779 2291 918 2359 impletum

116 2369 155 2418 ert
170 2369 291 2432 wmpus,
316 2369 348 2417 ut
361 2371 479 2431 pareret.
499 2364 573 2434 (Luc.
594 2365 628 2432 2.)
665 2364 739 2418 Ubi?
768 2362 917 2417 Considera

115 2435 247 2489 vilitatem
265 2436 326 2502 loci,
343 2442 531 2502 tempestatem
545 2434 725 2503 perfrigidem‚
743 2439 849 2501 tempus
867 2448 915 2486 no·

116 2507 174 2574 ads,
192 2506 294 2560 circum
310 2505 428 2573 undique
445 2507 580 2562 miseriam
593 2514 622 2560 et
634 2511 829 2575 paupertatem
857 2504 913 2572 Vis,

115 2579 191 2632 utin
209 2585 237 2630 te
256 2584 383 2631 nascatur
401 2578 541 2633 Christus?
567 2584 625 2632 esto
649 2577 699 2631 tibi
715 2576 794 2643 vilis3
821 2575 915 2643 friges-

116 2657 178 2703 cant
195 2654 260 2701 tuae
273 2649 422 2717 passiones,
440 2665 501 2703 ame
512 2649 605 2717 latere,
624 2655 682 2703 esto
703 2661 807 2716 pauper
824 2652 852 2700 et
865 2647 916 2698 hu-

116 2719 202 2844 ulum
226 2725 299 2774 amat
324 2727 352 2773 et
375 2719 403 2774 in
428 2728 455 2775 te
473 2721 558 2775 Filius
574 2719 627 2774 Dei
647 2734 694 2787 ee,
723 2732 792 2784 quae
815 2733 865 2785 pro
884 2730 914 2770 ae

118 2791 208 2859 eegit
865 2795 867 2800 “

152 2861 187 2915 IL
214 2861 256 2915 Et
266 2863 373 2930 peperit
387 2861 492 2916 attium
505 2859 811 2930 auampamopeuitam·
831 2853 917 2923 (1le)
